2017.03.09 14:00:00.089,1.13207,1.13217,1.85,1.19
2017.03.09 14:00:00.140,1.13204,1.13217,2.79,1.00
2017.03.09 14:00:00.242,1.13208,1.13221,1.10,3.19
2017.03.09 14:00:00.463,1.13208,1.13221,2.60,1.62
2017.03.09 14:00:00.515,1.13211,1.13223,1.48,1.25
2017.03.09 14:00:00.567,1.13211,1.13221,1.48,1.00
2017.03.09 14:00:00.720,1.13211,1.13225,1.12,1.56
2017.03.09 14:00:00.822,1.1321,1.13224,1.50,1.31
2017.03.09 14:00:00.975,1.1321,1.13224,1.12,1.19
2017.03.09 14:00:01.027,1.13212,1.13224,1.12,1.19
2017.03.09 14:00:01.336,1.13215,1.13226,1.00,1.19
2017.03.09 14:00:01.981,1.13215,1.13231,1.00,3.19
2017.03.09 14:00:02.174,1.13215,1.13227,1.00,1.00
2017.03.09 14:00:02.682,1.13213,1.13228,2.79,1.50
2017.03.09 14:00:02.990,1.13213,1.13226,2.04,1.00
2017.03.09 14:00:03.341,1.13217,1.13228,1.00,1.12
2017.03.09 14:00:03.848,1.13217,1.13227,1.00,1.00
2017.03.09 14:00:04.001,1.13214,1.13226,1.48,1.00
2017.03.09 14:00:04.153,1.13214,1.13223,1.10,1.00
2017.03.09 14:00:04.204,1.13214,1.13226,1.10,1.19
2017.03.09 14:00:04.255,1.13212,1.13225,3.16,1.12
2017.03.09 14:00:04.597,1.13212,1.13223,1.00,1.00
2017.03.09 14:00:04.648,1.13212,1.13225,1.37,1.00
2017.03.09 14:00:04.699,1.13211,1.13223,1.50,1.25
2017.03.09 14:00:04.751,1.13211,1.13225,2.25,1.00
2017.03.09 14:00:04.802,1.13211,1.13221,1.50,1.00
2017.03.09 14:00:04.853,1.13211,1.13221,1.50,1.12
2017.03.09 14:00:04.956,1.13212,1.13223,1.00,1.00
2017.03.09 14:00:05.456,1.13212,1.13227,1.85,2.44
2017.03.09 14:00:06.014,1.13213,1.13227,1.00,2.06
2017.03.09 14:00:06.167,1.13217,1.13227,1.00,2.06
2017.03.09 14:00:06.336,1.13218,1.13231,1.37,2.06
2017.03.09 14:00:06.640,1.13217,1.13231,2.60,2.06
2017.03.09 14:00:06.691,1.13217,1.13233,1.85,2.44
2017.03.09 14:00:06.792,1.1322,1.13233,1.00,2.81
2017.03.09 14:00:06.843,1.1322,1.13233,1.00,1.00
2017.03.09 14:00:07.019,1.13218,1.13233,2.81,1.00
2017.03.09 14:00:07.070,1.13217,1.13233,2.25,1.31
2017.03.09 14:00:07.863,1.13217,1.13233,2.25,4.69
2017.03.09 14:00:08.227,1.13216,1.13232,2.25,1.56
2017.03.09 14:00:08.278,1.13216,1.13231,1.50,1.31
2017.03.09 14:00:08.380,1.13217,1.13231,1.00,1.25
2017.03.09 14:00:08.532,1.13216,1.13231,1.48,1.31
2017.03.09 14:00:08.836,1.13218,1.13232,1.50,1.31
2017.03.09 14:00:09.039,1.13218,1.13232,1.81,1.19
2017.03.09 14:00:09.091,1.1322,1.13232,1.00,1.19
2017.03.09 14:00:09.142,1.1322,1.13234,1.37,1.69
2017.03.09 14:00:09.380,1.13221,1.13233,1.50,1.19
2017.03.09 14:00:09.739,1.13222,1.13236,1.43,1.56
2017.03.09 14:00:09.840,1.13226,1.13237,1.00,1.69
2017.03.09 14:00:10.043,1.13227,1.13242,2.62,2.81
2017.03.09 14:00:10.574,1.13229,1.13242,1.00,1.87
2017.03.09 14:00:10.979,1.13227,1.13243,1.69,3.19
2017.03.09 14:00:11.131,1.13227,1.13242,4.12,1.69
2017.03.09 14:00:11.557,1.13226,1.13241,1.87,2.44
2017.03.09 14:00:11.659,1.13224,1.13238,1.69,1.00
2017.03.09 14:00:11.761,1.13223,1.13237,1.50,1.94
2017.03.09 14:00:12.066,1.13223,1.13239,1.87,1.56
2017.03.09 14:00:12.397,1.13227,1.13243,2.06,2.06
2017.03.09 14:00:12.448,1.13228,1.13242,1.81,1.19
2017.03.09 14:00:12.659,1.13223,1.13239,3.49,1.37
2017.03.09 14:00:12.912,1.13223,1.13239,2.56,2.44
2017.03.09 14:00:13.424,1.13222,1.13237,2.44,1.69
2017.03.09 14:00:13.864,1.13222,1.13235,2.51,1.12
2017.03.09 14:00:13.966,1.13226,1.13238,1.00,3.19
2017.03.09 14:00:14.531,1.13222,1.13236,4.01,1.69
2017.03.09 14:00:14.582,1.13222,1.13233,1.00,1.69
2017.03.09 14:00:14.633,1.13221,1.13233,1.00,1.00
2017.03.09 14:00:15.039,1.13221,1.13233,1.00,1.31
2017.03.09 14:00:15.090,1.13222,1.13234,1.00,1.62
2017.03.09 14:00:15.597,1.13222,1.13236,1.00,2.81
2017.03.09 14:00:15.699,1.13221,1.13234,1.12,1.31
2017.03.09 14:00:16.004,1.13223,1.13236,2.14,1.19
2017.03.09 14:00:16.106,1.13222,1.13239,2.06,3.19
2017.03.09 14:00:16.480,1.13221,1.13237,1.50,2.81
2017.03.09 14:00:16.686,1.13217,1.13232,1.00,2.44
2017.03.09 14:00:17.195,1.13215,1.1323,2.14,1.25
2017.03.09 14:00:18.226,1.13215,1.13232,3.45,1.69
2017.03.09 14:00:18.378,1.13217,1.13232,3.83,1.00
2017.03.09 14:00:18.787,1.13215,1.13231,2.33,1.50
2017.03.09 14:00:19.112,1.13216,1.13231,2.99,1.50
2017.03.09 14:00:19.417,1.13214,1.13229,3.74,3.37
2017.03.09 14:00:19.931,1.13212,1.13227,2.43,1.25
2017.03.09 14:00:19.982,1.13211,1.13226,1.25,1.75
2017.03.09 14:00:20.489,1.1321,1.13226,2.61,1.50
2017.03.09 14:00:20.844,1.13212,1.13226,1.31,1.50
2017.03.09 14:00:21.147,1.13214,1.13227,1.31,1.00
2017.03.09 14:00:21.451,1.13212,1.13225,3.19,1.00
2017.03.09 14:00:21.756,1.13207,1.13223,1.69,1.31
2017.03.09 14:00:21.807,1.13207,1.13223,1.69,2.00
2017.03.09 14:00:22.321,1.13207,1.13223,1.25,2.00
2017.03.09 14:00:22.474,1.1321,1.13223,1.00,2.00
2017.03.09 14:00:22.778,1.13212,1.13227,1.19,4.50
2017.03.09 14:00:23.329,1.13211,1.13226,1.00,4.54
2017.03.09 14:00:23.494,1.13209,1.13225,1.69,6.75
2017.03.09 14:00:24.186,1.13207,1.13222,1.31,1.87
2017.03.09 14:00:24.490,1.13207,1.13221,1.19,1.87
2017.03.09 14:00:24.705,1.13205,1.13221,1.31,1.87
2017.03.09 14:00:25.216,1.13205,1.13222,2.06,4.31
2017.03.09 14:00:25.318,1.13205,1.13221,1.31,1.75
2017.03.09 14:00:25.767,1.13203,1.13218,1.94,1.12
2017.03.09 14:00:25.919,1.13204,1.13218,1.19,1.75
2017.03.09 14:00:26.173,1.13208,1.1322,1.43,1.12
2017.03.09 14:00:26.325,1.13208,1.13222,2.37,1.00
2017.03.09 14:00:26.800,1.1321,1.13223,2.37,1.12
2017.03.09 14:00:27.056,1.13213,1.13227,1.48,1.25
2017.03.09 14:00:27.562,1.13213,1.13227,2.04,1.00
2017.03.09 14:00:27.664,1.13216,1.13227,1.10,1.00
2017.03.09 14:00:28.202,1.13215,1.13227,1.10,1.00
2017.03.09 14:00:28.708,1.13215,1.13226,1.10,1.00
2017.03.09 14:00:29.013,1.13213,1.13224,1.48,1.00
2017.03.09 14:00:29.367,1.13216,1.13226,1.10,1.12
2017.03.09 14:00:29.935,1.13213,1.13227,2.79,1.50
2017.03.09 14:00:30.492,1.13213,1.13225,1.66,1.00
2017.03.09 14:00:30.927,1.13212,1.13225,1.66,1.00
2017.03.09 14:00:31.231,1.13211,1.13221,1.48,1.25
2017.03.09 14:00:31.577,1.13211,1.13219,1.10,1.00
2017.03.09 14:00:31.730,1.13206,1.13219,1.25,1.00
2017.03.09 14:00:31.985,1.13202,1.13218,2.98,1.31
2017.03.09 14:00:32.036,1.13202,1.13217,2.79,1.37
2017.03.09 14:00:32.238,1.13205,1.1322,1.31,1.37
2017.03.09 14:00:32.391,1.13208,1.1322,1.19,1.37
2017.03.09 14:00:32.442,1.13206,1.1322,2.04,1.00
2017.03.09 14:00:32.656,1.13204,1.13217,2.04,1.00
2017.03.09 14:00:32.708,1.13204,1.1322,2.04,2.06
2017.03.09 14:00:33.215,1.13204,1.13218,1.31,1.87
2017.03.09 14:00:33.757,1.13206,1.13218,1.19,1.50
2017.03.09 14:00:33.859,1.13205,1.1322,1.25,2.44
2017.03.09 14:00:33.962,1.13204,1.13219,1.56,3.94
2017.03.09 14:00:34.115,1.13201,1.13217,1.31,2.06
2017.03.09 14:00:34.217,1.13203,1.13217,1.19,1.37
2017.03.09 14:00:34.619,1.13201,1.13215,1.31,1.12
2017.03.09 14:00:34.670,1.132,1.13213,1.56,1.00
2017.03.09 14:00:34.721,1.132,1.13215,1.69,1.12
2017.03.09 14:00:35.226,1.13199,1.13215,2.81,1.12
2017.03.09 14:00:35.774,1.13202,1.13217,1.69,1.50
2017.03.09 14:00:35.826,1.13202,1.13217,2.44,1.00
2017.03.09 14:00:36.028,1.13202,1.13215,1.69,1.00
2017.03.09 14:00:36.538,1.13201,1.13214,2.06,1.12
2017.03.09 14:00:36.946,1.13202,1.13218,2.81,1.50
2017.03.09 14:00:36.997,1.13206,1.13218,1.19,1.12
2017.03.09 14:00:37.968,1.13206,1.13219,2.06,1.12
2017.03.09 14:00:38.424,1.13205,1.13217,1.69,1.12
2017.03.09 14:00:39.339,1.13202,1.13217,3.19,1.87
2017.03.09 14:00:39.543,1.13196,1.1321,1.31,1.12
2017.03.09 14:00:39.644,1.13195,1.13208,3.34,1.00
2017.03.09 14:00:39.848,1.13195,1.13208,1.31,1.00
2017.03.09 14:00:40.371,1.13194,1.13205,1.69,1.00
2017.03.09 14:00:42.161,1.13194,1.13204,1.19,1.00
2017.03.09 14:00:42.313,1.1319,1.13203,2.44,1.12
2017.03.09 14:00:42.415,1.1319,1.13198,1.37,1.00
2017.03.09 14:00:42.466,1.13189,1.13198,1.31,1.00
2017.03.09 14:00:42.972,1.13187,1.13199,1.19,1.12
2017.03.09 14:00:43.473,1.13185,1.13198,1.62,1.00
2017.03.09 14:00:43.575,1.13186,1.13198,1.31,1.00
2017.03.09 14:00:43.677,1.13186,1.132,1.56,1.00
2017.03.09 14:00:44.207,1.13186,1.13199,1.19,1.00
2017.03.09 14:00:44.657,1.13184,1.13198,2.06,1.00
2017.03.09 14:00:44.860,1.13184,1.13195,1.19,1.50
2017.03.09 14:00:44.912,1.13182,1.13195,2.06,1.00
2017.03.09 14:00:45.165,1.13183,1.13198,1.69,1.00
2017.03.09 14:00:45.267,1.13182,1.13196,1.56,1.37
2017.03.09 14:00:45.668,1.13184,1.13199,1.19,1.50
2017.03.09 14:00:46.209,1.13184,1.13198,1.69,1.37
2017.03.09 14:00:46.887,1.13186,1.13198,1.19,1.37
2017.03.09 14:00:47.089,1.13189,1.13202,1.19,1.37
2017.03.09 14:00:47.243,1.13187,1.13202,4.31,1.00
2017.03.09 14:00:47.345,1.13191,1.13204,1.19,1.87
2017.03.09 14:00:47.499,1.13191,1.13206,1.31,1.37
2017.03.09 14:00:47.651,1.13193,1.13208,1.31,1.12
2017.03.09 14:00:47.854,1.13193,1.13208,1.69,4.69
2017.03.09 14:00:48.237,1.13192,1.13208,1.56,1.50
2017.03.09 14:00:48.441,1.13197,1.13213,1.69,1.56
2017.03.09 14:00:48.967,1.13197,1.13213,4.31,1.00
2017.03.09 14:00:49.322,1.13197,1.1321,1.75,1.19
2017.03.09 14:00:49.528,1.13194,1.13209,1.69,2.44
2017.03.09 14:00:50.035,1.13194,1.13207,1.19,1.00
2017.03.09 14:00:50.905,1.13194,1.13209,1.19,2.06
2017.03.09 14:00:50.956,1.13193,1.13209,1.25,2.06
2017.03.09 14:00:51.463,1.13192,1.13209,1.31,2.81
2017.03.09 14:00:51.970,1.13193,1.13205,1.27,1.00
2017.03.09 14:00:52.021,1.13194,1.13205,1.69,1.00
2017.03.09 14:00:52.072,1.13195,1.1321,1.71,1.19
2017.03.09 14:00:52.524,1.13197,1.13209,1.19,1.00
2017.03.09 14:00:52.777,1.13199,1.13213,1.19,1.50
2017.03.09 14:00:53.799,1.13201,1.13216,1.25,2.44
2017.03.09 14:00:53.902,1.13202,1.13216,2.44,1.12
2017.03.09 14:00:54.232,1.13204,1.13218,1.19,2.25
2017.03.09 14:00:54.283,1.13202,1.13218,1.31,3.19
2017.03.09 14:00:55.500,1.13204,1.13218,1.00,1.94
2017.03.09 14:00:55.551,1.13206,1.13218,1.00,1.94
2017.03.09 14:00:55.704,1.13208,1.13222,1.00,1.94
2017.03.09 14:00:55.759,1.13206,1.13222,1.69,2.44
2017.03.09 14:00:55.810,1.13206,1.13222,1.69,2.06
2017.03.09 14:00:55.861,1.13208,1.13222,1.69,1.75
2017.03.09 14:00:56.115,1.1321,1.13223,1.31,2.25
2017.03.09 14:00:56.731,1.13209,1.13223,2.06,1.00
2017.03.09 14:00:57.245,1.13209,1.13226,2.06,3.75
2017.03.09 14:00:58.050,1.13208,1.13226,3.19,3.94
2017.03.09 14:00:58.305,1.13212,1.13228,1.25,3.94
2017.03.09 14:00:58.609,1.13217,1.1323,1.00,1.00
2017.03.09 14:00:58.956,1.13213,1.13227,1.69,1.50
2017.03.09 14:00:59.463,1.13212,1.13227,1.19,1.12
2017.03.09 14:00:59.870,1.13214,1.13228,1.09,2.81
2017.03.09 14:01:00.317,1.1321,1.13226,6.04,3.56
2017.03.09 14:01:00.419,1.1321,1.13223,1.16,1.50
2017.03.09 14:01:00.622,1.1321,1.13221,1.30,1.19
2017.03.09 14:01:00.725,1.13205,1.13219,4.54,1.25
2017.03.09 14:01:00.827,1.13204,1.13215,3.97,1.19
2017.03.09 14:01:00.879,1.13202,1.13216,1.37,1.19
2017.03.09 14:01:00.931,1.13204,1.13216,1.00,1.12
2017.03.09 14:01:01.079,1.13204,1.13218,1.79,1.87
2017.03.09 14:01:01.130,1.13204,1.13218,1.79,1.00
2017.03.09 14:01:01.540,1.13207,1.13222,2.66,2.62
2017.03.09 14:01:01.591,1.13208,1.13223,1.30,2.44
2017.03.09 14:01:01.744,1.1321,1.13223,1.00,1.69
2017.03.09 14:01:01.998,1.13211,1.13225,1.25,1.50
2017.03.09 14:01:02.166,1.13212,1.13225,1.35,1.00
2017.03.09 14:01:02.476,1.13217,1.13227,1.50,1.00
2017.03.09 14:01:02.679,1.13215,1.13228,1.00,1.50
2017.03.09 14:01:02.730,1.13215,1.13225,1.00,1.19
2017.03.09 14:01:02.933,1.13207,1.13221,1.30,1.94
2017.03.09 14:01:03.086,1.13208,1.13222,1.72,1.69
2017.03.09 14:01:03.360,1.1321,1.13224,1.60,2.44
2017.03.09 14:01:03.513,1.13211,1.13226,1.72,2.06
2017.03.09 14:01:03.767,1.13212,1.13227,1.60,1.69
2017.03.09 14:01:03.869,1.13214,1.1323,1.54,2.81
2017.03.09 14:01:03.920,1.13218,1.1323,1.00,1.94
2017.03.09 14:01:04.022,1.13216,1.13229,1.12,1.31
2017.03.09 14:01:04.398,1.13216,1.13227,1.12,1.19
2017.03.09 14:01:04.626,1.13211,1.13224,1.59,1.19
2017.03.09 14:01:05.008,1.13213,1.13224,1.00,1.19
2017.03.09 14:01:05.110,1.13213,1.13226,1.00,1.00
2017.03.09 14:01:05.213,1.13215,1.13226,1.00,1.12
2017.03.09 14:01:05.315,1.13213,1.13225,1.25,1.00
2017.03.09 14:01:05.518,1.1321,1.13224,1.59,1.56
2017.03.09 14:01:05.569,1.13211,1.13224,1.09,1.56
2017.03.09 14:01:05.805,1.1321,1.13223,1.00,2.06
2017.03.09 14:01:05.958,1.13207,1.13221,1.12,1.19
2017.03.09 14:01:06.263,1.13205,1.13218,1.59,1.19
2017.03.09 14:01:06.466,1.13206,1.1322,1.87,2.81
2017.03.09 14:01:06.619,1.13207,1.1322,1.50,1.19
2017.03.09 14:01:07.438,1.13208,1.13221,1.00,1.56
2017.03.09 14:01:07.742,1.1321,1.13222,1.46,1.19
2017.03.09 14:01:08.376,1.13209,1.13224,2.15,2.06
2017.03.09 14:01:08.427,1.13211,1.13224,1.37,1.19
2017.03.09 14:01:08.528,1.13209,1.13223,1.49,1.94
2017.03.09 14:01:08.934,1.13207,1.13219,3.09,1.19
2017.03.09 14:01:09.288,1.13211,1.13219,1.00,1.19
2017.03.09 14:01:09.422,1.1321,1.13223,1.12,2.06
2017.03.09 14:01:09.473,1.13215,1.13224,1.00,1.62
2017.03.09 14:01:09.524,1.13213,1.13224,1.00,1.00
2017.03.09 14:01:09.778,1.13214,1.13228,1.12,1.31
2017.03.09 14:01:10.044,1.13213,1.13226,1.59,1.19
2017.03.09 14:01:10.297,1.13215,1.13227,1.00,1.25
2017.03.09 14:01:10.528,1.13215,1.13231,1.78,2.06
2017.03.09 14:01:10.630,1.13219,1.13234,1.12,3.56
2017.03.09 14:01:10.934,1.13216,1.13231,1.03,1.19
2017.03.09 14:01:11.238,1.13221,1.13235,1.21,2.06
2017.03.09 14:01:11.745,1.13219,1.13235,1.28,3.56
2017.03.09 14:01:12.150,1.13222,1.13235,1.00,2.81
2017.03.09 14:01:12.252,1.13218,1.13232,1.12,1.31
2017.03.09 14:01:12.616,1.13215,1.13231,3.46,1.56
2017.03.09 14:01:12.667,1.13213,1.13229,1.03,1.31
2017.03.09 14:01:12.854,1.13216,1.13231,1.21,1.94
2017.03.09 14:01:13.971,1.13216,1.13231,2.71,2.06
2017.03.09 14:01:14.123,1.13217,1.13232,1.78,2.06
2017.03.09 14:01:14.291,1.13219,1.13232,1.09,1.31
2017.03.09 14:01:14.600,1.13219,1.13232,1.84,1.19
2017.03.09 14:01:14.651,1.13219,1.13232,1.59,1.19
2017.03.09 14:01:16.150,1.1322,1.13232,1.37,1.19
2017.03.09 14:01:16.752,1.13218,1.13232,5.76,1.19
2017.03.09 14:01:17.258,1.13218,1.13232,5.01,1.19
2017.03.09 14:01:17.982,1.1322,1.13234,1.12,2.25
2017.03.09 14:01:18.188,1.13223,1.13237,1.12,2.44
2017.03.09 14:01:18.239,1.13223,1.13237,1.12,1.62
2017.03.09 14:01:18.290,1.13221,1.13234,3.51,1.19
2017.03.09 14:01:18.493,1.13218,1.13232,1.75,1.19
2017.03.09 14:01:18.595,1.13216,1.13231,5.57,1.19
2017.03.09 14:01:19.097,1.13218,1.13232,1.50,2.44
2017.03.09 14:01:20.593,1.13215,1.13231,5.94,1.31
2017.03.09 14:01:20.745,1.13218,1.13232,1.50,1.00
2017.03.09 14:01:20.796,1.13218,1.13232,2.44,1.00
2017.03.09 14:01:20.949,1.13217,1.13233,2.06,2.06
2017.03.09 14:01:21.202,1.13216,1.13231,3.13,1.31
2017.03.09 14:01:21.304,1.13215,1.1323,1.00,2.44
2017.03.09 14:01:21.460,1.13213,1.13227,1.56,1.50
2017.03.09 14:01:21.562,1.13217,1.13232,6.32,1.50
2017.03.09 14:01:21.664,1.1322,1.13234,1.37,2.81
2017.03.09 14:01:21.817,1.13222,1.13235,1.87,1.25
2017.03.09 14:01:21.868,1.13222,1.13235,4.26,1.19
2017.03.09 14:01:22.123,1.13224,1.13239,1.00,2.81
2017.03.09 14:01:22.326,1.13222,1.13237,4.26,1.19
2017.03.09 14:01:22.575,1.13219,1.13234,1.87,1.69
2017.03.09 14:01:23.405,1.13222,1.13234,1.00,1.00
2017.03.09 14:01:23.908,1.13219,1.13235,5.94,1.25
2017.03.09 14:01:25.083,1.13219,1.13235,1.75,3.19
2017.03.09 14:01:25.236,1.13219,1.13234,1.00,1.69
2017.03.09 14:01:25.388,1.1322,1.13236,1.19,3.19
2017.03.09 14:01:25.692,1.13222,1.13237,1.56,2.25
2017.03.09 14:01:26.046,1.13222,1.13236,1.00,1.19
2017.03.09 14:01:26.576,1.13222,1.13234,1.00,1.25
2017.03.09 14:01:27.482,1.13219,1.13234,2.76,1.62
2017.03.09 14:01:27.951,1.13219,1.13233,3.69,1.12
2017.03.09 14:01:28.252,1.13219,1.13235,5.94,1.31
2017.03.09 14:01:28.404,1.13219,1.13234,2.44,1.37
2017.03.09 14:01:28.455,1.13218,1.13234,5.19,2.44
2017.03.09 14:01:28.506,1.13218,1.13232,3.13,2.44
2017.03.09 14:01:28.760,1.13219,1.13232,1.69,1.00
2017.03.09 14:01:28.812,1.13221,1.13234,1.00,1.56
2017.03.09 14:01:28.863,1.13222,1.13235,1.00,1.00
2017.03.09 14:01:29.015,1.13222,1.13237,1.00,1.69
2017.03.09 14:01:29.066,1.13222,1.13237,1.42,1.31
2017.03.09 14:01:29.407,1.13223,1.13238,4.54,2.06
2017.03.09 14:01:30.115,1.13223,1.13233,3.42,1.00
2017.03.09 14:01:30.166,1.13222,1.13233,1.17,1.00
2017.03.09 14:01:30.269,1.13221,1.13234,1.06,1.69
2017.03.09 14:01:30.487,1.13218,1.13232,3.79,1.19
2017.03.09 14:01:30.588,1.13217,1.13232,1.36,2.06
2017.03.09 14:01:30.791,1.13216,1.13232,4.36,1.69
2017.03.09 14:01:31.096,1.13217,1.13231,1.42,1.19
2017.03.09 14:01:31.147,1.13217,1.13231,1.06,1.31
2017.03.09 14:01:31.198,1.13219,1.13232,1.00,1.56
2017.03.09 14:01:31.857,1.13219,1.13233,1.04,2.06
2017.03.09 14:01:32.379,1.13218,1.13233,1.50,2.81
2017.03.09 14:01:33.313,1.1322,1.13233,1.62,1.75
2017.03.09 14:01:33.567,1.13216,1.13232,2.06,2.81
2017.03.09 14:01:34.268,1.13216,1.1323,1.31,1.00
2017.03.09 14:01:34.585,1.13221,1.13232,1.00,1.87
2017.03.09 14:01:34.844,1.13222,1.13237,1.12,1.69
2017.03.09 14:01:34.896,1.13221,1.13237,2.44,1.94
2017.03.09 14:01:35.251,1.1322,1.13233,1.00,1.69
2017.03.09 14:01:35.808,1.1322,1.13234,1.25,1.00
2017.03.09 14:01:35.859,1.13223,1.13234,1.00,1.00
2017.03.09 14:01:35.961,1.13224,1.13238,1.00,1.69
2017.03.09 14:01:36.130,1.13225,1.13238,1.87,1.56
2017.03.09 14:01:36.383,1.13223,1.13239,1.25,3.19
2017.03.09 14:01:36.637,1.13224,1.13238,1.37,2.06
2017.03.09 14:01:36.738,1.13224,1.13238,1.00,2.06
2017.03.09 14:01:36.840,1.13222,1.13238,5.43,2.81
2017.03.09 14:01:37.293,1.13219,1.13234,1.75,1.19
2017.03.09 14:01:37.490,1.13217,1.13233,2.00,2.44
2017.03.09 14:01:37.541,1.13217,1.13232,2.44,1.75
2017.03.09 14:01:38.042,1.13217,1.13234,3.94,2.06
2017.03.09 14:01:38.550,1.13218,1.13233,1.12,1.69
2017.03.09 14:01:38.753,1.13219,1.13233,1.19,1.87
2017.03.09 14:01:38.981,1.1322,1.13237,2.06,1.62
2017.03.09 14:01:39.051,1.13221,1.13237,2.81,1.25
2017.03.09 14:01:39.255,1.1322,1.13237,1.69,1.31
2017.03.09 14:01:39.457,1.13219,1.13236,2.00,2.44
2017.03.09 14:01:39.559,1.13221,1.13236,1.19,1.69
2017.03.09 14:01:39.661,1.13225,1.13238,2.43,1.69
2017.03.09 14:01:39.965,1.13228,1.13241,1.50,1.69
2017.03.09 14:01:40.154,1.13225,1.13236,1.69,1.00
2017.03.09 14:01:40.711,1.13223,1.13236,1.69,1.00
2017.03.09 14:01:40.939,1.13225,1.13239,1.69,1.25
2017.03.09 14:01:41.041,1.13225,1.1324,1.69,1.56
2017.03.09 14:01:41.345,1.13227,1.13238,1.37,1.50
2017.03.09 14:01:41.655,1.13223,1.13235,5.57,1.00
2017.03.09 14:01:42.134,1.13222,1.13234,1.00,1.00
2017.03.09 14:01:42.711,1.13222,1.13233,1.12,1.50
2017.03.09 14:01:43.256,1.13222,1.13233,1.37,1.00
2017.03.09 14:01:43.758,1.13222,1.13233,1.12,1.00
2017.03.09 14:01:44.283,1.13219,1.13232,1.37,1.00
2017.03.09 14:01:44.738,1.13222,1.13232,1.37,1.00
2017.03.09 14:01:45.309,1.1322,1.13235,3.19,1.19
2017.03.09 14:01:45.563,1.13219,1.13234,1.37,1.94
2017.03.09 14:01:45.869,1.13222,1.13235,5.19,1.00
2017.03.09 14:01:45.920,1.13222,1.13238,5.19,1.31
2017.03.09 14:01:46.024,1.13222,1.13239,5.57,2.06
2017.03.09 14:01:46.328,1.13223,1.13239,1.00,1.31
2017.03.09 14:01:46.468,1.13223,1.13235,1.50,1.19
2017.03.09 14:01:46.774,1.13215,1.13228,3.37,1.31
2017.03.09 14:01:46.978,1.13213,1.13227,1.31,1.75
2017.03.09 14:01:47.331,1.13213,1.13227,1.37,3.94
2017.03.09 14:01:47.534,1.13211,1.13226,1.00,1.94
2017.03.09 14:01:47.838,1.13211,1.13227,2.25,1.94
2017.03.09 14:01:48.346,1.13211,1.13226,2.81,1.50
2017.03.09 14:01:48.397,1.13215,1.13226,1.25,1.50
2017.03.09 14:01:48.550,1.13215,1.13227,1.62,1.00
2017.03.09 14:01:48.723,1.13219,1.1323,1.00,2.06
2017.03.09 14:01:48.774,1.13219,1.1323,1.12,1.12
2017.03.09 14:01:48.926,1.13219,1.13234,1.87,5.44
2017.03.09 14:01:49.331,1.13219,1.13231,1.12,1.00
2017.03.09 14:01:49.383,1.13217,1.13228,1.12,1.69
2017.03.09 14:01:49.486,1.13213,1.13227,1.12,2.44
2017.03.09 14:01:49.537,1.13211,1.13222,1.56,1.00
2017.03.09 14:01:49.588,1.13211,1.13222,1.31,1.00
2017.03.09 14:01:50.260,1.13213,1.13222,1.19,1.00
2017.03.09 14:01:50.362,1.13216,1.13225,1.25,1.00
2017.03.09 14:01:50.463,1.13215,1.13227,1.31,1.12
2017.03.09 14:01:50.819,1.13214,1.13227,1.75,1.75
2017.03.09 14:01:50.973,1.13214,1.13226,1.00,1.37
2017.03.09 14:01:51.476,1.13217,1.13229,1.00,1.37
2017.03.09 14:01:51.628,1.13218,1.13231,1.31,1.00
2017.03.09 14:01:51.680,1.13222,1.13232,1.00,1.69
2017.03.09 14:01:51.782,1.13223,1.13233,1.00,1.56
2017.03.09 14:01:51.833,1.13222,1.13236,3.93,2.06
2017.03.09 14:01:51.885,1.13222,1.13236,5.05,1.69
2017.03.09 14:01:51.937,1.13222,1.13236,4.30,1.69
2017.03.09 14:01:52.443,1.13222,1.13236,2.43,1.19
2017.03.09 14:01:52.974,1.13221,1.13235,2.81,1.00
2017.03.09 14:01:53.075,1.13226,1.13236,1.00,1.00
2017.03.09 14:01:53.127,1.13227,1.13239,1.25,1.37
2017.03.09 14:01:53.432,1.13226,1.1324,1.75,1.94
2017.03.09 14:01:54.046,1.13227,1.13241,1.25,1.87
2017.03.09 14:01:54.099,1.13229,1.13241,1.00,1.12
2017.03.09 14:01:54.150,1.13227,1.13241,2.81,1.12
2017.03.09 14:01:54.201,1.13227,1.13241,3.94,1.12
2017.03.09 14:01:54.505,1.13228,1.13239,1.37,1.00
2017.03.09 14:01:54.556,1.13229,1.13241,2.81,1.50
2017.03.09 14:01:54.607,1.13232,1.13241,1.00,1.00
2017.03.09 14:01:54.911,1.13233,1.13243,3.37,1.00
2017.03.09 14:01:55.012,1.13233,1.13242,1.00,1.00
2017.03.09 14:01:55.523,1.13232,1.13242,2.06,1.00
2017.03.09 14:01:56.063,1.13231,1.1324,1.37,1.00
2017.03.09 14:01:56.115,1.13229,1.13239,1.50,1.00
2017.03.09 14:01:56.216,1.13229,1.13239,1.00,1.00
2017.03.09 14:01:56.722,1.13232,1.13243,1.37,1.12
2017.03.09 14:01:58.026,1.13233,1.13243,1.50,1.00
2017.03.09 14:01:58.529,1.13232,1.13242,1.69,1.00
2017.03.09 14:01:59.506,1.1323,1.1324,2.53,1.00
2017.03.09 14:01:59.608,1.13229,1.1324,1.56,1.00
2017.03.09 14:02:00.117,1.13232,1.1324,1.12,1.00
2017.03.09 14:02:01.040,1.13232,1.13241,1.12,1.00
2017.03.09 14:02:01.254,1.1323,1.13236,1.12,1.00
2017.03.09 14:02:01.407,1.13224,1.13233,2.90,1.00
2017.03.09 14:02:01.509,1.13224,1.13234,1.40,1.00
2017.03.09 14:02:01.561,1.13223,1.13231,1.03,1.00
2017.03.09 14:02:01.866,1.13223,1.13233,1.19,1.00
2017.03.09 14:02:02.075,1.13223,1.13229,1.00,1.00
2017.03.09 14:02:02.329,1.13221,1.13232,2.15,1.00
2017.03.09 14:02:02.431,1.13223,1.13233,1.09,1.00
2017.03.09 14:02:02.679,1.13225,1.13235,1.12,1.00
2017.03.09 14:02:02.730,1.13225,1.13237,1.12,1.00
2017.03.09 14:02:02.933,1.13224,1.13235,2.15,1.00
2017.03.09 14:02:03.238,1.13225,1.13233,1.50,1.00
2017.03.09 14:02:03.635,1.13223,1.13233,1.25,1.00
2017.03.09 14:02:03.687,1.13223,1.13231,1.00,1.00
2017.03.09 14:02:03.739,1.13223,1.13233,1.00,1.00
2017.03.09 14:02:04.146,1.13222,1.13231,1.12,1.00
2017.03.09 14:02:05.451,1.13221,1.13232,1.21,1.00
2017.03.09 14:02:05.939,1.13224,1.13233,1.21,1.00
2017.03.09 14:02:06.522,1.13223,1.13233,2.34,1.00
2017.03.09 14:02:06.754,1.13224,1.13235,4.78,1.00
2017.03.09 14:02:06.957,1.13226,1.13235,3.28,1.00
2017.03.09 14:02:07.261,1.13221,1.1323,4.40,1.00
2017.03.09 14:02:07.819,1.13222,1.1323,1.19,1.00
2017.03.09 14:02:08.301,1.13221,1.1323,1.00,1.00
2017.03.09 14:02:08.403,1.1322,1.13228,2.06,1.00
2017.03.09 14:02:08.959,1.13217,1.13225,1.12,1.00
2017.03.09 14:02:09.510,1.13216,1.13224,1.00,1.00
2017.03.09 14:02:09.763,1.13214,1.13223,1.12,1.00
2017.03.09 14:02:09.865,1.13211,1.13224,2.44,1.00
2017.03.09 14:02:09.915,1.13211,1.13222,2.44,1.00
2017.03.09 14:02:10.543,1.13212,1.1322,1.12,1.00
2017.03.09 14:02:10.645,1.13214,1.13223,1.00,1.00
2017.03.09 14:02:10.846,1.1321,1.13217,1.00,1.00
2017.03.09 14:02:10.948,1.13206,1.13216,2.06,1.00
2017.03.09 14:02:11.101,1.13207,1.13218,1.31,1.00
2017.03.09 14:02:11.152,1.13207,1.13216,1.31,1.00
2017.03.09 14:02:11.458,1.13206,1.13212,1.37,1.00
2017.03.09 14:02:11.562,1.13206,1.13214,1.00,1.00
2017.03.09 14:02:11.613,1.13206,1.13216,1.00,1.00
2017.03.09 14:02:12.116,1.13206,1.13217,1.69,1.00
2017.03.09 14:02:12.622,1.13207,1.13218,1.69,1.00
2017.03.09 14:02:13.187,1.13207,1.13219,2.44,1.00
2017.03.09 14:02:13.343,1.13209,1.13222,1.37,1.00
2017.03.09 14:02:13.658,1.13209,1.1322,2.25,1.00
2017.03.09 14:02:14.023,1.13209,1.13218,1.37,1.00
2017.03.09 14:02:14.125,1.13211,1.13222,1.50,1.00
2017.03.09 14:02:14.660,1.1321,1.13222,2.62,1.00
2017.03.09 14:02:14.853,1.1321,1.1322,1.00,1.00
2017.03.09 14:02:15.160,1.13206,1.13216,2.44,1.00
2017.03.09 14:02:15.465,1.13207,1.13218,1.19,1.00
2017.03.09 14:02:15.568,1.1321,1.13221,1.00,1.00
2017.03.09 14:02:15.721,1.13208,1.13219,1.50,1.00
2017.03.09 14:02:15.874,1.13209,1.13221,1.25,1.00
2017.03.09 14:02:16.059,1.13214,1.13223,1.00,1.25
2017.03.09 14:02:16.392,1.13209,1.13217,1.00,1.00
2017.03.09 14:02:16.443,1.13208,1.13219,1.50,1.00
2017.03.09 14:02:16.646,1.13208,1.13221,2.25,1.00
2017.03.09 14:02:16.798,1.13209,1.13218,1.00,1.00
2017.03.09 14:02:17.131,1.1321,1.13219,1.69,1.00
2017.03.09 14:02:17.334,1.1321,1.13221,1.69,1.00
2017.03.09 14:02:18.529,1.1321,1.1322,2.44,1.00
2017.03.09 14:02:18.783,1.13209,1.13218,1.87,1.00
2017.03.09 14:02:19.087,1.13211,1.13221,1.00,1.00
2017.03.09 14:02:19.801,1.1321,1.13221,1.00,1.00
2017.03.09 14:02:20.072,1.1321,1.13219,1.00,1.00
2017.03.09 14:02:20.668,1.13211,1.13219,1.00,1.00
2017.03.09 14:02:21.419,1.13211,1.13218,1.00,1.00
2017.03.09 14:02:21.700,1.13209,1.13217,1.00,1.00
2017.03.09 14:02:22.502,1.13207,1.13216,1.50,1.00
2017.03.09 14:02:22.959,1.13208,1.13214,1.00,1.00
2017.03.09 14:02:23.512,1.13205,1.13214,1.04,1.00
2017.03.09 14:02:23.714,1.13207,1.13216,1.00,1.00
2017.03.09 14:02:24.171,1.13204,1.13213,2.44,1.00
2017.03.09 14:02:24.395,1.13203,1.13211,2.06,1.00
2017.03.09 14:02:24.968,1.13203,1.13212,2.06,1.00
2017.03.09 14:02:25.331,1.13205,1.13213,2.81,1.00
2017.03.09 14:02:25.433,1.13205,1.13215,3.19,1.00
2017.03.09 14:02:25.587,1.13205,1.13213,2.06,1.00
2017.03.09 14:02:25.690,1.13205,1.13213,1.31,1.00
2017.03.09 14:02:26.289,1.13205,1.13214,1.25,1.00
2017.03.09 14:02:27.033,1.13202,1.13213,2.44,1.00
2017.03.09 14:02:27.166,1.13202,1.1321,1.94,1.00
2017.03.09 14:02:27.218,1.13202,1.13213,2.44,1.00
2017.03.09 14:02:27.876,1.13202,1.13214,2.44,1.00
2017.03.09 14:02:28.439,1.13204,1.13214,1.12,1.00
2017.03.09 14:02:28.496,1.13207,1.13215,1.25,1.00
2017.03.09 14:02:29.054,1.13206,1.13213,1.69,1.00
2017.03.09 14:02:29.155,1.13206,1.13215,2.06,1.00
2017.03.09 14:02:29.358,1.13207,1.13217,1.56,1.00
2017.03.09 14:02:29.705,1.13208,1.13215,1.31,1.00
2017.03.09 14:02:29.807,1.13208,1.13217,1.00,1.00
2017.03.09 14:02:29.909,1.13206,1.13215,2.06,1.00
2017.03.09 14:02:30.316,1.13207,1.13212,1.00,1.00
2017.03.09 14:02:30.575,1.13202,1.1321,1.00,1.00
2017.03.09 14:02:30.626,1.13203,1.1321,1.19,1.00
2017.03.09 14:02:30.677,1.13203,1.13212,1.19,1.00
2017.03.09 14:02:30.829,1.13203,1.13215,2.81,1.00
2017.03.09 14:02:31.351,1.13203,1.13214,1.69,1.00
2017.03.09 14:02:31.503,1.13203,1.13214,1.00,1.00
2017.03.09 14:02:31.995,1.13202,1.13211,1.25,1.00
2017.03.09 14:02:32.046,1.13202,1.13213,1.25,1.00
2017.03.09 14:02:32.249,1.13202,1.1321,1.50,1.00
2017.03.09 14:02:32.402,1.13203,1.13213,1.25,1.00
2017.03.09 14:02:32.454,1.13204,1.13211,1.00,1.00
2017.03.09 14:02:32.505,1.13204,1.13216,1.56,1.50
2017.03.09 14:02:32.556,1.13204,1.13213,1.37,1.00
2017.03.09 14:02:33.109,1.13203,1.1321,1.31,1.00
2017.03.09 14:02:33.416,1.13193,1.13203,1.87,1.00
2017.03.09 14:02:33.569,1.13192,1.13204,4.04,1.00
2017.03.09 14:02:34.114,1.13193,1.13203,1.31,1.00
2017.03.09 14:02:34.418,1.13198,1.13208,1.31,1.00
2017.03.09 14:02:34.722,1.13197,1.13206,1.52,1.00
2017.03.09 14:02:35.247,1.13197,1.13206,1.50,1.00
2017.03.09 14:02:35.298,1.13199,1.13211,1.31,1.00
2017.03.09 14:02:35.804,1.132,1.1321,1.25,1.00
2017.03.09 14:02:36.007,1.13202,1.1321,1.37,1.00
2017.03.09 14:02:36.427,1.13202,1.13212,1.56,1.00
2017.03.09 14:02:36.934,1.13204,1.13213,1.25,1.00
2017.03.09 14:02:36.985,1.13205,1.13213,2.06,1.00
2017.03.09 14:02:37.391,1.13205,1.13215,2.44,1.00
2017.03.09 14:02:38.030,1.13205,1.13214,2.44,1.00
2017.03.09 14:02:38.951,1.13205,1.13213,2.44,1.00
2017.03.09 14:02:40.064,1.13205,1.13211,2.00,1.00
2017.03.09 14:02:40.318,1.13203,1.1321,1.00,1.00
2017.03.09 14:02:40.419,1.13203,1.1321,1.75,1.00
2017.03.09 14:02:40.646,1.13201,1.1321,2.44,1.00
2017.03.09 14:02:40.904,1.13201,1.13212,1.94,1.00
2017.03.09 14:02:40.955,1.13201,1.13209,1.94,1.00
2017.03.09 14:02:41.463,1.13201,1.1321,2.06,1.00
2017.03.09 14:02:42.099,1.13199,1.13209,3.19,1.00
2017.03.09 14:02:42.251,1.132,1.13209,1.00,1.00
2017.03.09 14:02:42.353,1.13201,1.1321,2.06,1.00
2017.03.09 14:02:42.856,1.13203,1.1321,1.00,1.00
2017.03.09 14:02:43.152,1.13199,1.13207,1.00,1.00
2017.03.09 14:02:43.659,1.13197,1.13206,2.06,1.00
2017.03.09 14:02:43.913,1.13197,1.13205,1.25,1.00
2017.03.09 14:02:44.434,1.13198,1.13205,1.00,1.00
2017.03.09 14:02:44.939,1.13198,1.13205,1.37,1.00
2017.03.09 14:02:45.660,1.13197,1.13204,2.00,1.00
2017.03.09 14:02:46.115,1.13198,1.13202,1.00,1.00
2017.03.09 14:02:46.166,1.13193,1.13201,1.94,1.00
2017.03.09 14:02:46.268,1.13193,1.13197,1.00,1.00
2017.03.09 14:02:46.369,1.13188,1.13195,2.02,1.00
2017.03.09 14:02:46.450,1.13187,1.13197,1.77,1.00
2017.03.09 14:02:46.501,1.13185,1.13196,3.94,1.00
2017.03.09 14:02:46.552,1.13187,1.13196,1.19,1.00
2017.03.09 14:02:47.060,1.13185,1.13196,2.06,1.00
2017.03.09 14:02:47.364,1.13186,1.13191,1.00,1.00
2017.03.09 14:02:47.467,1.13182,1.13191,1.31,1.00
2017.03.09 14:02:48.000,1.13184,1.13193,1.25,1.00
2017.03.09 14:02:48.105,1.13185,1.13195,1.00,1.00
2017.03.09 14:02:48.257,1.13184,1.13192,1.12,1.00
2017.03.09 14:02:48.460,1.13179,1.13192,3.19,1.00
2017.03.09 14:02:48.864,1.13181,1.1319,1.00,1.00
2017.03.09 14:02:49.073,1.13182,1.13192,1.12,1.00
2017.03.09 14:02:49.334,1.13184,1.13192,1.12,1.00
2017.03.09 14:02:49.637,1.1318,1.1319,1.69,1.00
2017.03.09 14:02:49.790,1.13182,1.13188,1.00,1.00
2017.03.09 14:02:50.295,1.13179,1.13188,2.06,1.00
2017.03.09 14:02:50.763,1.13177,1.13188,2.00,1.00
2017.03.09 14:02:50.865,1.13176,1.13189,3.56,1.00
2017.03.09 14:02:51.074,1.13178,1.1319,1.31,1.00
2017.03.09 14:02:51.125,1.13178,1.13189,1.31,1.00
2017.03.09 14:02:51.176,1.13178,1.13187,2.00,1.00
2017.03.09 14:02:51.277,1.13177,1.13188,2.06,1.00
2017.03.09 14:02:51.429,1.13178,1.13191,1.31,1.00
2017.03.09 14:02:51.480,1.13177,1.1319,2.81,1.00
2017.03.09 14:02:51.531,1.13177,1.13188,3.56,1.00
2017.03.09 14:02:51.703,1.13177,1.1319,1.19,1.12
2017.03.09 14:02:51.755,1.13179,1.1319,1.19,1.00
2017.03.09 14:02:52.262,1.13177,1.13189,1.94,1.00
2017.03.09 14:02:52.775,1.13179,1.13189,1.31,1.00
2017.03.09 14:02:53.979,1.13179,1.13188,1.87,1.00
2017.03.09 14:02:54.030,1.13179,1.1319,1.50,1.00
2017.03.09 14:02:54.536,1.13179,1.13191,1.12,1.00
2017.03.09 14:02:54.840,1.13179,1.13189,1.00,1.00
2017.03.09 14:02:55.167,1.1318,1.13192,3.19,1.00
2017.03.09 14:02:55.471,1.13182,1.13194,3.19,1.00
2017.03.09 14:02:55.573,1.13183,1.13195,1.94,1.00
2017.03.09 14:02:55.877,1.13175,1.13187,4.79,1.00
2017.03.09 14:02:56.428,1.13176,1.13186,1.56,1.00
2017.03.09 14:02:56.782,1.13174,1.13185,1.87,1.00
2017.03.09 14:02:57.290,1.13173,1.13184,2.06,1.00
2017.03.09 14:02:57.392,1.13172,1.1318,1.87,1.00
2017.03.09 14:02:57.708,1.13167,1.13174,1.24,1.00
2017.03.09 14:02:58.063,1.13166,1.13176,3.56,1.00
2017.03.09 14:02:58.574,1.13168,1.13176,1.00,1.00
2017.03.09 14:02:59.129,1.13168,1.13177,1.00,1.00
2017.03.09 14:02:59.264,1.13168,1.1318,1.69,1.00
2017.03.09 14:02:59.315,1.13168,1.13178,2.44,1.00
2017.03.09 14:02:59.619,1.13166,1.13175,1.12,1.00
2017.03.09 14:02:59.671,1.13167,1.13174,1.00,1.00
2017.03.09 14:02:59.873,1.13165,1.13174,1.00,1.00
2017.03.09 14:03:00.382,1.13168,1.13175,1.00,1.00
2017.03.09 14:03:00.484,1.13166,1.13175,1.00,1.00
2017.03.09 14:03:00.991,1.13167,1.13175,1.12,1.00
2017.03.09 14:03:01.194,1.13163,1.13174,1.00,1.00
2017.03.09 14:03:01.338,1.13163,1.13172,1.00,1.00
2017.03.09 14:03:01.541,1.13164,1.13174,1.25,1.00
2017.03.09 14:03:01.592,1.13166,1.13175,1.31,1.00
2017.03.09 14:03:01.744,1.13168,1.13178,1.87,1.00
2017.03.09 14:03:01.795,1.13171,1.13179,1.00,1.00
2017.03.09 14:03:01.948,1.13171,1.13181,1.69,1.00
2017.03.09 14:03:02.049,1.13171,1.13183,2.44,1.00
2017.03.09 14:03:02.202,1.13171,1.13177,1.87,1.00
2017.03.09 14:03:02.423,1.13169,1.13176,1.50,1.00
2017.03.09 14:03:02.474,1.13168,1.13176,4.50,1.00
2017.03.09 14:03:02.575,1.13168,1.13181,5.44,1.00
2017.03.09 14:03:02.626,1.13171,1.13182,1.69,1.00
2017.03.09 14:03:02.930,1.13167,1.13178,1.19,1.12
2017.03.09 14:03:03.237,1.13168,1.1318,3.56,1.12
2017.03.09 14:03:03.289,1.13171,1.13182,3.94,1.00
2017.03.09 14:03:03.383,1.1317,1.13182,1.56,1.00
2017.03.09 14:03:03.435,1.1317,1.1318,3.94,1.00
2017.03.09 14:03:03.741,1.13174,1.13186,1.72,2.34
2017.03.09 14:03:03.792,1.13176,1.13188,1.69,2.34
2017.03.09 14:03:04.045,1.13176,1.1319,4.31,1.25
2017.03.09 14:03:04.368,1.13179,1.13188,1.87,1.00
2017.03.09 14:03:04.522,1.13178,1.13186,1.12,1.00
2017.03.09 14:03:04.625,1.13177,1.13188,1.69,1.00
2017.03.09 14:03:04.778,1.13181,1.13191,1.31,1.00
2017.03.09 14:03:04.982,1.13184,1.13195,1.37,1.00
2017.03.09 14:03:05.033,1.13187,1.13195,1.00,1.00
2017.03.09 14:03:05.134,1.13187,1.13198,1.19,1.00
2017.03.09 14:03:05.185,1.13189,1.132,3.75,1.12
2017.03.09 14:03:05.467,1.13195,1.13205,1.31,1.00
2017.03.09 14:03:05.518,1.13195,1.13205,2.06,1.00
2017.03.09 14:03:05.569,1.13198,1.13209,4.12,1.25
2017.03.09 14:03:05.671,1.13198,1.13212,2.44,1.87
2017.03.09 14:03:05.722,1.13201,1.1321,1.69,1.00
2017.03.09 14:03:05.774,1.13201,1.13212,1.69,1.00
2017.03.09 14:03:05.926,1.13203,1.13215,1.12,1.00
2017.03.09 14:03:05.977,1.13203,1.13214,1.69,1.00
2017.03.09 14:03:06.290,1.13199,1.13209,3.94,1.00
2017.03.09 14:03:06.593,1.132,1.13211,3.19,1.00
2017.03.09 14:03:06.897,1.132,1.13209,1.19,1.00
2017.03.09 14:03:07.217,1.13201,1.13211,1.31,1.00
2017.03.09 14:03:07.672,1.13204,1.13211,1.00,1.00
2017.03.09 14:03:07.723,1.13207,1.13218,5.44,1.00
2017.03.09 14:03:07.775,1.13209,1.1322,1.62,1.00
2017.03.09 14:03:07.826,1.13215,1.13223,3.75,1.50
2017.03.09 14:03:07.877,1.13216,1.13223,1.31,1.00
2017.03.09 14:03:07.928,1.13218,1.13224,2.06,1.50
2017.03.09 14:03:07.979,1.1322,1.13224,1.00,1.00
2017.03.09 14:03:08.030,1.13221,1.1323,1.00,1.45
2017.03.09 14:03:08.331,1.1322,1.13232,1.75,1.00
2017.03.09 14:03:08.584,1.1322,1.13229,1.75,1.00
2017.03.09 14:03:08.838,1.1322,1.13229,1.00,1.00
2017.03.09 14:03:08.889,1.1322,1.13224,1.00,1.00
2017.03.09 14:03:08.940,1.13214,1.13224,2.81,1.00
2017.03.09 14:03:09.042,1.13214,1.1322,1.25,1.00
2017.03.09 14:03:09.093,1.13214,1.13222,1.31,1.00
2017.03.09 14:03:09.269,1.13217,1.13224,1.75,1.00
2017.03.09 14:03:09.320,1.1322,1.13227,1.62,1.00
2017.03.09 14:03:09.371,1.13222,1.1323,4.69,1.00
2017.03.09 14:03:09.422,1.13224,1.1323,2.44,1.00
2017.03.09 14:03:09.473,1.13224,1.13236,2.44,1.00
2017.03.09 14:03:09.525,1.13225,1.13235,1.31,1.00
2017.03.09 14:03:09.881,1.13228,1.13237,1.62,1.00
2017.03.09 14:03:09.932,1.13229,1.13238,1.75,1.00
2017.03.09 14:03:09.983,1.13231,1.13241,1.31,1.12
2017.03.09 14:03:10.132,1.13236,1.13241,1.00,1.00
2017.03.09 14:03:10.284,1.13237,1.13246,1.94,1.50
2017.03.09 14:03:10.436,1.13236,1.13241,1.12,1.00
2017.03.09 14:03:10.589,1.1323,1.13238,1.31,1.00
2017.03.09 14:03:10.641,1.13229,1.1324,2.06,1.00
2017.03.09 14:03:10.793,1.13231,1.13241,1.19,1.00
2017.03.09 14:03:11.069,1.13231,1.13243,1.31,1.00
2017.03.09 14:03:11.172,1.13231,1.1324,2.00,1.00
2017.03.09 14:03:11.425,1.13231,1.13242,1.69,1.00
2017.03.09 14:03:11.476,1.13232,1.13244,1.00,1.00
2017.03.09 14:03:11.578,1.13232,1.1324,1.37,1.00
2017.03.09 14:03:11.936,1.13225,1.13231,1.15,1.00
2017.03.09 14:03:12.193,1.13223,1.13233,1.31,1.00
2017.03.09 14:03:12.346,1.13223,1.13231,2.81,1.00
2017.03.09 14:03:12.600,1.13221,1.13231,1.31,1.00
2017.03.09 14:03:12.752,1.13222,1.13233,1.25,1.50
2017.03.09 14:03:13.060,1.13222,1.13233,2.81,1.00
2017.03.09 14:03:13.466,1.13223,1.1323,3.75,1.00
2017.03.09 14:03:13.567,1.13221,1.13227,1.56,1.00
2017.03.09 14:03:13.842,1.13223,1.13231,2.81,1.00
2017.03.09 14:03:13.944,1.13222,1.13231,1.12,1.00
2017.03.09 14:03:13.996,1.13222,1.13233,1.12,1.00
2017.03.09 14:03:14.047,1.13222,1.13231,1.92,1.00
2017.03.09 14:03:14.149,1.13222,1.13233,1.69,1.00
2017.03.09 14:03:14.200,1.13226,1.13233,1.00,1.00
2017.03.09 14:03:14.251,1.13223,1.13233,1.87,1.00
2017.03.09 14:03:14.302,1.13223,1.13235,1.87,1.00
2017.03.09 14:03:14.353,1.1323,1.13237,2.76,1.00
2017.03.09 14:03:14.493,1.13225,1.13239,2.81,1.00
2017.03.09 14:03:14.544,1.13227,1.13236,1.87,1.00
2017.03.09 14:03:14.848,1.13225,1.13233,1.69,1.00
2017.03.09 14:03:14.953,1.13223,1.13227,1.12,1.00
2017.03.09 14:03:15.004,1.13221,1.13227,1.50,1.00
2017.03.09 14:03:15.160,1.13221,1.13225,1.00,1.00
2017.03.09 14:03:15.216,1.13217,1.13225,1.50,1.00
2017.03.09 14:03:15.267,1.13216,1.13223,1.00,1.00
2017.03.09 14:03:15.574,1.13206,1.13211,1.12,1.00
2017.03.09 14:03:15.675,1.13202,1.13213,2.06,1.17
2017.03.09 14:03:15.727,1.13206,1.13218,4.69,1.54
2017.03.09 14:03:15.888,1.13211,1.13222,1.75,1.69
2017.03.09 14:03:15.939,1.1321,1.1322,1.50,1.00
2017.03.09 14:03:16.142,1.1321,1.13221,2.62,1.50
2017.03.09 14:03:16.193,1.1321,1.13223,2.62,1.25
2017.03.09 14:03:16.244,1.1321,1.13219,1.87,1.00
2017.03.09 14:03:16.346,1.13211,1.13223,1.00,1.00
2017.03.09 14:03:16.447,1.13211,1.1322,1.50,1.00
2017.03.09 14:03:16.744,1.13214,1.13226,1.94,1.00
2017.03.09 14:03:16.795,1.13217,1.13229,1.12,1.00
2017.03.09 14:03:16.948,1.13217,1.1323,1.75,1.25
2017.03.09 14:03:17.253,1.13216,1.13226,2.00,1.00
2017.03.09 14:03:17.594,1.13209,1.13222,2.66,1.12
2017.03.09 14:03:17.645,1.13212,1.13223,1.75,1.25
2017.03.09 14:03:17.747,1.13212,1.13225,2.00,1.00
2017.03.09 14:03:17.831,1.13213,1.13225,1.87,1.00
2017.03.09 14:03:18.034,1.13217,1.13228,1.00,1.00
2017.03.09 14:03:18.085,1.13217,1.13231,1.69,1.54
2017.03.09 14:03:18.424,1.13213,1.13226,3.82,1.25
2017.03.09 14:03:18.728,1.13217,1.1323,1.56,1.00
2017.03.09 14:03:19.034,1.13221,1.13229,1.75,1.00
2017.03.09 14:03:19.138,1.13217,1.13228,1.75,1.00
2017.03.09 14:03:19.189,1.13217,1.13228,2.44,1.00
2017.03.09 14:03:19.309,1.13217,1.13226,2.44,1.00
2017.03.09 14:03:19.360,1.13214,1.13224,1.69,1.00
2017.03.09 14:03:19.411,1.13217,1.13228,1.19,1.00
2017.03.09 14:03:19.513,1.13219,1.13231,1.19,1.00
2017.03.09 14:03:19.564,1.13218,1.13226,1.50,1.00
2017.03.09 14:03:19.615,1.13219,1.1323,1.87,1.00
2017.03.09 14:03:19.666,1.1322,1.13228,1.94,1.00
2017.03.09 14:03:19.769,1.13221,1.1323,1.69,1.00
2017.03.09 14:03:19.872,1.13222,1.13231,1.69,1.00
2017.03.09 14:03:19.923,1.13223,1.13235,2.06,1.00
2017.03.09 14:03:20.295,1.13225,1.13235,1.00,1.00
2017.03.09 14:03:20.346,1.13225,1.13236,1.50,1.00
2017.03.09 14:03:20.498,1.13227,1.13238,1.31,1.00
2017.03.09 14:03:20.549,1.13225,1.13236,1.94,1.00
2017.03.09 14:03:20.600,1.13228,1.1324,1.19,1.00
2017.03.09 14:03:20.713,1.13227,1.13238,1.31,1.00
2017.03.09 14:03:20.764,1.13229,1.13239,1.69,1.00
2017.03.09 14:03:21.069,1.13224,1.13235,3.19,1.00
2017.03.09 14:03:21.920,1.13223,1.13234,3.19,1.00
2017.03.09 14:03:22.421,1.13227,1.13235,1.00,1.00
2017.03.09 14:03:22.472,1.13224,1.13235,1.00,1.00
2017.03.09 14:03:22.777,1.13224,1.13231,1.00,1.00
2017.03.09 14:03:22.878,1.1322,1.1323,1.69,1.00
2017.03.09 14:03:22.929,1.13218,1.13228,1.62,1.00
2017.03.09 14:03:22.981,1.13218,1.13228,1.25,1.00
2017.03.09 14:03:23.133,1.13217,1.13226,1.50,1.00
2017.03.09 14:03:23.184,1.13217,1.13228,1.50,1.00
2017.03.09 14:03:23.443,1.13217,1.13224,1.12,1.00
2017.03.09 14:03:23.595,1.13214,1.13224,1.69,1.00
2017.03.09 14:03:23.900,1.13213,1.13226,2.06,1.00
2017.03.09 14:03:24.248,1.13216,1.13223,1.00,1.00
2017.03.09 14:03:24.400,1.13211,1.13221,3.94,1.00
2017.03.09 14:03:24.704,1.13216,1.13224,1.00,1.00
2017.03.09 14:03:25.136,1.13211,1.13222,3.19,1.00
2017.03.09 14:03:25.187,1.13212,1.1322,1.00,1.00
2017.03.09 14:03:25.288,1.13212,1.13223,1.19,1.00
2017.03.09 14:03:25.592,1.13211,1.1322,1.56,1.00
2017.03.09 14:03:25.777,1.1321,1.13219,1.69,1.00
2017.03.09 14:03:25.880,1.13209,1.13217,2.62,1.00
2017.03.09 14:03:25.982,1.13208,1.13217,1.00,1.00
2017.03.09 14:03:26.033,1.13207,1.1322,3.94,1.50
2017.03.09 14:03:26.236,1.13208,1.13219,1.19,1.00
2017.03.09 14:03:26.475,1.13213,1.13223,1.25,1.50
2017.03.09 14:03:26.526,1.13213,1.13219,1.00,1.00
2017.03.09 14:03:26.577,1.13209,1.13219,1.87,1.00
2017.03.09 14:03:26.628,1.13209,1.13216,2.81,1.00
2017.03.09 14:03:26.679,1.13209,1.13216,1.31,1.00
2017.03.09 14:03:26.882,1.13209,1.13219,1.19,1.00
2017.03.09 14:03:26.934,1.13208,1.13217,2.06,1.00
2017.03.09 14:03:27.035,1.13207,1.13215,1.00,1.00
2017.03.09 14:03:27.137,1.13207,1.13217,1.25,1.00
2017.03.09 14:03:27.189,1.13207,1.13215,1.25,1.00
2017.03.09 14:03:27.542,1.13204,1.13215,1.50,1.00
2017.03.09 14:03:27.593,1.13204,1.13217,1.50,1.25
2017.03.09 14:03:27.644,1.13211,1.13217,1.00,1.00
2017.03.09 14:03:27.746,1.13207,1.13218,1.69,1.00
2017.03.09 14:03:27.798,1.13207,1.13215,2.44,1.00
2017.03.09 14:03:27.849,1.13207,1.13216,1.31,1.00
2017.03.09 14:03:27.901,1.13211,1.13217,1.75,1.00
2017.03.09 14:03:28.077,1.13207,1.13212,1.12,1.00
2017.03.09 14:03:28.335,1.13207,1.13215,1.00,1.00
2017.03.09 14:03:28.388,1.13206,1.13218,1.69,1.50
2017.03.09 14:03:28.494,1.13207,1.1322,1.19,1.50
2017.03.09 14:03:29.038,1.1321,1.13223,1.37,1.50
2017.03.09 14:03:29.447,1.13209,1.13219,1.87,1.00
2017.03.09 14:03:29.765,1.13208,1.13217,1.19,1.00
2017.03.09 14:03:29.816,1.13209,1.13221,1.25,1.06
2017.03.09 14:03:29.969,1.13208,1.13221,2.44,1.00
2017.03.09 14:03:30.887,1.1321,1.13221,1.00,1.00
2017.03.09 14:03:31.212,1.13205,1.13214,1.69,1.00
2017.03.09 14:03:31.271,1.13205,1.13216,1.69,1.06
2017.03.09 14:03:31.372,1.13205,1.13219,1.62,1.31
2017.03.09 14:03:31.424,1.13205,1.13216,1.56,1.00
2017.03.09 14:03:31.475,1.13205,1.13215,1.00,1.00
2017.03.09 14:03:31.627,1.13202,1.13213,2.44,1.00
2017.03.09 14:03:31.729,1.13203,1.13215,1.69,1.00
2017.03.09 14:03:31.780,1.13206,1.13215,1.00,1.00
2017.03.09 14:03:32.186,1.13205,1.13218,1.31,1.00
2017.03.09 14:03:32.289,1.13208,1.13218,1.00,1.00
2017.03.09 14:03:32.491,1.13209,1.13223,1.19,1.00
2017.03.09 14:03:33.054,1.13209,1.13224,1.94,1.34
2017.03.09 14:03:33.572,1.1321,1.13224,2.06,1.25
2017.03.09 14:03:33.728,1.13212,1.13223,1.00,4.03
2017.03.09 14:03:33.830,1.13209,1.13223,1.56,3.09
2017.03.09 14:03:33.932,1.1321,1.13221,1.37,1.00
2017.03.09 14:03:34.084,1.13207,1.13219,1.87,1.59
2017.03.09 14:03:34.185,1.13205,1.13219,2.81,1.25
2017.03.09 14:03:34.236,1.13207,1.13222,1.25,1.03
2017.03.09 14:03:34.338,1.13209,1.13222,1.00,1.69
2017.03.09 14:03:34.645,1.13211,1.13222,1.25,1.12
2017.03.09 14:03:35.202,1.13207,1.13223,1.50,1.78
2017.03.09 14:03:35.607,1.13205,1.13222,3.19,1.40
2017.03.09 14:03:35.709,1.13205,1.13219,3.19,1.00
2017.03.09 14:03:36.061,1.13204,1.13218,2.44,1.59
2017.03.09 14:03:36.112,1.13201,1.13215,1.69,1.00
2017.03.09 14:03:36.265,1.13202,1.13216,2.06,1.00
2017.03.09 14:03:36.419,1.13201,1.13217,1.50,1.78
2017.03.09 14:03:36.986,1.13199,1.13215,1.56,1.49
2017.03.09 14:03:37.189,1.13199,1.13216,4.31,1.12
2017.03.09 14:03:37.291,1.13199,1.13216,2.81,1.49
2017.03.09 14:03:37.444,1.13203,1.13219,2.06,1.69
2017.03.09 14:03:37.495,1.13203,1.13219,2.81,1.25
2017.03.09 14:03:37.811,1.13203,1.1322,2.44,4.78
2017.03.09 14:03:37.963,1.13203,1.13218,1.37,1.40
2017.03.09 14:03:38.166,1.13201,1.13217,2.06,1.69
2017.03.09 14:03:38.869,1.13203,1.13218,1.00,2.53
2017.03.09 14:03:38.920,1.13203,1.13218,1.69,1.40
2017.03.09 14:03:39.173,1.13207,1.1322,1.00,1.03
2017.03.09 14:03:39.325,1.13209,1.13221,1.12,1.31
2017.03.09 14:03:39.641,1.13206,1.13224,1.69,5.53
2017.03.09 14:03:40.124,1.13206,1.13221,3.65,1.00
2017.03.09 14:03:42.133,1.13207,1.13221,1.25,1.00
2017.03.09 14:03:42.905,1.13207,1.13222,1.69,1.96
2017.03.09 14:03:43.437,1.13206,1.13221,2.81,1.00
2017.03.09 14:03:43.843,1.13212,1.13224,1.00,2.34
2017.03.09 14:03:43.944,1.13212,1.13226,1.12,1.78
2017.03.09 14:03:44.231,1.1321,1.13223,1.00,1.30
2017.03.09 14:03:44.339,1.13208,1.13224,1.31,4.11
2017.03.09 14:03:44.442,1.1321,1.13222,1.50,1.69
2017.03.09 14:03:44.544,1.13208,1.13222,1.87,1.69
2017.03.09 14:03:44.697,1.13207,1.13222,2.44,2.25
2017.03.09 14:03:44.849,1.13209,1.1322,1.00,1.00
2017.03.09 14:03:45.052,1.13205,1.1322,2.44,1.00
2017.03.09 14:03:45.281,1.13205,1.1322,1.87,2.44
2017.03.09 14:03:45.588,1.13204,1.13216,1.00,1.00
2017.03.09 14:03:45.894,1.13201,1.13214,2.06,1.00
2017.03.09 14:03:46.164,1.13201,1.13213,1.62,1.00
2017.03.09 14:03:46.673,1.132,1.13212,1.62,1.00
2017.03.09 14:03:46.926,1.132,1.13209,1.50,1.00
2017.03.09 14:03:47.028,1.13201,1.13214,1.00,1.31
2017.03.09 14:03:47.164,1.13201,1.1321,1.87,1.00
2017.03.09 14:03:47.216,1.13201,1.13214,2.81,1.00
2017.03.09 14:03:47.319,1.13203,1.13216,1.69,1.00
2017.03.09 14:03:47.522,1.13205,1.13216,1.37,1.00
2017.03.09 14:03:47.827,1.13209,1.1322,1.00,1.69
2017.03.09 14:03:48.081,1.1321,1.13223,1.00,2.25
2017.03.09 14:03:48.230,1.1321,1.1322,1.00,1.00
2017.03.09 14:03:48.281,1.1321,1.13222,1.00,1.25
2017.03.09 14:03:48.587,1.1321,1.1322,1.00,1.00
2017.03.09 14:03:48.740,1.13206,1.13218,1.62,1.00
2017.03.09 14:03:48.994,1.13205,1.13218,1.50,1.25
2017.03.09 14:03:49.047,1.13205,1.13215,1.00,1.00
2017.03.09 14:03:49.098,1.13205,1.13217,1.00,1.00
2017.03.09 14:03:49.149,1.13203,1.13219,1.19,1.94
2017.03.09 14:03:49.466,1.13204,1.13217,1.94,1.00
2017.03.09 14:03:49.771,1.13202,1.13215,1.25,1.00
2017.03.09 14:03:49.925,1.13203,1.13216,1.69,1.00
2017.03.09 14:03:50.182,1.13206,1.1322,1.31,2.62
2017.03.09 14:03:50.234,1.13206,1.13217,1.00,1.00
2017.03.09 14:03:50.539,1.13206,1.13215,1.00,1.00
2017.03.09 14:03:50.590,1.13205,1.13217,1.25,1.00
2017.03.09 14:03:50.642,1.13206,1.13216,1.37,1.00
2017.03.09 14:03:50.744,1.13205,1.13218,2.00,1.00
2017.03.09 14:03:51.156,1.13205,1.13217,1.25,1.00
2017.03.09 14:03:51.308,1.13205,1.13219,1.69,1.25
2017.03.09 14:03:51.561,1.13207,1.13219,1.00,1.69
2017.03.09 14:03:51.865,1.13203,1.13215,2.25,1.00
2017.03.09 14:03:52.398,1.13203,1.13215,1.50,1.00
2017.03.09 14:03:52.702,1.13205,1.13218,4.12,1.69
2017.03.09 14:03:52.753,1.13206,1.13217,1.00,1.19
2017.03.09 14:03:52.905,1.13206,1.13219,1.19,1.00
2017.03.09 14:03:52.956,1.13203,1.13218,1.31,2.25
2017.03.09 14:03:53.057,1.13205,1.13217,1.50,1.00
2017.03.09 14:03:53.605,1.13207,1.13219,1.00,1.00
2017.03.09 14:03:53.707,1.13207,1.13221,3.19,4.07
2017.03.09 14:03:53.758,1.13208,1.13221,1.69,1.12
2017.03.09 14:03:53.911,1.13211,1.13224,1.00,2.06
2017.03.09 14:03:54.114,1.13211,1.13222,2.25,1.00
2017.03.09 14:03:54.376,1.1321,1.13224,2.06,1.00
2017.03.09 14:03:54.680,1.13211,1.13228,2.44,5.94
2017.03.09 14:03:54.782,1.13216,1.13227,1.00,2.06
2017.03.09 14:03:54.833,1.13213,1.13227,1.31,1.31
2017.03.09 14:03:54.885,1.13214,1.13227,2.44,1.00
2017.03.09 14:03:55.037,1.13216,1.13229,2.06,1.00
2017.03.09 14:03:55.412,1.13216,1.13226,1.50,1.00
2017.03.09 14:03:55.819,1.13214,1.13222,1.00,1.00
2017.03.09 14:03:56.125,1.13202,1.13206,1.50,1.00
2017.03.09 14:03:56.374,1.13196,1.13205,1.31,1.00
2017.03.09 14:03:56.536,1.13196,1.13207,1.31,1.00
2017.03.09 14:03:56.852,1.13194,1.13207,2.52,1.00
2017.03.09 14:03:57.005,1.13192,1.13206,2.15,1.00
2017.03.09 14:03:57.157,1.13195,1.13208,1.19,1.12
2017.03.09 14:03:57.494,1.13202,1.13208,1.19,1.00
2017.03.09 14:03:57.546,1.13202,1.13214,1.19,1.00
2017.03.09 14:03:57.597,1.13199,1.13213,1.03,1.00
2017.03.09 14:03:57.699,1.13201,1.13213,1.19,1.00
2017.03.09 14:03:57.750,1.13201,1.13215,1.19,1.12
2017.03.09 14:03:58.106,1.13202,1.13217,1.03,1.00
2017.03.09 14:03:58.510,1.13203,1.13217,1.40,1.00
2017.03.09 14:03:58.561,1.13203,1.13219,2.15,1.00
2017.03.09 14:03:58.771,1.13202,1.13217,4.40,1.12
2017.03.09 14:03:59.292,1.13202,1.13216,4.40,1.00
2017.03.09 14:03:59.776,1.13202,1.13218,5.90,1.31
2017.03.09 14:04:00.631,1.13204,1.1322,2.06,2.25
2017.03.09 14:04:00.682,1.13206,1.13221,1.62,1.96
2017.03.09 14:04:00.734,1.13205,1.13218,1.56,1.00
2017.03.09 14:04:00.837,1.13207,1.1322,1.31,1.12
2017.03.09 14:04:00.989,1.13209,1.13222,1.31,1.00
2017.03.09 14:04:01.342,1.13212,1.13224,1.19,1.50
2017.03.09 14:04:01.646,1.13217,1.13229,1.31,1.00
2017.03.09 14:04:02.191,1.13218,1.13231,1.65,1.00
2017.03.09 14:04:02.296,1.13221,1.13234,3.46,1.69
2017.03.09 14:04:02.903,1.13218,1.13233,6.28,1.00
2017.03.09 14:04:03.055,1.1322,1.13234,1.40,1.00
2017.03.09 14:04:03.361,1.13218,1.1323,4.78,1.00
2017.03.09 14:04:03.820,1.13219,1.13232,1.40,1.00
2017.03.09 14:04:04.279,1.13219,1.13235,1.78,2.44
2017.03.09 14:04:04.693,1.1322,1.13229,1.37,1.25
2017.03.09 14:04:04.744,1.13218,1.13228,2.34,1.00
2017.03.09 14:04:04.897,1.13215,1.13231,2.00,5.57
2017.03.09 14:04:04.948,1.13217,1.13231,1.40,1.87
2017.03.09 14:04:05.254,1.13219,1.13233,1.69,1.25
2017.03.09 14:04:05.406,1.13215,1.1323,1.28,1.00
2017.03.09 14:04:05.916,1.13214,1.1323,1.09,1.31
2017.03.09 14:04:05.967,1.13214,1.1323,1.00,1.31
2017.03.09 14:04:06.018,1.13216,1.1323,1.19,1.00
2017.03.09 14:04:06.221,1.13216,1.13235,2.44,1.69
2017.03.09 14:04:06.528,1.13216,1.13232,3.59,2.06
2017.03.09 14:04:06.580,1.13217,1.13233,2.66,1.50
2017.03.09 14:04:06.859,1.13221,1.13235,1.19,2.25
2017.03.09 14:04:06.910,1.13219,1.13234,3.03,1.00
2017.03.09 14:04:07.012,1.13221,1.13238,1.56,2.81
2017.03.09 14:04:07.315,1.13224,1.13238,1.62,1.25
2017.03.09 14:04:07.498,1.1322,1.13237,1.94,2.44
2017.03.09 14:04:07.599,1.13223,1.13237,1.25,1.00
2017.03.09 14:04:07.650,1.13224,1.13239,1.00,1.25
2017.03.09 14:04:07.752,1.13223,1.1324,1.69,1.69
2017.03.09 14:04:08.253,1.13225,1.13241,3.03,1.62
2017.03.09 14:04:08.557,1.13232,1.13248,1.37,3.19
2017.03.09 14:04:09.229,1.13234,1.13248,1.37,1.19
2017.03.09 14:04:09.331,1.13236,1.13251,1.69,2.80
2017.03.09 14:04:09.382,1.13237,1.13252,2.06,1.87
2017.03.09 14:04:09.686,1.13241,1.13254,1.00,1.28
2017.03.09 14:04:10.083,1.13241,1.13253,1.00,3.28
2017.03.09 14:04:10.260,1.13235,1.13252,1.94,3.65
2017.03.09 14:04:10.779,1.13236,1.13252,1.94,3.28
2017.03.09 14:04:11.139,1.13237,1.13252,2.44,3.09
2017.03.09 14:04:11.190,1.13239,1.13254,1.19,1.12
2017.03.09 14:04:11.382,1.13241,1.13254,1.62,3.46
2017.03.09 14:04:11.908,1.13241,1.13254,2.00,3.09
2017.03.09 14:04:12.264,1.13239,1.13254,1.56,3.84
2017.03.09 14:04:12.366,1.13239,1.13255,1.56,2.15
2017.03.09 14:04:12.519,1.13239,1.13255,2.44,1.40
2017.03.09 14:04:13.497,1.13239,1.13256,1.75,3.94
2017.03.09 14:04:13.668,1.13237,1.13253,4.11,2.81
2017.03.09 14:04:13.769,1.13238,1.13252,1.00,1.19
2017.03.09 14:04:13.922,1.1324,1.13254,1.12,1.19
2017.03.09 14:04:14.448,1.13237,1.13253,2.44,1.25
2017.03.09 14:04:16.195,1.1324,1.13256,1.69,1.69
2017.03.09 14:04:16.347,1.13237,1.13254,5.99,1.19
2017.03.09 14:04:16.739,1.13244,1.13258,2.81,1.63
2017.03.09 14:04:16.791,1.13245,1.13258,1.25,1.26
2017.03.09 14:04:17.095,1.13245,1.13256,1.25,1.26
2017.03.09 14:04:17.248,1.13241,1.13256,1.56,1.63
2017.03.09 14:04:17.755,1.13241,1.13254,1.56,1.00
2017.03.09 14:04:17.857,1.13238,1.13254,1.69,1.69
2017.03.09 14:04:18.061,1.13241,1.13255,1.50,2.57
2017.03.09 14:04:18.417,1.13244,1.13254,1.19,1.00
2017.03.09 14:04:18.468,1.13241,1.13254,2.06,2.01
2017.03.09 14:04:18.673,1.13242,1.13253,1.50,1.26
2017.03.09 14:04:18.827,1.13238,1.13253,1.37,1.44
2017.03.09 14:04:18.878,1.13237,1.1325,2.06,1.26
2017.03.09 14:04:19.182,1.13239,1.13253,1.56,1.00
2017.03.09 14:04:19.487,1.13234,1.13248,1.69,1.26
2017.03.09 14:04:19.906,1.13236,1.13248,2.81,1.26
2017.03.09 14:04:20.212,1.1324,1.13248,1.00,1.26
2017.03.09 14:04:20.466,1.13235,1.13248,1.94,1.26
2017.03.09 14:04:21.118,1.13235,1.1325,1.75,1.44
2017.03.09 14:04:22.389,1.13234,1.13251,3.84,2.06
2017.03.09 14:04:22.592,1.13232,1.13248,4.40,1.12
2017.03.09 14:04:22.845,1.13234,1.13249,1.87,1.44
2017.03.09 14:04:23.149,1.13235,1.13252,2.05,3.69
2017.03.09 14:04:23.529,1.13234,1.13249,1.78,1.12
2017.03.09 14:04:23.782,1.13237,1.13252,1.69,2.51
2017.03.09 14:04:23.833,1.13238,1.13251,1.31,1.00
2017.03.09 14:04:24.086,1.13238,1.13254,2.15,2.44
2017.03.09 14:04:24.445,1.13242,1.13256,1.25,1.00
2017.03.09 14:04:24.648,1.13242,1.13256,1.00,1.19
2017.03.09 14:04:24.801,1.1324,1.13254,1.25,1.25
2017.03.09 14:04:25.004,1.13241,1.13256,1.59,1.19
2017.03.09 14:04:25.106,1.13241,1.13256,2.53,1.25
2017.03.09 14:04:25.317,1.13241,1.13256,1.12,2.44
2017.03.09 14:04:25.621,1.13243,1.13257,1.50,1.00
2017.03.09 14:04:26.127,1.13243,1.13257,3.19,1.12
2017.03.09 14:04:26.554,1.13243,1.13255,3.19,1.00
2017.03.09 14:04:26.909,1.13241,1.13254,3.19,1.00
2017.03.09 14:04:27.599,1.13242,1.13254,1.56,1.00
2017.03.09 14:04:29.376,1.13244,1.13255,1.69,1.00
2017.03.09 14:04:29.428,1.13245,1.13257,1.28,1.00
2017.03.09 14:04:29.883,1.13244,1.13254,4.03,1.00
2017.03.09 14:04:30.452,1.13244,1.13253,3.09,1.00
2017.03.09 14:04:30.654,1.13244,1.13256,3.09,1.00
2017.03.09 14:04:30.908,1.13244,1.13256,3.09,1.69
2017.03.09 14:04:31.229,1.13243,1.13251,3.75,1.00
2017.03.09 14:04:32.019,1.13246,1.13251,3.75,1.00
2017.03.09 14:04:32.070,1.13246,1.13254,3.75,1.00
2017.03.09 14:04:32.610,1.13245,1.13254,1.00,1.00
2017.03.09 14:04:32.863,1.13243,1.13253,1.00,1.00
2017.03.09 14:04:33.242,1.13245,1.13255,3.75,1.00
2017.03.09 14:04:33.546,1.13245,1.13252,3.75,1.00
2017.03.09 14:04:34.103,1.13245,1.1325,1.00,1.00
2017.03.09 14:04:34.559,1.13244,1.13253,2.43,1.12
2017.03.09 14:04:34.826,1.13244,1.13251,2.43,1.00
2017.03.09 14:04:35.132,1.1324,1.1325,2.43,1.00
2017.03.09 14:04:35.183,1.1324,1.13248,2.43,1.00
2017.03.09 14:04:35.235,1.13238,1.1325,1.00,1.00
2017.03.09 14:04:35.287,1.13238,1.13249,1.00,1.19
2017.03.09 14:04:35.389,1.13234,1.13246,3.36,1.00
2017.03.09 14:04:35.594,1.13236,1.13247,1.00,1.50
2017.03.09 14:04:35.811,1.13236,1.13248,3.36,1.00
2017.03.09 14:04:35.913,1.13236,1.13244,2.61,1.00
2017.03.09 14:04:36.015,1.13236,1.13247,2.43,1.00
2017.03.09 14:04:36.522,1.13237,1.13246,2.09,1.00
2017.03.09 14:04:37.041,1.13235,1.13247,1.19,1.12
2017.03.09 14:04:37.252,1.13235,1.13246,2.09,1.00
2017.03.09 14:04:37.455,1.13233,1.13242,2.09,1.00
2017.03.09 14:04:37.559,1.13231,1.13245,2.09,3.19
2017.03.09 14:04:38.068,1.1323,1.13245,3.22,1.19
2017.03.09 14:04:38.375,1.13232,1.13243,2.09,1.00
2017.03.09 14:04:38.801,1.13232,1.13241,2.09,1.00
2017.03.09 14:04:38.953,1.13228,1.13238,2.09,1.00
2017.03.09 14:04:39.654,1.13228,1.13239,2.09,1.00
2017.03.09 14:04:40.183,1.13228,1.13241,1.76,1.31
2017.03.09 14:04:40.336,1.13225,1.1324,4.58,1.19
2017.03.09 14:04:40.639,1.1323,1.13241,1.76,1.31
2017.03.09 14:04:41.023,1.13231,1.13243,2.14,1.00
2017.03.09 14:04:41.530,1.13231,1.13243,4.01,1.00
2017.03.09 14:04:42.126,1.13232,1.13245,2.14,1.25
2017.03.09 14:04:42.672,1.13233,1.13246,1.50,1.25
2017.03.09 14:04:42.981,1.13236,1.13246,1.25,1.00
2017.03.09 14:04:43.083,1.13237,1.13249,1.00,1.00
2017.03.09 14:04:43.134,1.13236,1.13251,4.20,1.37
2017.03.09 14:04:43.185,1.13236,1.13251,3.83,1.00
2017.03.09 14:04:43.287,1.13237,1.1325,1.00,1.00
2017.03.09 14:04:43.796,1.13235,1.1325,1.19,1.00
2017.03.09 14:04:45.031,1.13235,1.13246,1.19,1.00
2017.03.09 14:04:45.081,1.13236,1.13251,1.19,1.50
2017.03.09 14:04:45.183,1.13236,1.13251,2.06,2.44
2017.03.09 14:04:45.397,1.13235,1.13248,2.06,1.00
2017.03.09 14:04:45.449,1.13235,1.1325,1.69,1.12
2017.03.09 14:04:45.989,1.13235,1.13251,2.44,1.31
2017.03.09 14:04:46.516,1.13236,1.1325,1.19,1.50
2017.03.09 14:04:47.162,1.13235,1.1325,2.44,1.37
2017.03.09 14:04:47.314,1.13235,1.13249,1.12,1.31
2017.03.09 14:04:47.820,1.13232,1.13249,2.81,3.19
2017.03.09 14:04:48.247,1.13237,1.13249,1.50,1.00
2017.03.09 14:04:48.450,1.13235,1.13252,3.19,1.62
2017.03.09 14:04:49.020,1.13235,1.1325,1.69,1.00
2017.03.09 14:04:49.223,1.13235,1.13248,1.19,1.00
2017.03.09 14:04:49.772,1.13235,1.13248,1.31,1.00
2017.03.09 14:04:50.136,1.13235,1.1325,2.06,1.00
2017.03.09 14:04:50.440,1.13238,1.13253,1.37,2.81
2017.03.09 14:04:50.608,1.13239,1.13253,1.69,1.31
2017.03.09 14:04:50.852,1.1324,1.13253,1.19,1.12
2017.03.09 14:04:51.363,1.1324,1.13252,1.19,1.00
2017.03.09 14:04:51.617,1.13234,1.13248,4.31,1.00
2017.03.09 14:04:51.819,1.13238,1.13248,1.19,1.00
2017.03.09 14:04:51.871,1.13238,1.1325,1.19,1.50
2017.03.09 14:04:52.079,1.13237,1.1325,1.00,1.00
2017.03.09 14:04:52.131,1.13234,1.13246,2.44,1.00
2017.03.09 14:04:52.182,1.13234,1.13248,2.44,1.50
2017.03.09 14:04:52.335,1.13237,1.1325,1.12,1.50
2017.03.09 14:04:52.387,1.13239,1.1325,1.25,1.00
2017.03.09 14:04:52.691,1.13247,1.13258,1.00,1.75
2017.03.09 14:04:52.793,1.13249,1.13258,1.00,1.12
2017.03.09 14:04:53.210,1.13247,1.13259,1.12,1.25
2017.03.09 14:04:53.668,1.13249,1.13262,1.00,2.06
2017.03.09 14:04:53.719,1.13247,1.13262,1.12,1.56
2017.03.09 14:04:54.534,1.13247,1.13254,1.12,1.00
2017.03.09 14:04:54.636,1.13243,1.13253,1.75,1.12
2017.03.09 14:04:54.849,1.13244,1.13256,1.00,1.25
2017.03.09 14:04:55.054,1.13249,1.13257,1.00,1.12
2017.03.09 14:04:55.358,1.13254,1.13263,1.00,1.37
2017.03.09 14:04:55.410,1.13251,1.13263,1.00,1.00
2017.03.09 14:04:55.461,1.13254,1.13263,1.00,1.09
2017.03.09 14:04:55.512,1.13252,1.13264,1.00,1.34
2017.03.09 14:04:56.449,1.13251,1.13264,1.00,5.15
2017.03.09 14:04:57.667,1.13252,1.13264,1.00,5.53
2017.03.09 14:04:57.768,1.13253,1.13264,1.00,1.78
2017.03.09 14:04:57.870,1.13252,1.13264,1.00,1.78
2017.03.09 14:04:58.174,1.13251,1.13258,1.00,1.00
2017.03.09 14:04:58.293,1.13251,1.13264,1.00,1.78
2017.03.09 14:04:58.344,1.13253,1.13264,1.00,1.78
2017.03.09 14:04:58.446,1.13251,1.13264,1.00,1.78
2017.03.09 14:04:58.766,1.13253,1.13264,1.00,2.53
2017.03.09 14:04:58.919,1.13251,1.13263,1.00,3.84
2017.03.09 14:04:58.970,1.13253,1.13263,1.00,1.40
2017.03.09 14:04:59.335,1.13253,1.13265,1.00,1.40
2017.03.09 14:04:59.386,1.13255,1.13265,1.00,1.21
2017.03.09 14:04:59.589,1.13257,1.13269,1.00,1.50
2017.03.09 14:05:00.095,1.13258,1.13269,1.00,1.00
2017.03.09 14:05:00.525,1.13257,1.13263,1.00,1.00
2017.03.09 14:05:00.576,1.13257,1.13268,1.00,1.12
2017.03.09 14:05:00.779,1.13261,1.1327,1.00,1.46
2017.03.09 14:05:00.982,1.13261,1.13273,1.00,1.37
2017.03.09 14:05:01.034,1.13261,1.13273,1.00,1.00
2017.03.09 14:05:01.085,1.13263,1.13273,1.00,1.00
2017.03.09 14:05:01.396,1.13265,1.13274,1.00,1.00
2017.03.09 14:05:01.701,1.13264,1.13269,1.00,1.00
2017.03.09 14:05:01.752,1.13265,1.13273,1.00,1.00
2017.03.09 14:05:01.854,1.13263,1.13274,1.12,1.00
2017.03.09 14:05:01.956,1.13261,1.13278,2.44,1.69
2017.03.09 14:05:02.109,1.13262,1.13274,1.50,1.00
2017.03.09 14:05:02.467,1.13265,1.13279,3.19,2.25
2017.03.09 14:05:02.519,1.13268,1.13279,1.12,1.75
2017.03.09 14:05:02.620,1.13268,1.13279,1.00,1.12
2017.03.09 14:05:02.773,1.13268,1.13283,1.50,2.05
2017.03.09 14:05:03.134,1.13268,1.13279,1.12,1.00
2017.03.09 14:05:03.294,1.13268,1.13283,1.12,2.05
2017.03.09 14:05:03.345,1.13266,1.13279,3.94,1.00
2017.03.09 14:05:03.902,1.13266,1.13278,2.44,1.00
2017.03.09 14:05:04.054,1.13266,1.13278,1.19,1.00
2017.03.09 14:05:04.560,1.13264,1.13281,1.69,3.00
2017.03.09 14:05:04.813,1.13266,1.13281,1.69,1.00
2017.03.09 14:05:05.138,1.13265,1.13279,1.19,1.00
2017.03.09 14:05:05.684,1.13266,1.1328,1.00,1.69
2017.03.09 14:05:06.303,1.13267,1.1328,1.00,1.69
2017.03.09 14:05:06.633,1.13267,1.1328,1.00,1.69
2017.03.09 14:05:07.503,1.13269,1.13279,1.00,1.37
2017.03.09 14:05:07.757,1.13268,1.13282,1.00,3.71
2017.03.09 14:05:07.808,1.1327,1.13282,1.00,4.46
2017.03.09 14:05:08.355,1.13275,1.13282,1.00,2.25
2017.03.09 14:05:08.406,1.13272,1.13282,1.00,1.50
2017.03.09 14:05:08.457,1.13279,1.13283,1.00,1.00
2017.03.09 14:05:08.698,1.13283,1.1329,1.00,1.00
2017.03.09 14:05:08.749,1.13281,1.13294,1.37,1.00
2017.03.09 14:05:08.800,1.13282,1.13292,1.00,1.20
2017.03.09 14:05:08.851,1.1328,1.13292,1.00,1.31
2017.03.09 14:05:08.902,1.13282,1.13293,1.00,1.50
2017.03.09 14:05:09.281,1.13285,1.13296,1.00,2.44
2017.03.09 14:05:09.443,1.13283,1.13295,1.00,1.25
2017.03.09 14:05:09.596,1.13281,1.13294,1.00,1.20
2017.03.09 14:05:09.748,1.13284,1.13293,1.00,1.00
2017.03.09 14:05:10.104,1.13282,1.13295,1.00,2.21
2017.03.09 14:05:10.550,1.13284,1.13294,1.00,1.20
2017.03.09 14:05:10.702,1.13281,1.13295,1.00,1.36
2017.03.09 14:05:10.855,1.13281,1.13295,1.00,5.86
2017.03.09 14:05:11.358,1.13282,1.13293,1.00,1.04
2017.03.09 14:05:11.719,1.13286,1.13294,1.00,1.54
2017.03.09 14:05:12.177,1.13288,1.13298,1.00,1.17
2017.03.09 14:05:12.228,1.13286,1.13299,1.00,1.92
2017.03.09 14:05:12.735,1.13286,1.13299,1.00,2.86
2017.03.09 14:05:12.888,1.13288,1.13299,1.00,1.69
2017.03.09 14:05:13.477,1.13287,1.13298,1.00,2.06
2017.03.09 14:05:13.985,1.13288,1.13299,1.00,1.69
2017.03.09 14:05:14.036,1.13286,1.13299,1.00,1.69
2017.03.09 14:05:14.695,1.13285,1.13298,1.00,1.31
2017.03.09 14:05:14.848,1.13288,1.13295,1.00,1.00
2017.03.09 14:05:15.002,1.13287,1.13298,1.00,2.06
2017.03.09 14:05:15.306,1.13284,1.13297,1.00,1.56
2017.03.09 14:05:15.504,1.13281,1.13295,1.19,1.12
2017.03.09 14:05:15.913,1.13284,1.13295,1.00,1.87
2017.03.09 14:05:16.458,1.13284,1.13296,1.12,1.25
2017.03.09 14:05:16.813,1.13286,1.13298,1.00,2.44
2017.03.09 14:05:17.115,1.13288,1.133,1.00,2.11
2017.03.09 14:05:17.368,1.13284,1.13298,1.62,1.73
2017.03.09 14:05:17.909,1.13284,1.13298,1.75,1.75
2017.03.09 14:05:18.415,1.13283,1.13297,1.00,2.11
2017.03.09 14:05:18.611,1.13285,1.13297,1.00,2.86
2017.03.09 14:05:18.967,1.13291,1.13296,1.00,2.25
2017.03.09 14:05:19.069,1.13289,1.13298,1.50,1.00
2017.03.09 14:05:19.443,1.13285,1.13295,3.75,1.12
2017.03.09 14:05:19.646,1.13282,1.13293,3.75,1.00
2017.03.09 14:05:19.747,1.13283,1.13293,1.50,1.12
2017.03.09 14:05:20.071,1.13284,1.13295,1.12,1.25
2017.03.09 14:05:20.277,1.13282,1.13294,2.44,1.00
2017.03.09 14:05:20.329,1.13284,1.13294,1.00,1.42
2017.03.09 14:05:20.380,1.13282,1.13294,2.44,1.42
2017.03.09 14:05:20.482,1.13284,1.13293,1.00,1.04
2017.03.09 14:05:20.635,1.13285,1.13294,1.12,1.12
2017.03.09 14:05:21.038,1.13283,1.13298,1.31,2.48
2017.03.09 14:05:21.191,1.13281,1.13294,1.12,1.19
2017.03.09 14:05:21.334,1.1328,1.13295,2.06,1.69
2017.03.09 14:05:21.436,1.13283,1.13296,1.00,1.94
2017.03.09 14:05:21.741,1.13282,1.13292,1.00,1.37
2017.03.09 14:05:22.073,1.13292,1.133,1.00,1.12
2017.03.09 14:05:22.125,1.13293,1.13303,1.00,1.00
2017.03.09 14:05:22.277,1.13294,1.13307,1.00,2.06
2017.03.09 14:05:22.788,1.13291,1.13306,1.69,1.19
2017.03.09 14:05:22.917,1.13293,1.13306,1.87,1.19
2017.03.09 14:05:22.969,1.13295,1.13307,1.12,1.69
2017.03.09 14:05:23.071,1.13294,1.13305,1.00,1.00
2017.03.09 14:05:23.422,1.13291,1.13303,1.69,1.00
2017.03.09 14:05:23.574,1.13292,1.13305,1.12,1.25
2017.03.09 14:05:23.895,1.13291,1.13306,1.19,1.50
2017.03.09 14:05:24.098,1.13296,1.1331,1.19,1.50
2017.03.09 14:05:24.149,1.13295,1.1331,1.50,1.53
2017.03.09 14:05:24.467,1.13298,1.13309,1.00,1.35
2017.03.09 14:05:24.876,1.13296,1.1331,1.31,1.01
2017.03.09 14:05:25.252,1.13293,1.13307,2.00,1.01
2017.03.09 14:05:25.358,1.13292,1.13308,1.19,2.33
2017.03.09 14:05:25.612,1.13291,1.13307,1.75,1.19
2017.03.09 14:05:25.865,1.13289,1.13303,1.50,1.69
2017.03.09 14:05:25.967,1.13289,1.13303,1.37,1.69
2017.03.09 14:05:26.119,1.13286,1.133,1.69,2.14
2017.03.09 14:05:26.272,1.13284,1.13298,1.37,1.25
2017.03.09 14:05:26.324,1.13289,1.13297,1.00,1.01
2017.03.09 14:05:26.375,1.13287,1.13297,1.00,2.14
2017.03.09 14:05:26.587,1.13285,1.13299,1.12,1.31
2017.03.09 14:05:26.739,1.13286,1.13299,1.12,1.00
2017.03.09 14:05:26.790,1.13286,1.13297,1.19,1.00
2017.03.09 14:05:26.892,1.13286,1.13302,2.81,1.50
2017.03.09 14:05:26.944,1.13286,1.133,1.19,1.00
2017.03.09 14:05:27.096,1.13288,1.13304,1.56,1.87
2017.03.09 14:05:27.147,1.13288,1.13304,5.44,1.00
2017.03.09 14:05:27.496,1.13293,1.13307,1.19,1.75
2017.03.09 14:05:27.598,1.13293,1.13306,1.12,1.00
2017.03.09 14:05:27.649,1.13291,1.13302,1.75,1.00
2017.03.09 14:05:28.141,1.13282,1.13287,1.37,1.00
2017.03.09 14:05:28.243,1.13279,1.13287,1.00,1.00
2017.03.09 14:05:28.294,1.13275,1.13287,1.00,1.69
2017.03.09 14:05:28.396,1.13271,1.13281,1.00,1.25
2017.03.09 14:05:28.785,1.13266,1.13272,2.25,1.19
2017.03.09 14:05:28.836,1.13259,1.13273,1.69,1.76
2017.03.09 14:05:28.938,1.13264,1.13274,1.00,1.00
2017.03.09 14:05:29.191,1.1326,1.13273,1.62,1.00
2017.03.09 14:05:29.383,1.1326,1.13275,1.00,2.81
2017.03.09 14:05:29.434,1.13258,1.13273,2.25,1.19
2017.03.09 14:05:29.738,1.13264,1.13276,1.00,1.87
2017.03.09 14:05:29.890,1.13261,1.13276,1.25,3.30
2017.03.09 14:05:29.941,1.13258,1.13276,1.56,4.42
2017.03.09 14:05:30.116,1.13254,1.13272,2.44,2.55
2017.03.09 14:05:30.217,1.13257,1.13269,1.00,1.25
2017.03.09 14:05:30.523,1.13257,1.13271,1.75,1.69
2017.03.09 14:05:30.574,1.13257,1.13271,1.62,1.00
2017.03.09 14:05:30.625,1.13257,1.13271,1.00,1.31
2017.03.09 14:05:30.754,1.13254,1.13268,1.56,1.50
2017.03.09 14:05:31.059,1.13255,1.13268,1.62,1.00
2017.03.09 14:05:31.211,1.13252,1.13268,2.25,1.19
2017.03.09 14:05:31.761,1.13253,1.13269,1.50,1.69
2017.03.09 14:05:31.915,1.13252,1.13269,1.12,2.44
2017.03.09 14:05:32.652,1.13254,1.1327,1.25,1.31
2017.03.09 14:05:32.703,1.13256,1.13271,1.19,1.50
2017.03.09 14:05:33.060,1.13254,1.1327,1.25,1.31
2017.03.09 14:05:33.362,1.13256,1.13272,1.37,1.33
2017.03.09 14:05:33.617,1.13256,1.13272,1.56,2.81
2017.03.09 14:05:33.669,1.13259,1.13272,1.19,1.50
2017.03.09 14:05:33.771,1.13258,1.13273,1.69,1.50
2017.03.09 14:05:33.873,1.1326,1.13274,1.25,1.31
2017.03.09 14:05:33.924,1.13258,1.13275,1.12,3.67
2017.03.09 14:05:33.975,1.13258,1.13275,2.06,2.44
2017.03.09 14:05:34.517,1.13261,1.13273,1.00,1.12
2017.03.09 14:05:35.118,1.1326,1.13273,1.00,2.06
2017.03.09 14:05:35.422,1.1326,1.13271,1.00,1.50
2017.03.09 14:05:35.878,1.13256,1.13271,1.12,2.06
2017.03.09 14:05:35.979,1.13255,1.13267,1.69,1.00
2017.03.09 14:05:36.324,1.13255,1.13267,1.00,1.31
2017.03.09 14:05:36.477,1.13255,1.13267,1.00,1.00
2017.03.09 14:05:36.629,1.13258,1.13266,1.00,1.00
2017.03.09 14:05:36.680,1.13258,1.1327,1.00,1.75
2017.03.09 14:05:36.781,1.13257,1.13268,1.00,1.62
2017.03.09 14:05:37.288,1.13261,1.1327,1.00,3.56
2017.03.09 14:05:37.491,1.13256,1.13268,1.87,3.41
2017.03.09 14:05:37.542,1.13254,1.13263,2.25,1.25
2017.03.09 14:05:37.849,1.13252,1.13264,1.00,2.36
2017.03.09 14:05:37.901,1.1325,1.13262,1.00,1.37
2017.03.09 14:05:37.952,1.13248,1.13261,1.00,1.31
2017.03.09 14:05:38.114,1.13246,1.13259,1.19,1.87
2017.03.09 14:05:38.166,1.13244,1.13257,1.00,1.25
2017.03.09 14:05:38.217,1.13246,1.13257,1.00,1.69
2017.03.09 14:05:38.320,1.13243,1.13256,1.00,1.69
2017.03.09 14:05:38.372,1.13241,1.13256,1.25,2.44
2017.03.09 14:05:38.425,1.13246,1.13255,1.00,1.56
2017.03.09 14:05:38.476,1.13243,1.13253,1.00,1.19
2017.03.09 14:05:38.680,1.13243,1.13252,1.00,1.19
2017.03.09 14:05:38.782,1.13239,1.13248,1.00,1.31
2017.03.09 14:05:38.935,1.13239,1.1325,1.00,1.25
2017.03.09 14:05:39.135,1.13237,1.13252,1.00,2.44
2017.03.09 14:05:39.186,1.13238,1.13252,1.37,1.00
2017.03.09 14:05:39.492,1.13252,1.13263,1.00,1.69
2017.03.09 14:05:39.544,1.13249,1.13263,1.50,1.19
2017.03.09 14:05:39.645,1.1325,1.13259,2.25,1.00
2017.03.09 14:05:39.696,1.13248,1.13259,1.87,1.00
2017.03.09 14:05:39.798,1.13251,1.13264,1.00,1.19
2017.03.09 14:05:39.985,1.13248,1.13263,1.35,1.25
2017.03.09 14:05:40.188,1.13249,1.13264,1.37,1.19
2017.03.09 14:05:40.493,1.13248,1.13258,1.00,1.00
2017.03.09 14:05:40.796,1.13245,1.13255,1.75,1.00
2017.03.09 14:05:41.234,1.13245,1.13257,1.75,1.00
2017.03.09 14:05:41.387,1.13245,1.1326,2.44,1.00
2017.03.09 14:05:41.488,1.13248,1.13261,1.37,1.62
2017.03.09 14:05:41.995,1.13248,1.13261,1.75,1.25
2017.03.09 14:05:42.098,1.13248,1.13263,1.75,1.25
2017.03.09 14:05:42.569,1.13248,1.13261,1.75,1.69
2017.03.09 14:05:42.772,1.13244,1.13259,1.69,1.00
2017.03.09 14:05:42.874,1.13247,1.13261,1.19,1.12
2017.03.09 14:05:43.279,1.13247,1.13259,1.75,1.00
2017.03.09 14:05:43.470,1.13246,1.13259,1.25,1.00
2017.03.09 14:05:43.978,1.13243,1.13259,2.25,1.69
2017.03.09 14:05:44.130,1.13242,1.13256,2.44,1.00
2017.03.09 14:05:44.434,1.13247,1.13261,1.37,2.06
2017.03.09 14:05:44.857,1.13247,1.13263,1.69,1.31
2017.03.09 14:05:44.908,1.13247,1.1326,1.69,1.00
2017.03.09 14:05:45.111,1.13247,1.1326,1.00,1.69
2017.03.09 14:05:45.162,1.13246,1.13258,1.50,1.19
2017.03.09 14:05:45.213,1.13245,1.13261,2.06,2.06
2017.03.09 14:05:45.466,1.13244,1.13258,3.56,1.00
2017.03.09 14:05:45.972,1.13244,1.1326,2.44,1.25
2017.03.09 14:05:46.122,1.13246,1.13262,1.56,1.69
2017.03.09 14:05:46.528,1.13247,1.1326,1.00,1.19
2017.03.09 14:05:46.832,1.13251,1.13264,1.00,1.37
2017.03.09 14:05:47.086,1.13253,1.13267,1.00,1.19
2017.03.09 14:05:47.329,1.13253,1.13267,1.05,1.19
2017.03.09 14:05:48.500,1.13257,1.13269,1.05,2.81
2017.03.09 14:05:48.551,1.13256,1.13269,1.67,2.06
2017.03.09 14:05:49.066,1.13254,1.13268,3.86,1.31
2017.03.09 14:05:49.472,1.13259,1.1327,3.67,1.31
2017.03.09 14:05:49.574,1.13258,1.1327,1.05,1.19
2017.03.09 14:05:49.878,1.13254,1.13269,4.17,1.19
2017.03.09 14:05:50.419,1.13254,1.13269,2.52,1.19
2017.03.09 14:05:51.034,1.13257,1.1327,3.42,1.25
2017.03.09 14:05:51.275,1.13257,1.13272,1.42,1.31
2017.03.09 14:05:51.533,1.13257,1.13274,5.11,2.00
2017.03.09 14:05:51.786,1.1326,1.13275,1.09,1.19
2017.03.09 14:05:52.396,1.1326,1.13272,1.09,1.19
2017.03.09 14:05:52.447,1.1326,1.13272,1.00,1.19
2017.03.09 14:05:53.147,1.1326,1.13272,1.09,1.19
2017.03.09 14:05:53.555,1.13259,1.13271,1.00,1.19
2017.03.09 14:05:53.658,1.13257,1.13269,1.12,1.19
2017.03.09 14:05:54.038,1.13259,1.13269,1.00,1.19
2017.03.09 14:05:54.190,1.13256,1.13269,1.50,1.19
2017.03.09 14:05:54.494,1.13254,1.13269,1.00,3.19
2017.03.09 14:05:54.545,1.13256,1.13269,1.00,2.81
2017.03.09 14:05:54.849,1.1326,1.1327,1.00,1.87
2017.03.09 14:05:55.169,1.13263,1.13272,1.00,1.00
2017.03.09 14:05:55.272,1.13264,1.13274,1.00,1.12
2017.03.09 14:05:55.374,1.13264,1.13273,1.00,1.19
2017.03.09 14:05:55.477,1.1326,1.13276,1.37,2.81
2017.03.09 14:05:55.783,1.13264,1.13274,1.00,1.50
2017.03.09 14:05:56.028,1.13262,1.13274,1.00,1.62
2017.03.09 14:05:56.130,1.1326,1.13273,1.59,1.31
2017.03.09 14:05:56.332,1.13263,1.13273,1.00,2.44
2017.03.09 14:05:56.535,1.13266,1.13275,1.00,1.25
2017.03.09 14:05:56.688,1.13268,1.13277,1.00,1.69
2017.03.09 14:05:57.024,1.13271,1.13283,1.00,1.56
2017.03.09 14:05:57.335,1.13275,1.13283,1.00,1.00
2017.03.09 14:05:57.539,1.13279,1.13289,1.00,1.37
2017.03.09 14:05:57.591,1.13279,1.1329,1.00,1.25
2017.03.09 14:05:57.989,1.13278,1.13288,1.00,1.69
2017.03.09 14:05:58.091,1.13275,1.13286,1.00,1.25
2017.03.09 14:05:58.192,1.13273,1.13286,1.12,1.25
2017.03.09 14:05:58.395,1.13275,1.13286,1.00,1.25
2017.03.09 14:05:58.698,1.13278,1.13289,1.00,2.44
2017.03.09 14:05:59.053,1.13276,1.13289,1.00,2.44
2017.03.09 14:05:59.360,1.13277,1.13288,1.00,3.19
2017.03.09 14:05:59.411,1.13274,1.13287,1.00,1.94
2017.03.09 14:05:59.816,1.13272,1.13284,1.00,1.69
2017.03.09 14:06:00.019,1.1327,1.13282,1.00,1.31
2017.03.09 14:06:00.217,1.13269,1.13279,1.00,1.69
2017.03.09 14:06:00.522,1.13278,1.13285,1.00,1.31
2017.03.09 14:06:00.573,1.13276,1.13287,1.00,2.36
2017.03.09 14:06:00.675,1.13276,1.13285,1.00,1.19
2017.03.09 14:06:00.878,1.13276,1.13287,1.00,1.69
2017.03.09 14:06:00.929,1.13278,1.13287,1.00,1.25
2017.03.09 14:06:01.432,1.13277,1.13287,1.00,1.25
2017.03.09 14:06:01.737,1.13278,1.13287,1.00,2.62
2017.03.09 14:06:01.892,1.1328,1.1329,1.00,2.25
2017.03.09 14:06:01.943,1.1328,1.1329,1.00,2.53
2017.03.09 14:06:02.045,1.13277,1.13289,1.00,1.31
2017.03.09 14:06:02.304,1.13278,1.13285,1.00,1.19
2017.03.09 14:06:02.355,1.13272,1.13284,1.00,1.19
2017.03.09 14:06:02.710,1.13272,1.13282,1.00,1.69
2017.03.09 14:06:02.761,1.13267,1.13279,1.00,1.78
2017.03.09 14:06:02.864,1.13265,1.13279,1.12,3.28
2017.03.09 14:06:02.915,1.13265,1.13276,1.00,1.40
2017.03.09 14:06:03.904,1.13263,1.13276,1.00,2.15
2017.03.09 14:06:04.056,1.13262,1.13274,1.00,2.53
2017.03.09 14:06:04.596,1.13263,1.13273,1.00,1.62
2017.03.09 14:06:04.901,1.13267,1.13278,1.00,1.42
2017.03.09 14:06:05.055,1.13269,1.13279,1.00,2.06
2017.03.09 14:06:05.511,1.13267,1.13277,1.00,1.19
2017.03.09 14:06:06.080,1.13267,1.13279,1.00,1.69
2017.03.09 14:06:06.408,1.13269,1.13279,1.00,1.19
2017.03.09 14:06:06.667,1.13275,1.13287,1.00,1.31
2017.03.09 14:06:06.769,1.13277,1.13289,1.00,1.00
2017.03.09 14:06:07.331,1.13278,1.13292,1.00,2.44
2017.03.09 14:06:07.741,1.13281,1.13292,1.00,2.44
2017.03.09 14:06:07.997,1.13283,1.13294,1.00,1.25
2017.03.09 14:06:08.100,1.13281,1.13293,1.00,1.19
2017.03.09 14:06:08.475,1.13281,1.13294,1.00,1.69
2017.03.09 14:06:08.678,1.13279,1.13293,1.50,1.19
2017.03.09 14:06:08.881,1.13276,1.1329,1.37,1.19
2017.03.09 14:06:08.932,1.13275,1.1329,1.12,1.19
2017.03.09 14:06:09.396,1.13276,1.13289,1.37,1.12
2017.03.09 14:06:09.701,1.13281,1.13295,1.00,2.44
2017.03.09 14:06:09.752,1.13279,1.13295,2.44,2.44
2017.03.09 14:06:10.293,1.13277,1.13293,1.00,7.11
2017.03.09 14:06:10.803,1.13278,1.13293,1.00,3.56
2017.03.09 14:06:10.904,1.13275,1.13293,1.69,3.56
2017.03.09 14:06:11.006,1.13274,1.1329,1.75,1.19
2017.03.09 14:06:11.159,1.13272,1.13287,2.44,1.00
2017.03.09 14:06:11.437,1.13272,1.13285,2.81,1.00
2017.03.09 14:06:11.602,1.13272,1.13287,1.69,1.50
2017.03.09 14:06:12.747,1.13273,1.13286,1.37,1.00
2017.03.09 14:06:12.899,1.13272,1.13284,2.62,1.00
2017.03.09 14:06:13.001,1.13268,1.13284,3.56,1.37
2017.03.09 14:06:13.052,1.1327,1.13283,1.00,1.31
2017.03.09 14:06:13.320,1.13271,1.13283,1.37,1.19
2017.03.09 14:06:13.448,1.13271,1.13283,1.50,1.19
2017.03.09 14:06:13.553,1.13269,1.13283,1.00,1.19
2017.03.09 14:06:13.707,1.1327,1.13283,1.37,1.19
2017.03.09 14:06:14.113,1.13271,1.13285,1.50,1.31
2017.03.09 14:06:14.216,1.13271,1.13285,2.25,1.56
2017.03.09 14:06:14.518,1.13272,1.13285,1.50,1.56
2017.03.09 14:06:14.772,1.13271,1.13281,1.50,1.19
2017.03.09 14:06:15.129,1.13268,1.13281,1.00,1.19
2017.03.09 14:06:15.180,1.1327,1.13283,2.25,2.61
2017.03.09 14:06:15.486,1.13269,1.13281,1.00,1.19
2017.03.09 14:06:16.099,1.13268,1.13281,1.00,3.36
2017.03.09 14:06:16.442,1.13267,1.13278,1.75,1.31
2017.03.09 14:06:16.696,1.13263,1.13276,1.87,1.19
2017.03.09 14:06:16.747,1.13262,1.13276,2.62,1.19
2017.03.09 14:06:17.851,1.13262,1.13279,2.44,1.31
2017.03.09 14:06:17.953,1.13266,1.13279,1.00,1.31
2017.03.09 14:06:18.358,1.13262,1.13275,1.75,1.00
2017.03.09 14:06:18.693,1.13262,1.13274,1.12,1.69
2017.03.09 14:06:19.214,1.1326,1.13272,1.50,1.00
2017.03.09 14:06:19.752,1.1326,1.13273,1.50,1.25
2017.03.09 14:06:20.302,1.1326,1.13271,1.50,1.19
2017.03.09 14:06:20.353,1.13262,1.13272,1.12,1.50
2017.03.09 14:06:20.404,1.13262,1.13275,1.12,1.31
2017.03.09 14:06:20.557,1.13262,1.1327,1.12,1.00
2017.03.09 14:06:20.872,1.13257,1.13269,1.50,1.19
2017.03.09 14:06:21.026,1.13257,1.13268,1.00,1.69
2017.03.09 14:06:21.333,1.13256,1.13271,2.44,2.80
2017.03.09 14:06:21.384,1.13259,1.13273,2.55,2.44
2017.03.09 14:06:21.690,1.13257,1.13268,4.80,1.00
2017.03.09 14:06:22.084,1.13255,1.13268,3.49,1.00
2017.03.09 14:06:22.642,1.13255,1.13267,3.49,1.00
2017.03.09 14:06:22.794,1.13254,1.13265,1.00,1.00
2017.03.09 14:06:23.325,1.13254,1.13267,1.37,1.19
2017.03.09 14:06:23.950,1.13251,1.13267,5.92,1.19
2017.03.09 14:06:24.001,1.13251,1.13268,6.67,3.19
2017.03.09 14:06:24.150,1.13253,1.13268,1.37,1.69
2017.03.09 14:06:24.632,1.13257,1.13267,1.00,1.19
2017.03.09 14:06:25.347,1.13253,1.13268,2.25,2.06
2017.03.09 14:06:25.698,1.13257,1.13269,1.00,1.31
2017.03.09 14:06:26.204,1.13257,1.13269,1.00,1.00
2017.03.09 14:06:26.732,1.13255,1.13269,1.69,1.00
2017.03.09 14:06:27.250,1.13255,1.13269,2.25,1.19
2017.03.09 14:06:27.504,1.13256,1.1327,1.12,1.12
2017.03.09 14:06:27.960,1.13257,1.13269,1.37,1.00
2017.03.09 14:06:28.061,1.13257,1.13272,1.50,1.69
2017.03.09 14:06:28.214,1.13257,1.13264,1.50,1.19
2017.03.09 14:06:28.265,1.13251,1.13264,1.50,1.56
2017.03.09 14:06:28.316,1.13251,1.13263,1.00,1.19
2017.03.09 14:06:28.773,1.13247,1.13264,5.17,1.56
2017.03.09 14:06:28.824,1.13249,1.1326,1.00,1.25
2017.03.09 14:06:29.128,1.13252,1.13262,1.00,1.69
2017.03.09 14:06:29.639,1.13251,1.13261,1.00,1.69
2017.03.09 14:06:30.148,1.1325,1.13261,1.12,1.56
2017.03.09 14:06:30.468,1.13254,1.13264,1.00,2.06
2017.03.09 14:06:31.124,1.13253,1.13264,1.00,1.19
2017.03.09 14:06:31.725,1.13254,1.13265,1.00,1.69
2017.03.09 14:06:32.130,1.13256,1.13265,1.00,1.12
2017.03.09 14:06:32.180,1.13256,1.13265,1.00,1.00
2017.03.09 14:06:32.686,1.13257,1.13265,1.00,1.00
2017.03.09 14:06:33.028,1.13254,1.13267,1.50,1.94
2017.03.09 14:06:33.181,1.13257,1.13267,1.00,1.12
2017.03.09 14:06:33.384,1.13254,1.13267,1.12,1.56
2017.03.09 14:06:33.435,1.13254,1.13266,1.00,1.31
2017.03.09 14:06:33.739,1.13255,1.13262,1.00,1.19
2017.03.09 14:06:33.841,1.13253,1.13262,1.05,1.19
2017.03.09 14:06:33.943,1.13259,1.13267,1.00,2.06
2017.03.09 14:06:34.045,1.1326,1.13269,1.00,1.25
2017.03.09 14:06:34.242,1.13262,1.13272,1.00,1.19
2017.03.09 14:06:34.749,1.1326,1.13272,1.42,1.19
2017.03.09 14:06:35.054,1.13264,1.13272,1.00,1.19
2017.03.09 14:06:35.156,1.13262,1.13272,1.00,1.19
2017.03.09 14:06:35.398,1.13264,1.13271,1.00,1.00
2017.03.09 14:06:35.603,1.13264,1.13275,1.00,2.00
2017.03.09 14:06:35.705,1.13266,1.13277,1.00,3.56
2017.03.09 14:06:35.958,1.13263,1.13278,1.50,1.94
2017.03.09 14:06:36.009,1.13263,1.13274,1.00,1.31
2017.03.09 14:06:36.314,1.13261,1.13271,1.00,1.12
2017.03.09 14:06:36.889,1.13261,1.13268,1.00,1.00
2017.03.09 14:06:37.291,1.13258,1.13268,1.00,1.00
2017.03.09 14:06:37.862,1.13259,1.13271,1.00,1.87
2017.03.09 14:06:38.164,1.13257,1.13271,2.25,2.25
2017.03.09 14:06:38.510,1.13256,1.13265,1.00,1.69
2017.03.09 14:06:38.814,1.13254,1.13263,1.00,1.19
2017.03.09 14:06:38.916,1.13251,1.13263,1.37,1.56
2017.03.09 14:06:38.968,1.1325,1.13263,1.50,1.56
2017.03.09 14:06:39.430,1.13248,1.13261,1.50,1.25
2017.03.09 14:06:40.007,1.13248,1.13262,1.00,1.31
2017.03.09 14:06:40.312,1.1325,1.13261,1.00,4.31
2017.03.09 14:06:40.662,1.1325,1.13261,1.75,1.31
2017.03.09 14:06:40.816,1.13247,1.13262,2.25,4.31
2017.03.09 14:06:41.276,1.13247,1.13262,2.55,1.19
2017.03.09 14:06:41.429,1.13251,1.13262,1.00,1.19
2017.03.09 14:06:41.530,1.13248,1.13263,2.25,1.69
2017.03.09 14:06:41.632,1.13248,1.1326,2.25,1.19
2017.03.09 14:06:41.683,1.13249,1.13261,1.50,1.25
2017.03.09 14:06:41.937,1.13251,1.13262,1.00,1.69
2017.03.09 14:06:42.215,1.13251,1.13265,1.12,1.56
2017.03.09 14:06:42.317,1.13251,1.13265,1.12,1.56
2017.03.09 14:06:42.598,1.13251,1.13265,1.12,1.56
2017.03.09 14:06:43.006,1.13253,1.13265,1.00,1.56
2017.03.09 14:06:43.208,1.13251,1.13265,1.12,2.06
2017.03.09 14:06:43.260,1.13253,1.13261,1.00,1.00
2017.03.09 14:06:43.737,1.13251,1.13263,2.92,1.19
2017.03.09 14:06:44.022,1.13252,1.13265,1.50,1.69
2017.03.09 14:06:44.175,1.13252,1.13265,2.25,1.19
2017.03.09 14:06:44.610,1.13256,1.13265,1.00,1.19
2017.03.09 14:06:44.661,1.13256,1.13268,1.87,2.06
2017.03.09 14:06:45.166,1.13252,1.13268,5.92,2.44
2017.03.09 14:06:45.268,1.13253,1.13268,1.42,1.69
2017.03.09 14:06:45.675,1.13252,1.13267,2.17,1.25
2017.03.09 14:06:45.726,1.13255,1.13268,3.30,1.69
2017.03.09 14:06:45.828,1.13252,1.13268,2.55,2.81
2017.03.09 14:06:46.082,1.13256,1.13268,1.00,2.06
2017.03.09 14:06:46.184,1.13253,1.13268,2.02,2.06
2017.03.09 14:06:46.293,1.13255,1.13268,1.37,1.69
2017.03.09 14:06:46.345,1.13257,1.1327,1.50,1.69
2017.03.09 14:06:46.447,1.13257,1.13272,2.36,1.56
2017.03.09 14:06:46.499,1.13259,1.13272,1.37,1.56
2017.03.09 14:06:46.854,1.13258,1.13272,1.05,1.56
2017.03.09 14:06:46.955,1.13262,1.13272,1.00,1.37
2017.03.09 14:06:47.057,1.13264,1.13276,1.00,1.50
2017.03.09 14:06:47.109,1.13264,1.13276,1.00,1.69
2017.03.09 14:06:47.429,1.13273,1.13279,1.00,1.31
2017.03.09 14:06:47.480,1.13272,1.1328,1.00,1.00
2017.03.09 14:06:47.683,1.1327,1.13283,1.42,1.56
2017.03.09 14:06:47.735,1.13273,1.13283,1.00,1.56
2017.03.09 14:06:47.989,1.1328,1.1329,1.00,1.37
2017.03.09 14:06:48.091,1.13278,1.13291,1.00,1.62
2017.03.09 14:06:48.294,1.13276,1.13288,1.50,1.19
2017.03.09 14:06:48.452,1.13275,1.13288,1.00,1.19
2017.03.09 14:06:48.756,1.13275,1.13284,1.00,1.19
2017.03.09 14:06:49.060,1.13272,1.13284,1.50,1.19
2017.03.09 14:06:49.162,1.13272,1.13282,1.00,1.31
2017.03.09 14:06:49.263,1.13271,1.13285,1.37,2.44
2017.03.09 14:06:49.544,1.13271,1.13283,1.00,1.37
2017.03.09 14:06:50.346,1.13271,1.13284,1.00,2.06
2017.03.09 14:06:50.448,1.1327,1.13283,1.12,1.31
2017.03.09 14:06:50.600,1.13267,1.1328,1.69,1.00
2017.03.09 14:06:51.122,1.13267,1.1328,1.25,1.00
2017.03.09 14:06:51.672,1.13269,1.1328,1.00,1.31
2017.03.09 14:06:51.875,1.13265,1.13281,1.69,5.44
2017.03.09 14:06:51.977,1.13266,1.13279,1.50,2.00
2017.03.09 14:06:52.484,1.13266,1.1328,2.25,2.06
2017.03.09 14:06:53.458,1.13264,1.13278,1.75,1.36
2017.03.09 14:06:53.709,1.13271,1.13283,1.00,1.25
2017.03.09 14:06:54.217,1.13272,1.13287,1.00,3.61
2017.03.09 14:06:54.759,1.13272,1.13288,1.00,1.61
2017.03.09 14:06:55.201,1.13269,1.13285,2.25,1.25
2017.03.09 14:06:55.252,1.13271,1.13285,1.00,1.61
2017.03.09 14:06:55.354,1.13273,1.13285,1.00,1.17
2017.03.09 14:06:55.405,1.13271,1.13287,2.44,2.11
2017.03.09 14:06:55.457,1.13274,1.13287,1.00,1.42
2017.03.09 14:06:55.863,1.13273,1.13288,1.31,1.06
2017.03.09 14:06:56.521,1.13272,1.13286,1.50,1.25
2017.03.09 14:06:56.825,1.13271,1.13286,1.75,2.11
2017.03.09 14:06:56.927,1.13271,1.13286,1.00,2.11
2017.03.09 14:06:57.079,1.13272,1.13288,4.59,2.44
2017.03.09 14:06:57.130,1.13272,1.13288,4.96,2.44
2017.03.09 14:06:57.380,1.13272,1.13284,1.21,1.19
2017.03.09 14:06:57.432,1.13272,1.13287,1.12,1.94
2017.03.09 14:06:57.787,1.13272,1.13287,4.21,1.31
2017.03.09 14:06:57.838,1.13272,1.13287,1.21,2.48
2017.03.09 14:06:57.889,1.13272,1.13286,1.12,1.36
2017.03.09 14:06:57.990,1.13272,1.13285,1.12,1.31
2017.03.09 14:06:58.193,1.13276,1.13287,1.00,1.19
2017.03.09 14:06:58.365,1.13276,1.13287,1.12,1.00
2017.03.09 14:06:58.417,1.13275,1.1329,1.59,1.19
2017.03.09 14:06:58.468,1.13276,1.1329,1.12,1.61
2017.03.09 14:06:58.772,1.13272,1.13288,2.62,1.61
2017.03.09 14:06:58.823,1.13272,1.13288,1.50,3.61
2017.03.09 14:06:58.926,1.1327,1.13286,1.50,1.61
2017.03.09 14:06:58.977,1.13272,1.13286,1.00,2.11
2017.03.09 14:06:59.028,1.1327,1.13283,1.50,1.36
2017.03.09 14:06:59.079,1.13272,1.13285,1.50,1.36
2017.03.09 14:06:59.339,1.1327,1.13285,1.12,1.73
2017.03.09 14:06:59.861,1.1327,1.13285,1.31,1.73
2017.03.09 14:06:59.963,1.13272,1.13286,1.19,1.79
2017.03.09 14:07:00.014,1.13273,1.13289,1.09,3.61
2017.03.09 14:07:00.527,1.13274,1.1329,1.50,6.61
2017.03.09 14:07:00.932,1.13272,1.13288,1.78,1.67
2017.03.09 14:07:01.236,1.13275,1.13288,1.00,1.67
2017.03.09 14:07:01.725,1.13277,1.13288,1.12,1.00
2017.03.09 14:07:01.776,1.13279,1.13288,1.00,1.00
2017.03.09 14:07:01.827,1.13276,1.13288,1.25,1.00
2017.03.09 14:07:01.928,1.13276,1.13291,1.25,1.36
2017.03.09 14:07:02.545,1.13276,1.1329,1.00,1.61
2017.03.09 14:07:03.021,1.13275,1.13288,1.50,1.42
2017.03.09 14:07:03.325,1.13269,1.13284,2.25,1.36
2017.03.09 14:07:03.427,1.1327,1.13284,1.37,1.67
2017.03.09 14:07:03.528,1.13271,1.13285,1.12,1.73
2017.03.09 14:07:03.579,1.13273,1.13285,1.00,1.73
2017.03.09 14:07:03.930,1.13277,1.13291,1.12,4.73
2017.03.09 14:07:04.340,1.13278,1.13291,1.00,1.73
2017.03.09 14:07:04.868,1.13276,1.1329,2.34,1.25
2017.03.09 14:07:05.385,1.13276,1.13291,1.50,1.98
2017.03.09 14:07:05.716,1.13274,1.1329,4.12,3.61
2017.03.09 14:07:05.818,1.13274,1.13288,1.50,1.61
2017.03.09 14:07:06.425,1.13272,1.13288,3.09,2.11
2017.03.09 14:07:06.948,1.13274,1.13288,1.34,1.00
2017.03.09 14:07:07.458,1.13275,1.13292,2.34,1.98
2017.03.09 14:07:07.765,1.13275,1.13288,2.34,1.19
2017.03.09 14:07:07.948,1.13275,1.13288,1.12,1.25
2017.03.09 14:07:08.511,1.13275,1.13288,1.37,1.61
2017.03.09 14:07:08.656,1.13273,1.13287,1.37,5.11
2017.03.09 14:07:08.758,1.1327,1.13286,1.59,1.36
2017.03.09 14:07:08.960,1.13271,1.13287,2.25,5.11
2017.03.09 14:07:09.291,1.1327,1.13284,1.75,1.42
2017.03.09 14:07:09.342,1.13268,1.13284,1.59,2.11
2017.03.09 14:07:09.444,1.13268,1.13283,1.12,1.36
2017.03.09 14:07:09.749,1.13266,1.13279,1.75,1.42
2017.03.09 14:07:10.136,1.13264,1.13279,1.75,4.36
2017.03.09 14:07:10.237,1.13262,1.13278,1.75,2.11
2017.03.09 14:07:10.339,1.13262,1.13278,1.50,2.86
2017.03.09 14:07:10.745,1.13261,1.13274,1.25,1.04
2017.03.09 14:07:11.000,1.13266,1.13275,1.00,1.42
2017.03.09 14:07:11.314,1.13271,1.13277,1.00,1.04
2017.03.09 14:07:11.466,1.13271,1.13281,1.00,1.29
2017.03.09 14:07:12.397,1.1327,1.13281,1.00,1.04
2017.03.09 14:07:12.905,1.13269,1.13282,1.00,2.48
2017.03.09 14:07:13.265,1.1327,1.13281,1.00,4.73
2017.03.09 14:07:13.672,1.13267,1.13279,1.69,1.06
2017.03.09 14:07:13.825,1.13269,1.13279,1.00,1.06
2017.03.09 14:07:14.385,1.1327,1.13282,1.00,2.48
2017.03.09 14:07:14.905,1.13266,1.13277,1.12,1.25
2017.03.09 14:07:14.956,1.13266,1.13277,1.12,4.17
2017.03.09 14:07:15.057,1.13265,1.13277,1.00,1.79
2017.03.09 14:07:15.165,1.13265,1.13277,1.00,4.73
2017.03.09 14:07:15.216,1.13263,1.13276,1.00,3.23
2017.03.09 14:07:16.737,1.13262,1.13273,1.00,3.42
2017.03.09 14:07:16.788,1.13259,1.1327,1.00,1.72
2017.03.09 14:07:16.839,1.13259,1.1327,1.00,4.73
2017.03.09 14:07:16.941,1.13257,1.13268,1.00,1.42
2017.03.09 14:07:17.144,1.13259,1.13268,1.00,3.42
2017.03.09 14:07:17.680,1.13259,1.13271,1.00,4.73
2017.03.09 14:07:17.832,1.13258,1.13271,1.00,1.87
2017.03.09 14:07:18.469,1.13258,1.13273,1.37,4.69
2017.03.09 14:07:18.570,1.13259,1.13273,1.00,1.67
2017.03.09 14:07:19.096,1.13258,1.13273,2.06,4.92
2017.03.09 14:07:19.617,1.13258,1.13271,1.00,1.29
2017.03.09 14:07:20.147,1.13257,1.13271,1.31,1.29
2017.03.09 14:07:20.300,1.13259,1.13272,1.00,5.11
2017.03.09 14:07:20.615,1.13257,1.1327,1.31,1.42
2017.03.09 14:07:20.666,1.1326,1.1327,1.19,1.00
2017.03.09 14:07:20.718,1.13259,1.13271,1.00,1.06
2017.03.09 14:07:20.770,1.13258,1.13271,1.50,3.98
2017.03.09 14:07:21.226,1.13256,1.13269,1.25,1.04
2017.03.09 14:07:21.781,1.13257,1.13271,1.31,1.92
2017.03.09 14:07:22.137,1.1326,1.13271,1.00,1.42
2017.03.09 14:07:22.290,1.1326,1.13273,1.19,2.67
2017.03.09 14:07:23.175,1.13261,1.13275,1.00,5.48
2017.03.09 14:07:23.277,1.13263,1.13276,1.19,4.54
2017.03.09 14:07:23.328,1.13262,1.13276,1.31,4.36
2017.03.09 14:07:23.835,1.13263,1.13277,1.50,2.11
2017.03.09 14:07:24.144,1.13263,1.13277,3.19,1.00
2017.03.09 14:07:24.674,1.13263,1.13278,1.69,1.61
2017.03.09 14:07:24.979,1.13264,1.1328,4.69,3.56
2017.03.09 14:07:25.081,1.13264,1.13279,4.69,1.00
2017.03.09 14:07:25.691,1.13264,1.13279,4.31,1.67
2017.03.09 14:07:26.218,1.13264,1.1328,1.75,3.19
2017.03.09 14:07:26.564,1.13264,1.13278,1.50,1.69
2017.03.09 14:07:26.717,1.13264,1.13279,2.44,1.87
2017.03.09 14:07:26.768,1.13264,1.1328,2.06,4.49
2017.03.09 14:07:27.123,1.13265,1.13278,2.06,1.00
2017.03.09 14:07:27.520,1.13263,1.13279,2.06,1.19
2017.03.09 14:07:27.871,1.13266,1.13279,1.00,1.19
2017.03.09 14:07:28.219,1.13264,1.13279,1.75,1.19
2017.03.09 14:07:28.270,1.13265,1.13279,1.00,1.19
2017.03.09 14:07:28.784,1.13264,1.13279,1.50,2.06
2017.03.09 14:07:30.402,1.13264,1.13275,1.00,1.00
2017.03.09 14:07:30.706,1.1326,1.13272,1.37,1.00
2017.03.09 14:07:31.241,1.1326,1.13273,2.06,1.00
2017.03.09 14:07:31.783,1.1326,1.13275,2.06,1.62
2017.03.09 14:07:32.288,1.13262,1.13277,1.12,5.61
2017.03.09 14:07:32.830,1.13259,1.13276,2.81,4.11
2017.03.09 14:07:33.171,1.13262,1.13278,2.44,4.49
2017.03.09 14:07:33.222,1.13263,1.13277,1.31,1.12
2017.03.09 14:07:33.526,1.13267,1.13279,1.31,1.00
2017.03.09 14:07:33.628,1.13265,1.13279,1.31,2.43
2017.03.09 14:07:33.780,1.13263,1.13279,2.06,2.61
2017.03.09 14:07:33.831,1.13262,1.13279,1.56,2.61
2017.03.09 14:07:34.155,1.13263,1.13278,1.31,1.00
2017.03.09 14:07:34.561,1.13267,1.13279,1.19,1.50
2017.03.09 14:07:34.714,1.13264,1.13278,2.25,1.69
2017.03.09 14:07:34.766,1.13264,1.13275,1.75,1.25
2017.03.09 14:07:35.020,1.13259,1.13275,5.44,1.69
2017.03.09 14:07:35.527,1.13261,1.13277,2.06,4.86
2017.03.09 14:07:36.141,1.13259,1.13273,3.19,1.00
2017.03.09 14:07:36.243,1.13259,1.13273,1.75,1.19
2017.03.09 14:07:36.396,1.13256,1.13269,1.75,2.61
2017.03.09 14:07:36.497,1.13255,1.1327,1.31,2.99
2017.03.09 14:07:36.649,1.13254,1.13266,2.44,2.43
2017.03.09 14:07:37.171,1.13254,1.13267,1.19,2.80
2017.03.09 14:07:37.326,1.13257,1.1327,1.25,2.80
2017.03.09 14:07:37.856,1.13258,1.13271,1.00,2.61
2017.03.09 14:07:38.729,1.13258,1.13271,1.00,1.69
2017.03.09 14:07:38.932,1.13253,1.13269,1.69,1.25
2017.03.09 14:07:39.085,1.13253,1.13266,1.31,1.00
2017.03.09 14:07:39.962,1.13252,1.13267,1.69,3.93
2017.03.09 14:07:40.013,1.13252,1.13265,1.50,1.25
2017.03.09 14:07:40.319,1.13248,1.13261,1.50,1.25
2017.03.09 14:07:40.471,1.13249,1.1326,1.69,1.00
2017.03.09 14:07:40.573,1.1325,1.13263,2.06,1.00
2017.03.09 14:07:40.931,1.13252,1.13262,2.44,1.12
2017.03.09 14:07:41.035,1.13252,1.13266,2.44,2.25
2017.03.09 14:07:41.542,1.13251,1.13265,1.12,1.00
2017.03.09 14:07:41.746,1.13252,1.13265,1.50,1.50
2017.03.09 14:07:41.848,1.1325,1.13265,1.69,3.00
2017.03.09 14:07:41.900,1.1325,1.13265,1.69,2.62
2017.03.09 14:07:42.002,1.1325,1.13265,1.69,1.87
2017.03.09 14:07:42.363,1.13251,1.13265,1.75,1.37
2017.03.09 14:07:43.039,1.13251,1.13266,1.12,4.11
2017.03.09 14:07:44.074,1.1325,1.13263,1.00,2.53
2017.03.09 14:07:44.252,1.13245,1.1326,3.56,1.09
2017.03.09 14:07:45.158,1.13246,1.1326,1.69,1.09
2017.03.09 14:07:45.631,1.13251,1.13258,1.00,1.00
2017.03.09 14:07:45.683,1.13251,1.13264,1.50,3.46
2017.03.09 14:07:45.734,1.13252,1.13264,1.00,2.34
2017.03.09 14:07:45.835,1.13252,1.13265,1.00,1.69
2017.03.09 14:07:46.120,1.1325,1.13262,1.00,1.25
2017.03.09 14:07:47.149,1.13248,1.13262,2.44,1.12
2017.03.09 14:07:48.152,1.13251,1.13262,1.00,1.00
2017.03.09 14:07:48.453,1.13254,1.13266,1.00,3.65
2017.03.09 14:07:49.403,1.13251,1.13265,1.69,1.78
2017.03.09 14:07:49.606,1.1325,1.13265,1.00,6.28
2017.03.09 14:07:50.170,1.13252,1.13264,1.00,1.56
2017.03.09 14:07:50.280,1.13248,1.1326,1.69,1.50
2017.03.09 14:07:50.786,1.13247,1.1326,1.31,1.50
2017.03.09 14:07:51.263,1.13247,1.13259,1.19,1.75
2017.03.09 14:07:52.563,1.13246,1.1326,1.00,5.44
2017.03.09 14:07:52.614,1.13246,1.13258,1.69,1.37
2017.03.09 14:07:52.665,1.13246,1.13258,1.00,1.00
2017.03.09 14:07:53.171,1.13244,1.1326,1.31,1.75
2017.03.09 14:07:53.272,1.13244,1.1326,2.06,1.87
2017.03.09 14:07:54.311,1.13247,1.13261,1.00,2.06
2017.03.09 14:07:55.034,1.13247,1.13261,1.12,2.06
2017.03.09 14:07:55.136,1.13247,1.13261,1.31,1.87
2017.03.09 14:07:55.664,1.13248,1.13261,1.31,1.50
2017.03.09 14:07:55.969,1.13251,1.13263,1.25,4.87
2017.03.09 14:07:56.071,1.13251,1.13262,1.12,1.00
2017.03.09 14:07:56.638,1.13252,1.13262,1.12,1.00
2017.03.09 14:07:56.891,1.13252,1.13266,1.50,1.42
2017.03.09 14:07:57.205,1.13255,1.13266,1.00,3.42
2017.03.09 14:07:57.257,1.13255,1.13268,1.31,1.92
2017.03.09 14:07:57.359,1.13254,1.13266,2.44,3.42
2017.03.09 14:07:57.461,1.13252,1.13266,1.69,2.76
2017.03.09 14:07:57.514,1.13252,1.13263,1.56,1.00
2017.03.09 14:07:57.566,1.13252,1.13263,1.19,1.00
2017.03.09 14:07:58.295,1.13252,1.13262,1.19,1.03
2017.03.09 14:07:58.346,1.13252,1.13262,1.12,1.03
2017.03.09 14:07:58.397,1.13251,1.13264,1.62,1.00
2017.03.09 14:07:58.499,1.13252,1.13263,1.00,2.66
2017.03.09 14:07:58.743,1.13251,1.13265,1.25,1.62
2017.03.09 14:07:58.796,1.13253,1.13266,1.00,1.12
2017.03.09 14:07:59.256,1.13253,1.13263,1.12,1.00
2017.03.09 14:07:59.768,1.13252,1.13264,1.50,1.25
2017.03.09 14:08:00.182,1.13253,1.13264,1.87,1.00
2017.03.09 14:08:00.233,1.13253,1.13266,2.25,1.00
2017.03.09 14:08:00.767,1.13255,1.13263,1.50,1.00
2017.03.09 14:08:00.933,1.13253,1.13263,1.50,1.00
2017.03.09 14:08:01.236,1.13254,1.13267,1.00,1.71
2017.03.09 14:08:01.338,1.13257,1.13266,1.00,1.12
2017.03.09 14:08:01.440,1.13258,1.13268,1.00,1.00
2017.03.09 14:08:01.694,1.13257,1.1327,1.25,1.52
2017.03.09 14:08:01.897,1.13258,1.13268,1.00,1.00
2017.03.09 14:08:02.307,1.13259,1.13272,1.00,1.87
2017.03.09 14:08:02.561,1.13261,1.13274,1.37,2.25
2017.03.09 14:08:03.062,1.13261,1.13274,1.75,1.00
2017.03.09 14:08:03.288,1.13258,1.13273,5.06,1.87
2017.03.09 14:08:03.591,1.13261,1.13274,2.81,1.12
2017.03.09 14:08:03.642,1.13261,1.13276,3.19,1.00
2017.03.09 14:08:04.167,1.13263,1.13276,1.69,1.00
2017.03.09 14:08:04.688,1.13264,1.13278,1.00,1.21
2017.03.09 14:08:05.494,1.13265,1.13279,1.50,1.00
2017.03.09 14:08:05.643,1.13265,1.13281,2.62,2.06
2017.03.09 14:08:06.536,1.13268,1.13282,1.00,1.59
2017.03.09 14:08:06.688,1.13268,1.13283,1.50,1.69
2017.03.09 14:08:07.476,1.13267,1.13282,1.31,1.00
2017.03.09 14:08:08.083,1.13267,1.13283,2.06,3.21
2017.03.09 14:08:08.134,1.13267,1.13279,3.19,1.00
2017.03.09 14:08:08.288,1.13269,1.13281,1.00,1.00
2017.03.09 14:08:08.490,1.1327,1.13282,1.50,1.00
2017.03.09 14:08:08.941,1.1327,1.13284,1.37,2.62
2017.03.09 14:08:09.454,1.13271,1.13283,1.00,1.00
2017.03.09 14:08:10.310,1.13271,1.13283,2.25,1.00
2017.03.09 14:08:10.539,1.13272,1.13285,1.00,1.25
2017.03.09 14:08:11.842,1.13272,1.13282,1.00,1.00
2017.03.09 14:08:12.196,1.13274,1.13282,1.00,1.00
2017.03.09 14:08:13.061,1.13274,1.13281,1.50,1.00
2017.03.09 14:08:13.608,1.13274,1.13279,1.00,1.00
2017.03.09 14:08:14.152,1.13271,1.13279,1.42,1.00
2017.03.09 14:08:14.659,1.13271,1.1328,1.92,1.00
2017.03.09 14:08:14.980,1.13272,1.13282,2.06,1.00
2017.03.09 14:08:15.031,1.13271,1.13279,1.12,1.00
2017.03.09 14:08:15.133,1.13272,1.13279,1.00,1.00
2017.03.09 14:08:16.259,1.1327,1.13281,2.44,1.00
2017.03.09 14:08:16.788,1.13271,1.1328,1.50,1.00
2017.03.09 14:08:17.297,1.1327,1.13279,2.44,1.00
2017.03.09 14:08:17.803,1.1327,1.1328,2.44,1.00
2017.03.09 14:08:19.033,1.1327,1.13279,2.44,1.00
2017.03.09 14:08:19.470,1.1327,1.13281,3.19,1.00
2017.03.09 14:08:19.927,1.13271,1.13283,2.81,1.00
2017.03.09 14:08:20.650,1.13272,1.13281,1.31,1.00
2017.03.09 14:08:20.805,1.13272,1.13283,1.31,1.00
2017.03.09 14:08:21.274,1.13274,1.13287,1.19,1.00
2017.03.09 14:08:21.774,1.13274,1.13284,1.19,1.00
2017.03.09 14:08:22.174,1.13272,1.13283,1.69,1.00
2017.03.09 14:08:22.719,1.13272,1.13284,1.19,1.00
2017.03.09 14:08:23.148,1.1327,1.13284,1.69,1.00
2017.03.09 14:08:23.452,1.13272,1.13283,1.19,1.00
2017.03.09 14:08:23.554,1.13272,1.13285,1.19,1.87
2017.03.09 14:08:23.655,1.13276,1.13287,1.00,1.12
2017.03.09 14:08:24.005,1.13273,1.13283,1.19,1.00
2017.03.09 14:08:24.056,1.13271,1.13283,1.31,1.00
2017.03.09 14:08:24.157,1.13271,1.13284,1.00,6.19
2017.03.09 14:08:24.684,1.13269,1.13282,1.19,1.50
2017.03.09 14:08:25.615,1.13269,1.13279,1.19,1.00
2017.03.09 14:08:26.029,1.13267,1.13273,1.12,1.00
2017.03.09 14:08:26.081,1.13263,1.13274,1.00,1.50
2017.03.09 14:08:26.640,1.13261,1.13274,1.69,1.50
2017.03.09 14:08:26.925,1.13261,1.13271,1.19,1.00
2017.03.09 14:08:26.977,1.13258,1.13271,2.81,1.00
2017.03.09 14:08:27.211,1.13256,1.13269,1.69,1.00
2017.03.09 14:08:27.538,1.13249,1.13261,1.69,1.50
2017.03.09 14:08:27.993,1.13248,1.13256,1.37,1.00
2017.03.09 14:08:28.045,1.13247,1.13256,1.25,1.50
2017.03.09 14:08:28.330,1.13248,1.13257,1.50,1.00
2017.03.09 14:08:28.432,1.13245,1.13257,3.19,1.00
2017.03.09 14:08:28.484,1.13245,1.13259,3.19,1.00
2017.03.09 14:08:28.535,1.13246,1.13256,1.69,1.50
2017.03.09 14:08:28.738,1.13244,1.13255,1.31,1.00
2017.03.09 14:08:28.840,1.13246,1.13257,1.19,1.50
2017.03.09 14:08:29.043,1.13244,1.13254,2.81,1.00
2017.03.09 14:08:29.094,1.13244,1.13252,1.50,1.00
2017.03.09 14:08:29.196,1.13239,1.13251,1.94,1.00
2017.03.09 14:08:29.426,1.13238,1.13251,1.19,1.00
2017.03.09 14:08:29.679,1.13239,1.13253,1.19,1.50
2017.03.09 14:08:31.188,1.13239,1.13254,1.19,1.50
2017.03.09 14:08:31.732,1.13238,1.13254,4.82,1.87
2017.03.09 14:08:32.160,1.13242,1.13254,1.19,1.37
2017.03.09 14:08:32.262,1.13241,1.13255,1.00,1.12
2017.03.09 14:08:32.364,1.13241,1.13256,1.12,3.94
2017.03.09 14:08:32.920,1.13238,1.13254,2.44,2.62
2017.03.09 14:08:33.223,1.13238,1.13254,2.44,4.87
2017.03.09 14:08:33.730,1.13238,1.1325,1.37,3.94
2017.03.09 14:08:33.781,1.13236,1.1325,1.69,3.75
2017.03.09 14:08:34.257,1.13237,1.13251,1.12,1.12
2017.03.09 14:08:34.570,1.13234,1.13249,2.06,1.75
2017.03.09 14:08:34.671,1.13232,1.13247,1.31,5.25
2017.03.09 14:08:35.424,1.1323,1.13244,1.31,1.12
2017.03.09 14:08:35.525,1.1323,1.13242,1.19,1.00
2017.03.09 14:08:36.132,1.1323,1.13244,1.31,1.12
2017.03.09 14:08:36.973,1.1323,1.13244,1.69,1.50
2017.03.09 14:08:37.419,1.1323,1.13241,1.25,1.00
2017.03.09 14:08:37.723,1.13222,1.13234,1.40,1.00
2017.03.09 14:08:37.774,1.13223,1.13238,1.30,2.06
2017.03.09 14:08:37.826,1.13227,1.13239,1.69,2.25
2017.03.09 14:08:37.876,1.13227,1.13239,1.69,1.50
2017.03.09 14:08:37.978,1.13227,1.13237,1.56,1.00
2017.03.09 14:08:38.135,1.13227,1.13239,1.56,1.12
2017.03.09 14:08:38.389,1.13227,1.13237,1.69,1.00
2017.03.09 14:08:38.703,1.13228,1.13242,1.31,4.87
2017.03.09 14:08:38.855,1.13228,1.13242,1.31,1.87
2017.03.09 14:08:39.204,1.1323,1.13243,1.19,1.50
2017.03.09 14:08:39.651,1.13227,1.13243,1.69,2.25
2017.03.09 14:08:40.057,1.13231,1.13243,1.19,1.00
2017.03.09 14:08:40.186,1.13234,1.13246,1.00,1.25
2017.03.09 14:08:40.541,1.13231,1.13246,1.56,2.06
2017.03.09 14:08:40.873,1.13228,1.13243,1.12,2.00
2017.03.09 14:08:41.025,1.1323,1.13243,1.00,2.00
2017.03.09 14:08:41.077,1.13228,1.13243,1.12,2.00
2017.03.09 14:08:41.178,1.13231,1.13244,1.00,4.69
2017.03.09 14:08:41.431,1.13233,1.13246,1.12,2.44
2017.03.09 14:08:42.041,1.1323,1.13242,1.37,1.31
2017.03.09 14:08:42.180,1.13229,1.13241,1.00,1.00
2017.03.09 14:08:42.637,1.13233,1.13242,1.00,1.12
2017.03.09 14:08:42.840,1.13231,1.13242,1.00,1.00
2017.03.09 14:08:42.942,1.13229,1.13242,1.00,1.50
2017.03.09 14:08:43.094,1.13229,1.13244,1.00,3.56
2017.03.09 14:08:43.600,1.13229,1.13241,1.00,1.50
2017.03.09 14:08:44.171,1.1323,1.13243,1.00,1.69
2017.03.09 14:08:45.421,1.1323,1.13241,1.00,1.00
2017.03.09 14:08:45.472,1.13227,1.13237,3.13,1.19
2017.03.09 14:08:45.574,1.13224,1.13236,1.12,3.56
2017.03.09 14:08:45.676,1.13221,1.13233,3.51,1.12
2017.03.09 14:08:46.182,1.13221,1.13232,2.76,1.00
2017.03.09 14:08:46.335,1.13223,1.13232,1.00,1.19
2017.03.09 14:08:46.386,1.13223,1.13233,1.00,1.00
2017.03.09 14:08:46.436,1.13227,1.13233,1.00,1.00
2017.03.09 14:08:46.632,1.13228,1.13238,1.00,1.31
2017.03.09 14:08:47.453,1.13227,1.13239,1.12,2.25
2017.03.09 14:08:47.504,1.13225,1.13237,1.69,1.00
2017.03.09 14:08:47.555,1.13225,1.13237,1.31,1.37
2017.03.09 14:08:48.251,1.13226,1.13238,1.00,1.50
2017.03.09 14:08:48.404,1.13229,1.13239,1.00,1.87
2017.03.09 14:08:48.505,1.1323,1.13243,1.19,2.25
2017.03.09 14:08:48.860,1.13236,1.13244,1.00,1.00
2017.03.09 14:08:48.911,1.13234,1.13244,1.00,1.00
2017.03.09 14:08:48.962,1.13236,1.13246,1.00,2.06
2017.03.09 14:08:49.013,1.13236,1.13247,1.00,1.00
2017.03.09 14:08:49.115,1.13238,1.13249,1.00,1.31
2017.03.09 14:08:49.434,1.13237,1.13248,1.00,1.19
2017.03.09 14:08:49.940,1.13236,1.13248,1.00,1.19
2017.03.09 14:08:50.158,1.13234,1.13247,1.00,1.19
2017.03.09 14:08:50.781,1.13233,1.13246,1.00,2.06
2017.03.09 14:08:50.883,1.13232,1.13244,1.00,1.37
2017.03.09 14:08:51.187,1.13234,1.13246,1.00,1.69
2017.03.09 14:08:52.321,1.13239,1.13247,1.00,1.12
2017.03.09 14:08:52.422,1.13237,1.1325,1.00,1.19
2017.03.09 14:08:52.473,1.13239,1.1325,1.00,1.69
2017.03.09 14:08:52.676,1.13239,1.13252,1.00,2.81
2017.03.09 14:08:53.141,1.13241,1.13252,1.00,2.06
2017.03.09 14:08:53.488,1.13234,1.13247,1.75,2.06
2017.03.09 14:08:53.540,1.13233,1.13247,1.63,1.69
2017.03.09 14:08:53.946,1.13235,1.13247,1.00,2.81
2017.03.09 14:08:54.420,1.13233,1.13247,1.63,2.81
2017.03.09 14:08:54.471,1.13235,1.13247,1.00,2.81
2017.03.09 14:08:55.910,1.13234,1.13245,1.26,1.19
2017.03.09 14:08:55.961,1.13232,1.13246,3.51,2.44
2017.03.09 14:08:56.565,1.13233,1.13245,1.00,1.25
2017.03.09 14:08:57.071,1.1323,1.13243,1.26,1.50
2017.03.09 14:08:57.123,1.13233,1.13241,1.00,1.00
2017.03.09 14:08:57.427,1.13237,1.13247,1.00,1.56
2017.03.09 14:08:57.579,1.13235,1.13248,1.00,2.44
