2015.08.28 02:00:00.079,1.25389,1.25412,1.37,1.37
2015.08.28 02:00:00.130,1.2539,1.25418,1.50,1.50
2015.08.28 02:00:00.232,1.25392,1.25418,1.00,1.00
2015.08.28 02:00:00.566,1.25386,1.25416,1.75,1.00
2015.08.28 02:00:00.618,1.25386,1.25416,1.75,1.50
2015.08.28 02:00:00.720,1.25384,1.25413,2.25,1.00
2015.08.28 02:00:01.027,1.25375,1.25405,1.75,1.12
2015.08.28 02:00:01.180,1.25374,1.25405,1.75,3.37
2015.08.28 02:00:01.232,1.25376,1.25398,1.00,1.00
2015.08.28 02:00:01.402,1.25372,1.25394,1.00,1.00
2015.08.28 02:00:01.712,1.25371,1.25399,1.75,1.75
2015.08.28 02:00:01.917,1.25376,1.25407,1.75,1.75
2015.08.28 02:00:02.173,1.2538,1.2541,1.75,1.75
2015.08.28 02:00:02.350,1.25382,1.25411,1.75,1.75
2015.08.28 02:00:02.657,1.25385,1.25414,1.50,1.50
2015.08.28 02:00:02.708,1.25385,1.25417,1.75,1.75
2015.08.28 02:00:03.953,1.25387,1.25415,1.50,1.75
2015.08.28 02:00:04.005,1.25387,1.25414,1.50,1.75
2015.08.28 02:00:04.427,1.25382,1.25408,1.75,1.00
2015.08.28 02:00:04.529,1.2538,1.25408,1.75,1.75
2015.08.28 02:00:06.590,1.25375,1.25406,1.75,1.12
2015.08.28 02:00:07.098,1.25375,1.25406,2.25,1.87
2015.08.28 02:00:07.698,1.25375,1.25405,1.75,1.50
2015.08.28 02:00:07.749,1.25374,1.25405,3.00,1.75
2015.08.28 02:00:08.930,1.25375,1.254,1.75,1.37
2015.08.28 02:00:09.299,1.25363,1.25396,1.87,1.12
2015.08.28 02:00:09.351,1.25363,1.25396,1.87,1.12
2015.08.28 02:00:09.403,1.2537,1.25392,1.00,1.00
2015.08.28 02:00:10.216,1.25363,1.25396,1.87,1.75
2015.08.28 02:00:10.267,1.25362,1.25396,2.25,1.75
2015.08.28 02:00:10.955,1.25359,1.25389,1.12,1.12
2015.08.28 02:00:11.057,1.25359,1.25389,1.12,1.12
2015.08.28 02:00:11.108,1.25359,1.25387,1.12,1.12
2015.08.28 02:00:11.363,1.25355,1.25386,1.75,1.75
2015.08.28 02:00:11.591,1.25358,1.25381,1.00,1.37
2015.08.28 02:00:12.127,1.25358,1.25381,1.00,1.37
2015.08.28 02:00:12.539,1.25358,1.25381,1.00,1.50
2015.08.28 02:00:12.735,1.25348,1.25375,1.75,1.12
2015.08.28 02:00:13.653,1.25344,1.25369,1.75,1.00
2015.08.28 02:00:13.704,1.25343,1.25369,1.12,1.00
2015.08.28 02:00:13.971,1.2534,1.25369,1.75,1.50
2015.08.28 02:00:14.479,1.2534,1.25369,1.75,1.50
2015.08.28 02:00:16.104,1.25349,1.2537,1.00,1.37
2015.08.28 02:00:16.442,1.25349,1.2537,1.00,1.12
2015.08.28 02:00:16.847,1.25352,1.25372,1.00,1.12
2015.08.28 02:00:16.899,1.25352,1.25374,1.00,1.75
2015.08.28 02:00:16.950,1.25357,1.25374,1.00,1.75
2015.08.28 02:00:17.256,1.25365,1.25383,1.00,1.12
2015.08.28 02:00:17.308,1.25365,1.25386,1.00,1.75
2015.08.28 02:00:18.134,1.25361,1.25385,1.00,1.12
2015.08.28 02:00:18.612,1.25357,1.25385,1.75,1.12
2015.08.28 02:00:22.063,1.25352,1.25381,1.75,1.12
2015.08.28 02:00:22.368,1.25352,1.25381,1.75,1.87
2015.08.28 02:00:22.419,1.25352,1.25378,1.75,1.37
2015.08.28 02:00:26.458,1.25351,1.25376,1.75,1.37
2015.08.28 02:00:26.560,1.25351,1.2537,1.37,1.00
2015.08.28 02:00:26.611,1.25347,1.2537,1.00,1.12
2015.08.28 02:00:27.020,1.25347,1.2537,1.00,1.50
2015.08.28 02:00:27.643,1.25339,1.25369,2.62,1.12
2015.08.28 02:00:27.695,1.25339,1.25367,2.62,1.12
2015.08.28 02:00:42.967,1.25339,1.25368,1.87,1.12
2015.08.28 02:00:46.800,1.25343,1.25372,1.12,1.12
2015.08.28 02:00:47.075,1.25345,1.25374,1.87,1.12
2015.08.28 02:00:47.126,1.25346,1.25374,1.37,1.12
2015.08.28 02:00:47.177,1.25346,1.25374,1.12,1.12
2015.08.28 02:01:00.405,1.25354,1.25376,1.00,1.12
2015.08.28 02:01:00.557,1.25353,1.25378,1.12,1.37
2015.08.28 02:01:00.608,1.25353,1.25378,1.12,1.00
2015.08.28 02:01:01.116,1.25355,1.25381,1.87,1.12
2015.08.28 02:01:12.299,1.25359,1.25384,1.75,1.12
2015.08.28 02:01:14.885,1.25359,1.25384,1.75,1.12
2015.08.28 02:01:16.140,1.25361,1.25384,1.50,1.12
2015.08.28 02:01:17.545,1.25361,1.25384,1.50,1.12
2015.08.28 02:01:19.095,1.25355,1.25383,1.75,1.87
2015.08.28 02:01:19.400,1.25354,1.25377,1.50,1.75
2015.08.28 02:01:19.947,1.25349,1.25376,1.75,1.37
2015.08.28 02:01:21.435,1.25349,1.25377,1.75,1.12
2015.08.28 02:01:22.043,1.25349,1.25376,1.75,1.37
2015.08.28 02:01:22.738,1.25349,1.25376,1.75,1.87
2015.08.28 02:01:22.789,1.25349,1.25374,1.50,1.12
2015.08.28 02:01:25.026,1.25346,1.25374,1.75,1.12
2015.08.28 02:01:25.610,1.25343,1.25372,1.75,1.75
2015.08.28 02:01:25.661,1.25343,1.2537,1.75,1.12
2015.08.28 02:01:25.996,1.25342,1.25366,1.50,1.00
2015.08.28 02:01:26.302,1.25345,1.25369,1.37,1.37
2015.08.28 02:01:26.353,1.25345,1.2537,1.75,1.00
2015.08.28 02:01:26.405,1.25345,1.2537,1.75,1.00
2015.08.28 02:01:26.913,1.25349,1.25374,1.75,1.12
2015.08.28 02:01:36.602,1.25346,1.25374,1.75,1.87
2015.08.28 02:01:36.979,1.25343,1.25373,1.75,1.87
2015.08.28 02:01:37.081,1.25346,1.25369,1.00,1.37
2015.08.28 02:01:39.814,1.25346,1.25369,1.00,1.37
2015.08.28 02:01:39.866,1.25346,1.25369,1.00,1.12
2015.08.28 02:01:42.899,1.25346,1.25372,1.75,1.37
2015.08.28 02:01:43.408,1.25346,1.25373,1.75,1.37
2015.08.28 02:01:45.895,1.2535,1.25373,1.50,1.00
2015.08.28 02:01:47.616,1.2535,1.25373,1.50,1.12
2015.08.28 02:01:51.563,1.2535,1.25373,1.00,1.37
2015.08.28 02:01:51.991,1.2535,1.25372,1.00,1.50
2015.08.28 02:01:52.195,1.25341,1.25368,2.25,1.12
2015.08.28 02:01:53.574,1.25341,1.25368,1.75,1.37
2015.08.28 02:01:57.515,1.25346,1.25373,1.37,1.87
2015.08.28 02:01:57.566,1.2535,1.25373,1.00,1.87
2015.08.28 02:01:58.176,1.2535,1.25373,1.00,1.00
2015.08.28 02:02:00.316,1.2535,1.25373,1.00,1.75
2015.08.28 02:02:00.612,1.25336,1.25361,1.75,1.00
2015.08.28 02:02:01.881,1.25336,1.25362,1.75,1.12
2015.08.28 02:02:02.481,1.25336,1.25361,1.75,1.00
2015.08.28 02:02:02.685,1.25336,1.25362,1.75,1.12
2015.08.28 02:02:02.990,1.25333,1.25361,1.75,1.37
2015.08.28 02:02:03.229,1.25329,1.25358,1.75,1.12
2015.08.28 02:02:03.496,1.25329,1.25354,1.75,1.37
2015.08.28 02:02:04.310,1.25324,1.25351,2.25,1.75
2015.08.28 02:02:04.561,1.25322,1.25345,1.00,1.50
2015.08.28 02:02:05.227,1.25322,1.25345,1.00,1.87
2015.08.28 02:02:05.329,1.25322,1.25344,1.00,1.37
2015.08.28 02:02:05.867,1.25322,1.25345,1.00,1.87
2015.08.28 02:02:06.020,1.25322,1.25345,1.00,1.00
2015.08.28 02:02:07.037,1.25325,1.25345,1.00,1.00
2015.08.28 02:02:07.362,1.25337,1.25361,1.50,1.75
2015.08.28 02:02:07.565,1.25342,1.25364,1.00,1.75
2015.08.28 02:02:07.667,1.25342,1.25368,1.12,1.75
2015.08.28 02:02:07.718,1.25342,1.25368,1.37,1.75
2015.08.28 02:02:07.769,1.25345,1.25367,1.00,1.00
2015.08.28 02:02:14.858,1.25345,1.25367,1.00,1.37
2015.08.28 02:02:15.164,1.25332,1.25357,1.75,1.00
2015.08.28 02:02:17.266,1.25331,1.25361,2.25,1.00
2015.08.28 02:02:24.575,1.25336,1.25352,1.37,1.12
2015.08.28 02:02:24.677,1.25332,1.25352,1.00,1.87
2015.08.28 02:02:24.883,1.25327,1.25353,2.62,1.12
2015.08.28 02:02:24.934,1.25327,1.25354,3.00,2.25
2015.08.28 02:02:25.274,1.25333,1.25363,1.75,1.50
2015.08.28 02:02:26.511,1.25341,1.25366,1.12,1.37
2015.08.28 02:02:26.562,1.25342,1.25368,1.12,1.87
2015.08.28 02:02:26.614,1.25343,1.25368,1.12,1.37
2015.08.28 02:02:26.828,1.25342,1.25371,1.12,1.00
2015.08.28 02:02:28.213,1.25343,1.25372,1.75,1.12
2015.08.28 02:02:28.365,1.2534,1.25367,1.75,1.75
2015.08.28 02:02:28.518,1.25336,1.25363,1.75,1.00
2015.08.28 02:02:28.974,1.25337,1.25366,1.75,1.50
2015.08.28 02:02:29.025,1.25337,1.25366,1.75,1.37
2015.08.28 02:02:29.178,1.25347,1.2537,1.00,1.00
2015.08.28 02:02:29.390,1.25343,1.25374,1.75,1.75
2015.08.28 02:02:29.441,1.25343,1.25374,1.75,1.50
2015.08.28 02:02:33.839,1.25346,1.25372,1.12,1.00
2015.08.28 02:02:33.892,1.25343,1.25372,1.87,1.37
2015.08.28 02:02:34.198,1.25343,1.25372,1.75,1.50
2015.08.28 02:02:34.454,1.25344,1.25374,1.12,3.00
2015.08.28 02:02:37.054,1.25347,1.25373,1.12,1.50
2015.08.28 02:02:37.258,1.25346,1.25374,1.12,1.75
2015.08.28 02:02:37.360,1.25346,1.25374,1.12,1.12
2015.08.28 02:02:37.756,1.25344,1.2537,1.75,1.00
2015.08.28 02:02:37.809,1.25347,1.2537,1.00,1.50
2015.08.28 02:02:38.217,1.2534,1.2537,1.75,1.35
2015.08.28 02:02:38.891,1.25345,1.2537,1.00,1.75
2015.08.28 02:02:38.993,1.25348,1.25371,1.00,1.00
2015.08.28 02:02:39.298,1.25347,1.25375,1.75,1.50
2015.08.28 02:02:40.248,1.25347,1.25375,1.75,1.87
2015.08.28 02:02:40.830,1.25349,1.25376,1.87,1.12
2015.08.28 02:02:41.155,1.25346,1.25375,1.75,1.87
2015.08.28 02:02:41.454,1.25347,1.2537,1.00,1.00
2015.08.28 02:02:41.813,1.25347,1.25365,1.00,1.50
2015.08.28 02:02:41.914,1.2534,1.25359,1.00,1.00
2015.08.28 02:02:42.168,1.25336,1.25359,1.50,1.00
2015.08.28 02:02:42.756,1.25336,1.25359,1.00,1.37
2015.08.28 02:02:43.424,1.25339,1.25359,1.00,1.37
2015.08.28 02:02:43.526,1.2534,1.25363,1.00,1.00
2015.08.28 02:02:43.830,1.25339,1.25364,1.75,1.00
2015.08.28 02:02:43.932,1.2534,1.25367,1.75,1.50
2015.08.28 02:02:44.474,1.2534,1.25368,1.75,1.12
2015.08.28 02:02:46.456,1.25339,1.25366,1.75,1.37
2015.08.28 02:02:46.710,1.2534,1.25363,1.00,1.37
2015.08.28 02:02:46.812,1.2534,1.25363,1.00,1.37
2015.08.28 02:02:47.383,1.2534,1.2536,1.00,1.37
2015.08.28 02:02:51.838,1.2534,1.25361,1.00,1.37
2015.08.28 02:02:52.244,1.2534,1.25361,1.00,1.37
2015.08.28 02:02:52.789,1.2534,1.25361,1.00,1.12
2015.08.28 02:02:55.465,1.2534,1.25361,1.00,1.37
2015.08.28 02:02:57.351,1.2534,1.25361,1.00,1.12
2015.08.28 02:02:57.797,1.2534,1.25362,1.00,1.37
2015.08.28 02:03:04.511,1.25338,1.25363,1.12,1.87
2015.08.28 02:03:04.716,1.25338,1.25365,1.12,1.12
2015.08.28 02:03:04.768,1.25342,1.25365,1.37,1.00
2015.08.28 02:03:07.691,1.2534,1.25367,1.87,1.12
2015.08.28 02:03:07.844,1.2534,1.25361,1.00,1.00
2015.08.28 02:03:08.352,1.25339,1.25361,1.00,1.12
2015.08.28 02:03:09.439,1.25339,1.25361,1.00,1.37
2015.08.28 02:03:09.541,1.25333,1.25358,2.25,1.37
2015.08.28 02:03:09.846,1.2533,1.25355,1.87,1.12
2015.08.28 02:03:10.376,1.25329,1.25354,1.12,1.87
2015.08.28 02:03:10.891,1.2533,1.25353,1.12,1.00
2015.08.28 02:03:25.199,1.25331,1.25355,1.12,1.37
2015.08.28 02:03:26.480,1.25331,1.25353,1.37,1.00
2015.08.28 02:03:27.270,1.2533,1.25352,1.75,1.00
2015.08.28 02:03:27.791,1.25328,1.25354,1.87,1.50
2015.08.28 02:03:31.674,1.25331,1.25356,2.62,1.37
2015.08.28 02:03:34.686,1.25333,1.25358,1.00,1.75
2015.08.28 02:03:34.889,1.25333,1.25355,1.00,1.50
2015.08.28 02:03:34.991,1.2533,1.25355,1.37,1.75
2015.08.28 02:03:35.478,1.25331,1.25354,1.87,1.00
2015.08.28 02:03:35.603,1.25334,1.25354,1.00,1.00
2015.08.28 02:03:36.110,1.25334,1.25354,1.37,1.00
2015.08.28 02:03:37.593,1.25334,1.2536,1.87,1.87
2015.08.28 02:03:42.388,1.25334,1.25357,1.50,1.75
2015.08.28 02:03:42.729,1.2534,1.25357,1.00,1.75
2015.08.28 02:03:42.933,1.25346,1.25366,1.75,1.00
2015.08.28 02:03:43.085,1.25347,1.25372,1.75,1.12
2015.08.28 02:03:43.604,1.25345,1.25372,1.75,1.12
2015.08.28 02:03:44.365,1.25347,1.25371,1.12,1.37
2015.08.28 02:03:44.973,1.25348,1.25372,1.37,1.12
2015.08.28 02:03:45.486,1.25348,1.25372,1.37,1.12
2015.08.28 02:03:46.156,1.25348,1.25372,1.37,1.50
2015.08.28 02:03:46.208,1.25351,1.25372,1.12,1.00
2015.08.28 02:03:46.412,1.25344,1.25363,1.87,1.00
2015.08.28 02:03:46.847,1.25342,1.25366,1.12,1.87
2015.08.28 02:03:47.271,1.25347,1.25371,1.12,1.12
2015.08.28 02:03:47.526,1.25347,1.2537,1.75,1.12
2015.08.28 02:03:47.628,1.25347,1.2537,1.00,1.12
2015.08.28 02:03:47.831,1.25347,1.25369,1.37,1.00
2015.08.28 02:03:48.291,1.25351,1.25369,1.00,1.00
2015.08.28 02:03:49.318,1.25351,1.25373,1.50,1.50
2015.08.28 02:03:49.841,1.2535,1.25373,1.75,1.37
2015.08.28 02:03:50.367,1.2535,1.25373,1.75,1.12
2015.08.28 02:03:50.418,1.2535,1.25368,1.00,1.00
2015.08.28 02:03:51.470,1.25349,1.25368,1.00,1.00
2015.08.28 02:03:53.107,1.25342,1.25362,1.00,1.00
2015.08.28 02:03:53.210,1.25338,1.25362,1.37,1.75
2015.08.28 02:03:54.645,1.25338,1.25358,1.37,1.00
2015.08.28 02:03:56.839,1.25337,1.2536,1.12,1.12
2015.08.28 02:03:57.172,1.25337,1.25358,1.12,1.00
2015.08.28 02:04:00.976,1.25339,1.2536,1.50,1.12
2015.08.28 02:04:01.505,1.25338,1.25359,1.50,1.00
2015.08.28 02:04:02.118,1.25335,1.25355,1.12,1.00
2015.08.28 02:04:02.169,1.25334,1.25355,1.87,1.00
2015.08.28 02:04:02.221,1.25334,1.25356,1.87,1.12
2015.08.28 02:04:02.500,1.25336,1.25357,1.00,1.37
2015.08.28 02:04:02.601,1.25334,1.25355,1.12,1.00
2015.08.28 02:04:02.703,1.25333,1.25355,1.75,1.00
2015.08.28 02:04:03.322,1.25333,1.25357,2.25,1.37
2015.08.28 02:04:03.583,1.25334,1.25358,1.75,1.50
2015.08.28 02:04:04.921,1.25334,1.25358,1.87,1.50
2015.08.28 02:04:05.377,1.25331,1.25357,1.00,1.75
2015.08.28 02:04:05.913,1.25332,1.25355,1.00,1.50
2015.08.28 02:04:06.498,1.25329,1.25355,1.87,1.50
2015.08.28 02:04:06.950,1.25326,1.25352,1.75,1.00
2015.08.28 02:04:07.271,1.25324,1.25351,1.12,1.75
2015.08.28 02:04:11.665,1.25329,1.25355,1.75,1.87
2015.08.28 02:04:11.817,1.25334,1.25359,1.00,1.87
2015.08.28 02:04:11.868,1.25335,1.25358,1.00,1.00
2015.08.28 02:04:16.953,1.25336,1.25358,1.37,1.00
2015.08.28 02:04:17.274,1.25342,1.25367,1.37,1.12
2015.08.28 02:04:18.490,1.25338,1.25365,1.12,1.12
2015.08.28 02:04:19.594,1.25339,1.25364,1.12,1.00
2015.08.28 02:04:20.781,1.25345,1.25368,1.37,1.12
2015.08.28 02:04:21.170,1.25342,1.25367,1.37,1.87
2015.08.28 02:04:25.876,1.25341,1.25361,1.75,1.00
2015.08.28 02:04:25.978,1.25338,1.25364,1.12,1.37
2015.08.28 02:04:26.961,1.25334,1.25362,1.75,1.00
2015.08.28 02:04:29.078,1.25334,1.2536,1.75,1.12
2015.08.28 02:04:29.180,1.25333,1.25358,1.75,1.00
2015.08.28 02:04:33.692,1.25333,1.2536,1.12,1.12
2015.08.28 02:04:33.895,1.25334,1.25355,1.12,1.00
2015.08.28 02:04:34.200,1.25326,1.25351,1.75,1.37
2015.08.28 02:04:36.332,1.25332,1.25354,1.00,1.00
2015.08.28 02:04:40.068,1.25332,1.25353,1.00,1.00
2015.08.28 02:04:40.221,1.25328,1.25353,1.12,1.75
2015.08.28 02:04:41.634,1.25326,1.25349,1.75,1.00
2015.08.28 02:04:44.150,1.25327,1.25347,1.37,1.00
2015.08.28 02:04:44.736,1.25328,1.25348,1.00,1.00
2015.08.28 02:04:45.250,1.25328,1.25349,1.00,1.00
2015.08.28 02:04:45.652,1.25328,1.25347,1.00,1.00
2015.08.28 02:04:45.881,1.25328,1.2535,1.00,1.00
2015.08.28 02:04:46.439,1.25328,1.25347,1.00,1.00
2015.08.28 02:04:46.942,1.25328,1.25346,1.00,1.00
2015.08.28 02:04:47.678,1.25325,1.25349,1.87,1.00
2015.08.28 02:04:55.468,1.25325,1.25347,1.87,1.00
2015.08.28 02:04:57.913,1.25326,1.25349,1.12,1.00
2015.08.28 02:04:58.351,1.25326,1.25347,1.12,1.00
2015.08.28 02:04:59.081,1.25322,1.25346,1.87,1.50
2015.08.28 02:04:59.655,1.25324,1.25349,1.87,1.00
2015.08.28 02:05:00.282,1.25328,1.2535,1.00,1.12
2015.08.28 02:05:00.435,1.25332,1.25355,1.00,1.87
2015.08.28 02:05:00.740,1.25334,1.25357,1.37,1.12
2015.08.28 02:05:01.312,1.25333,1.25356,1.12,1.00
2015.08.28 02:05:02.918,1.25332,1.25355,1.75,1.00
2015.08.28 02:05:03.442,1.25332,1.25355,1.00,1.75
2015.08.28 02:05:03.990,1.25329,1.25351,1.75,1.00
2015.08.28 02:05:05.629,1.2533,1.25353,1.37,1.50
2015.08.28 02:05:09.093,1.25329,1.25349,1.75,1.00
2015.08.28 02:05:09.397,1.25328,1.25349,1.12,1.12
2015.08.28 02:05:09.652,1.25325,1.25351,1.75,1.12
2015.08.28 02:05:09.884,1.25327,1.2535,1.00,1.87
2015.08.28 02:05:10.090,1.25327,1.25347,1.00,1.00
2015.08.28 02:05:10.396,1.25323,1.25348,1.50,1.75
2015.08.28 02:05:13.418,1.25324,1.25348,1.50,1.75
2015.08.28 02:05:13.469,1.25325,1.25348,1.12,1.00
2015.08.28 02:05:14.010,1.25324,1.25347,1.75,1.00
2015.08.28 02:05:14.529,1.25324,1.25348,1.75,1.00
2015.08.28 02:05:15.040,1.25324,1.25347,1.75,1.00
2015.08.28 02:05:15.409,1.25324,1.25349,1.75,1.12
2015.08.28 02:05:18.595,1.25328,1.25356,1.50,1.75
2015.08.28 02:05:18.697,1.25329,1.25356,1.12,1.87
2015.08.28 02:05:19.239,1.25328,1.25351,1.12,1.00
2015.08.28 02:05:20.792,1.25326,1.25354,2.25,1.12
2015.08.28 02:05:22.387,1.25328,1.25356,1.87,1.00
2015.08.28 02:05:22.932,1.25328,1.25357,1.87,1.50
2015.08.28 02:05:24.009,1.25332,1.2536,2.25,1.00
2015.08.28 02:05:25.332,1.25332,1.2536,1.75,1.37
2015.08.28 02:05:25.485,1.25329,1.25357,1.75,1.37
2015.08.28 02:05:25.638,1.25327,1.25354,2.25,1.00
2015.08.28 02:05:25.841,1.25327,1.25356,2.25,1.12
2015.08.28 02:05:26.938,1.25327,1.25354,2.25,1.00
2015.08.28 02:05:27.192,1.25326,1.25353,1.75,1.00
2015.08.28 02:05:27.933,1.25326,1.2535,1.75,1.00
2015.08.28 02:05:28.137,1.25325,1.25352,1.75,1.12
2015.08.28 02:05:28.239,1.25326,1.2535,1.75,1.00
2015.08.28 02:05:28.594,1.25332,1.25353,1.00,1.00
2015.08.28 02:05:29.578,1.25332,1.2535,1.00,1.00
2015.08.28 02:05:30.112,1.25332,1.25349,1.00,1.00
2015.08.28 02:05:30.628,1.25332,1.2535,1.00,1.00
2015.08.28 02:05:31.909,1.25332,1.25348,1.00,1.00
2015.08.28 02:05:32.321,1.25332,1.25352,1.00,1.12
2015.08.28 02:05:32.474,1.25332,1.25351,1.00,1.37
2015.08.28 02:05:32.729,1.25321,1.25343,1.00,1.00
2015.08.28 02:05:33.120,1.25321,1.2534,1.00,1.00
2015.08.28 02:05:33.690,1.25321,1.25341,1.00,1.00
2015.08.28 02:05:35.507,1.25321,1.25342,1.00,1.12
2015.08.28 02:05:37.484,1.25321,1.25341,1.00,1.00
2015.08.28 02:05:37.788,1.25316,1.25335,1.37,1.37
2015.08.28 02:05:38.093,1.25312,1.25334,1.75,1.37
2015.08.28 02:05:39.518,1.2531,1.25334,1.12,1.00
2015.08.28 02:05:39.670,1.25319,1.25335,1.00,1.00
2015.08.28 02:05:39.907,1.25324,1.25349,1.75,1.37
2015.08.28 02:05:40.009,1.25325,1.25353,1.75,1.50
2015.08.28 02:05:40.061,1.25325,1.25353,1.75,1.50
2015.08.28 02:05:40.722,1.25328,1.25353,1.75,1.00
2015.08.28 02:05:41.212,1.25328,1.25355,1.75,1.00
2015.08.28 02:05:41.680,1.25329,1.25357,1.75,1.00
2015.08.28 02:05:44.032,1.25326,1.25357,1.87,1.37
2015.08.28 02:05:45.793,1.25328,1.25357,1.75,1.37
2015.08.28 02:05:46.391,1.25328,1.25354,1.75,1.12
2015.08.28 02:05:47.673,1.25327,1.25354,1.75,1.37
2015.08.28 02:05:47.826,1.25327,1.25354,1.75,1.87
2015.08.28 02:05:51.092,1.25326,1.25353,1.75,1.75
2015.08.28 02:05:51.699,1.25324,1.25353,2.25,1.87
2015.08.28 02:05:51.953,1.25323,1.25346,1.75,1.12
2015.08.28 02:05:52.105,1.25321,1.25344,1.75,1.37
2015.08.28 02:05:52.156,1.25323,1.25344,1.00,1.37
2015.08.28 02:05:52.663,1.25323,1.25341,1.00,1.37
2015.08.28 02:05:52.964,1.25319,1.25341,1.00,1.12
2015.08.28 02:05:53.015,1.25319,1.25339,1.00,1.00
2015.08.28 02:05:54.774,1.25319,1.2534,1.00,1.00
2015.08.28 02:05:55.324,1.25319,1.25342,1.00,1.87
2015.08.28 02:05:55.870,1.25319,1.25342,1.00,1.50
2015.08.28 02:06:01.782,1.25319,1.25341,1.00,1.00
2015.08.28 02:06:03.349,1.25319,1.25342,1.00,1.87
2015.08.28 02:06:06.314,1.25319,1.25342,1.00,1.37
2015.08.28 02:06:06.842,1.25319,1.25342,1.00,1.50
2015.08.28 02:06:07.146,1.25318,1.25344,1.87,1.37
2015.08.28 02:06:07.197,1.25318,1.25345,1.12,1.12
2015.08.28 02:06:07.765,1.25319,1.25346,1.12,1.12
2015.08.28 02:06:12.813,1.25314,1.25343,1.87,1.12
2015.08.28 02:06:12.965,1.25316,1.25339,1.00,1.00
2015.08.28 02:06:13.574,1.25316,1.25338,1.00,1.00
2015.08.28 02:06:14.080,1.25316,1.25339,1.00,1.00
2015.08.28 02:06:14.889,1.25316,1.25339,1.00,1.37
2015.08.28 02:06:15.392,1.25316,1.25339,1.00,1.37
2015.08.28 02:06:16.898,1.25316,1.25339,1.00,1.12
2015.08.28 02:06:17.203,1.25316,1.25339,1.00,1.37
2015.08.28 02:06:18.595,1.25316,1.25339,1.00,1.00
2015.08.28 02:06:18.697,1.25316,1.25339,1.00,1.37
2015.08.28 02:06:18.900,1.25316,1.25339,1.00,1.12
2015.08.28 02:06:20.121,1.25316,1.25342,1.12,1.12
2015.08.28 02:06:20.172,1.25317,1.25343,1.12,1.12
2015.08.28 02:06:20.802,1.25318,1.25345,1.87,1.12
2015.08.28 02:06:24.045,1.25323,1.25346,1.00,1.50
2015.08.28 02:06:24.915,1.25323,1.25346,1.00,1.87
2015.08.28 02:06:31.972,1.25323,1.25346,1.00,1.37
2015.08.28 02:06:32.479,1.25323,1.25346,1.00,1.12
2015.08.28 02:06:32.803,1.25323,1.25346,1.00,1.37
2015.08.28 02:06:32.855,1.25323,1.25346,1.00,1.37
2015.08.28 02:06:33.442,1.25323,1.25345,1.00,1.37
2015.08.28 02:06:33.644,1.2532,1.25342,1.00,1.12
2015.08.28 02:06:37.732,1.25323,1.25345,1.00,1.37
2015.08.28 02:06:38.602,1.25323,1.25345,1.00,1.50
2015.08.28 02:06:38.856,1.25315,1.25343,1.75,1.12
2015.08.28 02:06:40.814,1.25317,1.25343,1.12,1.37
2015.08.28 02:06:41.635,1.25317,1.25345,1.87,1.50
2015.08.28 02:06:41.737,1.25319,1.25346,1.12,1.87
2015.08.28 02:06:42.244,1.25316,1.25343,1.75,1.00
2015.08.28 02:06:42.483,1.25319,1.25342,1.00,1.00
2015.08.28 02:06:43.325,1.25319,1.25342,1.00,1.37
2015.08.28 02:06:43.384,1.25319,1.25342,1.00,1.37
2015.08.28 02:06:43.653,1.25319,1.25342,1.00,1.37
2015.08.28 02:06:43.705,1.25319,1.25342,1.00,1.37
2015.08.28 02:06:44.337,1.25319,1.25342,1.00,1.50
2015.08.28 02:06:44.491,1.25319,1.25341,1.00,1.37
2015.08.28 02:06:44.789,1.25319,1.25341,1.00,1.87
2015.08.28 02:06:44.942,1.25315,1.25338,1.00,1.37
2015.08.28 02:06:45.749,1.25315,1.25338,1.00,1.37
2015.08.28 02:06:45.891,1.25315,1.25338,1.00,1.37
2015.08.28 02:06:47.891,1.25315,1.25338,1.00,1.37
2015.08.28 02:06:49.197,1.25315,1.25338,1.00,1.00
2015.08.28 02:06:52.965,1.25315,1.25337,1.00,1.00
2015.08.28 02:06:53.608,1.25315,1.25338,1.00,1.87
2015.08.28 02:07:00.165,1.25317,1.2534,1.00,1.37
2015.08.28 02:07:01.216,1.25317,1.25338,1.00,1.00
2015.08.28 02:07:01.841,1.25317,1.2534,1.00,1.87
2015.08.28 02:07:02.065,1.25317,1.25338,1.00,1.00
2015.08.28 02:07:08.968,1.25317,1.25337,1.00,1.00
2015.08.28 02:07:09.070,1.25311,1.25335,1.00,2.25
2015.08.28 02:07:09.121,1.25309,1.25331,1.75,1.37
2015.08.28 02:07:09.172,1.25309,1.25331,1.00,2.62
2015.08.28 02:07:09.223,1.25308,1.25327,1.00,1.00
2015.08.28 02:07:09.422,1.253,1.25327,1.12,1.50
2015.08.28 02:07:09.894,1.25297,1.25323,2.25,1.00
2015.08.28 02:07:10.868,1.25298,1.25324,1.87,1.00
2015.08.28 02:07:11.398,1.25298,1.25325,3.00,2.62
2015.08.28 02:07:19.590,1.25296,1.25323,1.12,1.50
2015.08.28 02:07:19.693,1.25299,1.2532,1.00,1.87
2015.08.28 02:07:19.956,1.2529,1.25317,1.87,1.00
2015.08.28 02:07:23.675,1.25291,1.25317,1.75,1.37
2015.08.28 02:07:23.878,1.25286,1.25311,1.87,1.12
2015.08.28 02:07:25.973,1.25285,1.25311,1.87,1.37
2015.08.28 02:07:29.215,1.25284,1.25311,1.12,1.37
2015.08.28 02:07:33.673,1.2529,1.25312,1.12,1.12
2015.08.28 02:07:33.876,1.2529,1.25315,1.87,1.50
2015.08.28 02:07:33.927,1.2529,1.25315,1.87,1.12
2015.08.28 02:07:34.959,1.25291,1.25316,1.12,1.00
2015.08.28 02:07:35.622,1.2529,1.25318,1.75,1.37
2015.08.28 02:07:35.979,1.25292,1.25319,1.12,2.25
2015.08.28 02:07:39.272,1.25291,1.25318,1.75,1.00
2015.08.28 02:07:40.468,1.25291,1.25318,2.25,1.37
2015.08.28 02:07:41.450,1.25291,1.25318,1.87,1.37
2015.08.28 02:07:41.992,1.25291,1.25319,1.75,1.00
2015.08.28 02:07:42.560,1.2529,1.25318,1.87,1.00
2015.08.28 02:07:43.137,1.25292,1.25318,1.12,1.37
2015.08.28 02:07:43.795,1.2529,1.25318,1.75,1.12
2015.08.28 02:07:44.225,1.25292,1.2532,1.75,1.50
2015.08.28 02:07:44.479,1.25291,1.2532,2.62,1.37
2015.08.28 02:07:46.836,1.25294,1.25319,1.12,1.12
2015.08.28 02:07:47.814,1.25295,1.2532,1.12,1.50
2015.08.28 02:07:49.335,1.25295,1.2532,1.12,1.37
2015.08.28 02:07:50.790,1.25297,1.25323,1.12,2.25
2015.08.28 02:07:50.841,1.25298,1.25323,1.12,1.87
2015.08.28 02:07:52.811,1.25298,1.25322,1.12,1.00
2015.08.28 02:07:53.356,1.25298,1.25323,1.12,1.87
2015.08.28 02:07:53.987,1.25302,1.25328,1.87,1.75
2015.08.28 02:07:54.038,1.25303,1.25328,1.12,1.50
2015.08.28 02:07:55.240,1.25306,1.25331,1.75,1.37
2015.08.28 02:07:55.547,1.2531,1.25335,1.50,2.62
2015.08.28 02:07:55.852,1.25314,1.25339,1.12,1.50
2015.08.28 02:07:56.118,1.25313,1.2534,1.75,1.12
2015.08.28 02:07:56.534,1.25314,1.25339,1.75,1.00
2015.08.28 02:07:57.794,1.25317,1.25343,1.50,1.87
2015.08.28 02:07:57.987,1.25317,1.25343,1.75,1.50
2015.08.28 02:08:02.225,1.25317,1.25343,1.75,1.12
2015.08.28 02:08:03.217,1.25318,1.25342,1.75,1.00
2015.08.28 02:08:06.324,1.25317,1.25341,1.75,1.00
2015.08.28 02:08:07.592,1.25317,1.25344,1.75,1.75
2015.08.28 02:08:09.094,1.25319,1.2534,1.75,1.00
2015.08.28 02:08:10.939,1.25319,1.25341,1.75,1.00
2015.08.28 02:08:11.432,1.25319,1.25341,1.75,1.00
2015.08.28 02:08:12.441,1.25325,1.25343,1.00,1.00
2015.08.28 02:08:12.593,1.25325,1.25341,1.00,1.00
2015.08.28 02:08:12.746,1.25316,1.25342,1.87,1.37
2015.08.28 02:08:13.191,1.25314,1.25339,1.75,1.00
2015.08.28 02:08:13.701,1.25314,1.2534,1.75,1.00
2015.08.28 02:08:14.278,1.25314,1.25342,1.87,1.00
2015.08.28 02:08:15.665,1.25316,1.25343,1.75,1.12
2015.08.28 02:08:16.173,1.25316,1.25344,1.75,1.75
2015.08.28 02:08:18.100,1.25316,1.25344,1.75,1.87
2015.08.28 02:08:19.023,1.25317,1.25344,1.75,1.87
2015.08.28 02:08:19.479,1.2532,1.25346,1.75,1.37
2015.08.28 02:08:20.019,1.2532,1.25347,1.75,2.25
2015.08.28 02:08:21.103,1.25321,1.25347,1.75,1.00
2015.08.28 02:08:21.627,1.25323,1.25348,1.75,1.12
2015.08.28 02:08:22.175,1.2532,1.25348,1.87,1.12
2015.08.28 02:08:26.297,1.25321,1.25348,1.87,1.37
2015.08.28 02:08:26.551,1.25325,1.25351,1.37,1.50
2015.08.28 02:08:26.602,1.25329,1.25351,1.00,1.12
2015.08.28 02:08:26.856,1.25329,1.25352,1.00,1.37
2015.08.28 02:08:27.880,1.25329,1.25352,1.00,1.50
2015.08.28 02:08:28.181,1.25328,1.25354,1.75,1.75
2015.08.28 02:08:28.385,1.25332,1.25355,1.00,1.87
2015.08.28 02:08:28.487,1.25332,1.25355,1.00,1.87
2015.08.28 02:08:33.253,1.25332,1.25354,1.00,1.12
2015.08.28 02:08:33.794,1.25332,1.25354,1.37,1.00
2015.08.28 02:08:33.896,1.25332,1.25354,1.12,1.00
2015.08.28 02:08:33.948,1.25335,1.25358,1.12,1.00
2015.08.28 02:08:34.262,1.25342,1.25361,1.00,1.00
2015.08.28 02:08:34.770,1.25342,1.25362,1.00,1.00
2015.08.28 02:08:35.297,1.25342,1.25361,1.00,1.00
2015.08.28 02:08:38.443,1.25342,1.2536,1.00,1.00
2015.08.28 02:08:39.138,1.25342,1.25361,1.00,1.00
2015.08.28 02:08:41.095,1.25342,1.25359,1.00,1.00
2015.08.28 02:08:42.309,1.25342,1.25357,1.00,1.00
2015.08.28 02:08:42.996,1.25342,1.25358,1.00,1.00
2015.08.28 02:08:47.728,1.25337,1.25358,1.12,1.12
2015.08.28 02:08:49.903,1.25334,1.25356,1.12,1.00
2015.08.28 02:08:51.761,1.25334,1.25357,1.12,1.00
2015.08.28 02:08:52.846,1.25331,1.25356,2.62,1.00
2015.08.28 02:08:53.100,1.25331,1.25355,1.12,1.00
2015.08.28 02:08:53.628,1.2533,1.25354,1.75,1.00
2015.08.28 02:08:54.137,1.2533,1.25353,2.25,1.00
2015.08.28 02:08:54.594,1.2533,1.25355,2.25,1.00
2015.08.28 02:08:55.932,1.25335,1.25358,1.50,1.50
2015.08.28 02:08:56.034,1.25335,1.25358,1.87,1.00
2015.08.28 02:08:56.376,1.25343,1.2536,1.00,1.00
2015.08.28 02:08:56.436,1.25343,1.25363,1.00,1.00
2015.08.28 02:08:58.497,1.25339,1.25363,1.87,1.00
2015.08.28 02:08:59.797,1.25339,1.25365,1.87,1.87
2015.08.28 02:09:01.799,1.25339,1.25365,1.87,1.50
2015.08.28 02:09:02.956,1.25338,1.25363,1.12,1.00
2015.08.28 02:09:03.008,1.25337,1.25363,1.87,1.12
2015.08.28 02:09:03.059,1.25337,1.25363,1.87,1.12
2015.08.28 02:09:03.211,1.25339,1.25365,1.87,1.50
2015.08.28 02:09:04.607,1.25339,1.25364,1.12,1.00
2015.08.28 02:09:07.013,1.25338,1.25363,1.12,1.00
2015.08.28 02:09:07.915,1.25338,1.25364,1.12,1.37
2015.08.28 02:09:08.716,1.2534,1.25364,1.12,1.37
2015.08.28 02:09:10.448,1.2534,1.25363,1.12,1.37
2015.08.28 02:09:11.825,1.25337,1.2536,1.12,1.87
2015.08.28 02:09:12.119,1.25334,1.25356,1.12,1.00
2015.08.28 02:09:13.298,1.25334,1.2535,1.12,1.00
2015.08.28 02:09:13.349,1.25329,1.2535,1.12,1.12
2015.08.28 02:09:13.451,1.25328,1.2535,1.12,1.00
2015.08.28 02:09:13.553,1.25331,1.25353,1.37,1.00
2015.08.28 02:09:14.089,1.25328,1.2535,1.75,1.00
2015.08.28 02:09:14.760,1.25325,1.25349,1.75,1.00
2015.08.28 02:09:15.264,1.25326,1.2535,1.12,1.00
2015.08.28 02:09:18.050,1.25324,1.25348,1.75,1.00
2015.08.28 02:09:18.672,1.25323,1.25349,1.12,1.00
2015.08.28 02:09:21.257,1.25323,1.25347,1.75,1.00
2015.08.28 02:09:21.993,1.25328,1.25351,1.00,1.50
2015.08.28 02:09:22.196,1.25328,1.25355,1.75,1.12
2015.08.28 02:09:23.666,1.25331,1.25359,2.62,1.75
2015.08.28 02:09:23.971,1.25333,1.25358,1.75,1.00
2015.08.28 02:09:24.073,1.25333,1.2536,1.75,1.87
2015.08.28 02:09:26.417,1.25332,1.25359,2.25,1.00
2015.08.28 02:09:30.259,1.25332,1.25358,1.75,1.00
2015.08.28 02:09:31.547,1.25331,1.25357,3.00,1.00
2015.08.28 02:09:32.066,1.25331,1.25358,1.87,1.87
2015.08.28 02:09:32.574,1.25331,1.25359,1.12,1.37
2015.08.28 02:09:42.201,1.25333,1.25359,1.12,1.87
2015.08.28 02:09:44.225,1.25334,1.25358,1.12,1.00
2015.08.28 02:09:45.218,1.25334,1.25357,1.12,1.00
2015.08.28 02:09:46.520,1.25334,1.25356,1.12,1.00
2015.08.28 02:09:51.139,1.25334,1.25362,1.12,1.75
2015.08.28 02:09:54.501,1.25335,1.25361,1.12,1.50
2015.08.28 02:09:54.934,1.25333,1.25355,2.62,1.00
2015.08.28 02:09:59.154,1.25333,1.25356,2.62,1.00
2015.08.28 02:09:59.670,1.25331,1.25357,2.62,1.00
2015.08.28 02:10:00.172,1.25331,1.25358,1.87,1.12
2015.08.28 02:10:00.963,1.25331,1.25357,1.75,1.00
2015.08.28 02:10:01.115,1.25331,1.25357,1.75,1.37
2015.08.28 02:10:02.730,1.2533,1.25357,3.00,1.12
2015.08.28 02:10:06.330,1.25332,1.25359,1.75,1.75
2015.08.28 02:10:07.917,1.25332,1.25355,1.75,1.00
2015.08.28 02:10:09.092,1.25329,1.25355,3.00,1.37
2015.08.28 02:10:09.260,1.25329,1.25356,2.25,1.12
2015.08.28 02:10:11.735,1.25329,1.25355,1.75,1.37
2015.08.28 02:10:11.940,1.25327,1.25355,1.75,1.12
2015.08.28 02:10:12.245,1.25325,1.25351,1.75,1.00
2015.08.28 02:10:12.895,1.25325,1.25352,1.12,1.12
2015.08.28 02:10:13.808,1.25325,1.25351,1.75,1.00
2015.08.28 02:10:25.753,1.25331,1.25358,1.75,1.75
2015.08.28 02:10:25.804,1.25334,1.25359,1.75,1.50
2015.08.28 02:10:25.956,1.25336,1.25362,1.12,2.22
2015.08.28 02:10:26.009,1.25335,1.25362,2.62,1.10
2015.08.28 02:10:26.418,1.25337,1.25364,1.75,1.50
2015.08.28 02:10:26.622,1.25335,1.25363,2.25,1.00
2015.08.28 02:10:26.894,1.25334,1.25361,2.25,1.00
2015.08.28 02:10:26.945,1.25334,1.25361,2.25,1.37
2015.08.28 02:10:29.173,1.25342,1.25365,1.00,1.87
2015.08.28 02:10:29.274,1.25342,1.25365,1.00,1.87
2015.08.28 02:10:29.552,1.25336,1.25362,1.75,1.37
2015.08.28 02:10:29.603,1.25336,1.25362,1.75,1.12
2015.08.28 02:10:33.709,1.25334,1.2536,1.12,1.37
2015.08.28 02:10:33.810,1.25335,1.25363,1.75,1.12
2015.08.28 02:10:33.963,1.25336,1.25364,3.00,1.12
2015.08.28 02:10:42.299,1.25341,1.25366,1.12,1.00
2015.08.28 02:10:43.162,1.25341,1.25366,1.87,1.37
2015.08.28 02:10:43.841,1.25341,1.25366,1.87,1.24
2015.08.28 02:10:44.347,1.25341,1.25366,1.87,1.24
2015.08.28 02:10:44.997,1.25341,1.25366,1.87,1.24
2015.08.28 02:10:45.974,1.2534,1.25366,1.75,1.24
2015.08.28 02:10:46.531,1.2534,1.25363,1.75,1.37
2015.08.28 02:10:46.583,1.2534,1.2536,1.00,1.24
2015.08.28 02:10:47.112,1.25332,1.25359,1.75,1.37
2015.08.28 02:10:47.163,1.25333,1.25359,1.75,1.12
2015.08.28 02:10:48.200,1.25331,1.25356,1.75,1.50
2015.08.28 02:10:48.722,1.25332,1.25357,1.12,1.37
2015.08.28 02:10:53.181,1.25336,1.2536,1.87,1.75
2015.08.28 02:10:53.232,1.25336,1.2536,1.87,1.37
2015.08.28 02:10:53.283,1.2534,1.25361,1.37,1.00
2015.08.28 02:10:53.334,1.2534,1.25362,1.75,1.50
2015.08.28 02:10:53.385,1.25345,1.25366,1.00,1.37
2015.08.28 02:10:53.851,1.25345,1.25367,1.00,1.87
2015.08.28 02:10:55.192,1.25345,1.25367,1.37,1.00
2015.08.28 02:10:55.294,1.25346,1.25371,1.12,1.37
2015.08.28 02:10:55.497,1.25346,1.25371,1.12,1.37
2015.08.28 02:10:55.710,1.25343,1.25367,1.75,1.12
2015.08.28 02:10:56.168,1.25339,1.25364,1.12,1.00
2015.08.28 02:10:56.678,1.25339,1.25365,1.12,1.00
2015.08.28 02:11:05.386,1.25342,1.25367,1.12,1.50
2015.08.28 02:11:05.691,1.25347,1.25369,1.12,1.12
2015.08.28 02:11:05.895,1.25348,1.25372,1.12,1.37
2015.08.28 02:11:05.996,1.25348,1.25372,1.12,1.37
2015.08.28 02:11:06.304,1.25348,1.25373,1.12,1.37
2015.08.28 02:11:08.195,1.25346,1.25372,1.12,1.37
2015.08.28 02:11:08.889,1.25346,1.25372,1.12,1.12
2015.08.28 02:11:09.286,1.25346,1.25375,2.25,1.87
2015.08.28 02:11:10.118,1.25347,1.25375,1.75,1.00
2015.08.28 02:11:10.794,1.25346,1.25374,2.62,1.00
2015.08.28 02:11:11.298,1.25346,1.25374,2.62,1.37
2015.08.28 02:11:16.421,1.25347,1.25372,1.87,1.00
2015.08.28 02:11:17.022,1.25347,1.25371,1.87,1.00
2015.08.28 02:11:17.530,1.25348,1.25372,2.62,1.00
2015.08.28 02:11:17.837,1.25354,1.25374,1.00,1.00
2015.08.28 02:11:18.363,1.25353,1.25375,1.37,1.12
2015.08.28 02:11:18.414,1.25353,1.25375,1.75,1.12
2015.08.28 02:11:18.669,1.25353,1.25372,1.00,1.00
2015.08.28 02:11:18.821,1.25353,1.25369,1.00,1.00
2015.08.28 02:11:19.469,1.25353,1.2537,1.00,1.00
2015.08.28 02:11:35.190,1.25348,1.25371,1.12,1.00
2015.08.28 02:11:35.246,1.25351,1.25371,1.00,1.00
2015.08.28 02:11:35.777,1.25351,1.2537,1.00,1.00
2015.08.28 02:11:38.837,1.25351,1.25368,1.00,1.00
2015.08.28 02:11:39.059,1.25351,1.25371,1.00,1.00
2015.08.28 02:11:39.270,1.25351,1.25368,1.00,1.00
2015.08.28 02:11:44.207,1.25351,1.2537,1.00,1.00
2015.08.28 02:11:44.898,1.25351,1.25372,1.00,1.00
2015.08.28 02:11:45.117,1.25351,1.2537,1.00,1.00
2015.08.28 02:11:46.207,1.25351,1.25372,1.00,1.00
2015.08.28 02:11:49.082,1.25351,1.2537,1.00,1.00
2015.08.28 02:11:49.656,1.25351,1.25371,1.00,1.00
2015.08.28 02:11:50.164,1.25347,1.25371,1.87,1.00
2015.08.28 02:11:54.885,1.25352,1.25373,1.00,1.00
2015.08.28 02:11:55.427,1.25352,1.25372,1.00,1.00
2015.08.28 02:11:55.757,1.25352,1.25374,1.00,1.00
2015.08.28 02:11:56.967,1.25352,1.25373,1.00,1.00
2015.08.28 02:11:58.542,1.25352,1.25374,1.00,1.00
2015.08.28 02:12:02.903,1.25349,1.25376,1.75,1.37
2015.08.28 02:12:03.485,1.25349,1.25374,1.87,1.00
2015.08.28 02:12:07.227,1.25348,1.25373,1.75,1.00
2015.08.28 02:12:09.811,1.25348,1.25373,1.75,1.37
2015.08.28 02:12:10.118,1.25345,1.25367,1.75,1.00
2015.08.28 02:12:10.625,1.25347,1.25371,1.12,1.00
2015.08.28 02:12:10.727,1.25348,1.25371,1.75,1.00
2015.08.28 02:12:10.830,1.25348,1.25374,1.75,1.00
2015.08.28 02:12:11.928,1.25348,1.25372,2.25,1.00
2015.08.28 02:12:12.449,1.25348,1.25373,2.25,1.00
2015.08.28 02:12:13.515,1.25348,1.25372,2.25,1.00
2015.08.28 02:12:14.046,1.25348,1.25371,1.75,1.00
2015.08.28 02:12:17.837,1.25346,1.25371,1.75,1.00
2015.08.28 02:12:17.939,1.25346,1.25371,1.75,1.00
2015.08.28 02:12:18.247,1.25345,1.25369,1.87,1.00
2015.08.28 02:12:18.526,1.25345,1.25369,1.87,1.00
2015.08.28 02:12:19.661,1.25345,1.25371,1.87,1.00
2015.08.28 02:12:20.184,1.25345,1.2537,1.87,1.00
2015.08.28 02:12:20.775,1.25348,1.25368,1.12,1.00
2015.08.28 02:12:21.973,1.25345,1.2537,1.87,1.00
2015.08.28 02:12:28.791,1.25347,1.25372,1.12,1.00
2015.08.28 02:12:30.920,1.25347,1.25372,1.12,1.00
2015.08.28 02:12:30.971,1.25347,1.25372,1.12,1.00
2015.08.28 02:12:31.073,1.25347,1.25374,1.87,1.00
2015.08.28 02:12:32.310,1.25349,1.25375,1.12,1.00
2015.08.28 02:12:32.875,1.2535,1.25377,1.12,1.87
2015.08.28 02:12:33.081,1.25354,1.25376,1.50,1.00
2015.08.28 02:12:33.287,1.25357,1.25382,1.87,1.00
2015.08.28 02:12:33.491,1.25359,1.25384,1.87,1.00
2015.08.28 02:12:34.028,1.25357,1.25383,1.75,1.00
2015.08.28 02:12:34.282,1.25356,1.2538,1.87,1.00
2015.08.28 02:12:34.806,1.25356,1.25379,1.12,1.00
2015.08.28 02:12:36.087,1.25356,1.25379,1.12,1.00
2015.08.28 02:12:36.417,1.25356,1.25377,1.12,1.00
2015.08.28 02:12:36.697,1.25356,1.25379,1.12,1.00
2015.08.28 02:12:38.108,1.25358,1.25384,1.12,1.75
2015.08.28 02:12:38.159,1.2536,1.25384,1.12,1.50
2015.08.28 02:12:38.311,1.25362,1.25384,1.50,1.12
2015.08.28 02:12:39.923,1.25365,1.25383,1.00,1.00
2015.08.28 02:12:47.062,1.25365,1.25382,1.00,1.00
2015.08.28 02:12:51.889,1.25365,1.25385,1.00,1.00
2015.08.28 02:12:54.428,1.25364,1.25386,1.87,1.50
2015.08.28 02:12:54.529,1.25364,1.25386,1.87,1.50
2015.08.28 02:12:54.833,1.25368,1.25386,1.12,1.00
2015.08.28 02:12:55.340,1.25369,1.25387,1.37,1.00
2015.08.28 02:12:55.904,1.25367,1.25386,1.75,1.00
2015.08.28 02:12:57.164,1.25365,1.25389,1.75,1.50
2015.08.28 02:12:57.750,1.25367,1.25388,1.75,1.00
2015.08.28 02:13:00.004,1.25367,1.2539,1.87,1.00
2015.08.28 02:13:00.106,1.25367,1.2539,1.87,1.00
2015.08.28 02:13:00.751,1.25367,1.25389,1.87,1.00
2015.08.28 02:13:04.175,1.25368,1.2539,1.12,1.00
2015.08.28 02:13:07.497,1.25369,1.25391,1.75,1.00
2015.08.28 02:13:09.138,1.25369,1.25388,1.75,1.00
2015.08.28 02:13:09.646,1.25366,1.25387,1.75,1.00
2015.08.28 02:13:09.872,1.25366,1.25387,1.75,1.00
2015.08.28 02:13:13.655,1.25365,1.25385,1.75,1.00
2015.08.28 02:13:14.583,1.25363,1.25382,1.75,1.00
2015.08.28 02:13:14.837,1.2536,1.25381,1.87,1.00
2015.08.28 02:13:19.046,1.2536,1.25383,1.75,1.37
2015.08.28 02:13:21.226,1.2536,1.25381,1.75,1.00
2015.08.28 02:13:24.195,1.2536,1.25382,1.75,1.12
2015.08.28 02:13:29.395,1.2536,1.25381,1.75,1.00
2015.08.28 02:13:30.671,1.2536,1.25381,1.75,1.00
2015.08.28 02:13:32.901,1.25356,1.25378,1.75,1.00
2015.08.28 02:13:33.429,1.25358,1.25379,1.12,1.00
2015.08.28 02:13:33.480,1.25358,1.25381,1.12,1.12
2015.08.28 02:13:34.850,1.25358,1.25381,1.12,1.12
2015.08.28 02:13:35.030,1.25356,1.25381,1.75,1.12
2015.08.28 02:13:39.868,1.25356,1.25379,1.87,1.00
2015.08.28 02:13:47.110,1.2536,1.2538,1.37,1.00
2015.08.28 02:13:56.344,1.25359,1.25381,1.12,1.50
2015.08.28 02:13:56.665,1.25359,1.25381,1.12,1.00
2015.08.28 02:13:56.817,1.25363,1.25383,1.37,1.00
2015.08.28 02:13:56.868,1.25363,1.25385,1.12,1.50
2015.08.28 02:13:57.172,1.25363,1.25387,1.87,1.50
2015.08.28 02:13:58.769,1.25363,1.25386,2.62,1.00
2015.08.28 02:13:59.239,1.25363,1.25384,1.87,1.00
2015.08.28 02:13:59.772,1.25363,1.25385,1.87,1.00
2015.08.28 02:14:00.281,1.25363,1.25386,1.87,1.00
2015.08.28 02:14:00.686,1.25367,1.25387,1.12,1.00
2015.08.28 02:14:01.332,1.25367,1.25387,1.12,1.00
2015.08.28 02:14:02.528,1.25367,1.25388,1.12,1.50
2015.08.28 02:14:03.165,1.25367,1.25388,1.12,1.37
2015.08.28 02:14:04.460,1.25366,1.25389,1.12,1.37
2015.08.28 02:14:04.664,1.25366,1.25387,1.12,1.12
2015.08.28 02:14:05.189,1.25366,1.25386,1.12,1.00
2015.08.28 02:14:07.275,1.25369,1.25387,1.00,1.12
2015.08.28 02:14:07.794,1.25369,1.25388,1.00,1.00
2015.08.28 02:14:08.126,1.25367,1.25386,1.87,1.00
2015.08.28 02:14:08.635,1.25364,1.25385,1.12,1.00
2015.08.28 02:14:09.477,1.25366,1.25386,1.12,1.00
2015.08.28 02:14:09.781,1.25369,1.25389,1.37,1.00
2015.08.28 02:14:09.832,1.25369,1.25389,1.12,1.00
2015.08.28 02:14:12.674,1.25369,1.25388,1.12,1.00
2015.08.28 02:14:15.608,1.25369,1.25389,1.12,1.00
2015.08.28 02:14:16.383,1.25369,1.25391,1.12,1.00
2015.08.28 02:14:16.955,1.25371,1.25391,1.12,1.00
2015.08.28 02:14:17.260,1.25371,1.25393,1.12,1.50
2015.08.28 02:14:18.285,1.25373,1.25394,1.12,1.37
2015.08.28 02:14:18.336,1.25375,1.25394,1.37,1.00
2015.08.28 02:14:19.050,1.25373,1.25393,1.12,1.00
2015.08.28 02:14:19.567,1.25373,1.25392,1.12,1.00
2015.08.28 02:14:20.154,1.25373,1.25393,1.12,1.00
2015.08.28 02:14:21.034,1.25374,1.25392,1.12,1.00
2015.08.28 02:14:23.099,1.25374,1.25394,1.12,1.00
2015.08.28 02:14:27.047,1.25373,1.25393,1.12,1.00
2015.08.28 02:14:27.729,1.25375,1.25394,1.12,1.00
2015.08.28 02:14:27.932,1.25375,1.25397,1.12,1.50
2015.08.28 02:14:28.085,1.25378,1.25397,1.12,1.00
2015.08.28 02:14:28.635,1.25378,1.25398,1.12,1.12
2015.08.28 02:14:30.580,1.2538,1.25399,1.00,1.00
2015.08.28 02:14:31.121,1.2538,1.25399,1.12,1.00
2015.08.28 02:14:31.437,1.25382,1.25399,1.37,1.00
2015.08.28 02:14:32.427,1.25382,1.254,1.37,1.00
2015.08.28 02:14:34.676,1.25382,1.254,1.12,1.00
2015.08.28 02:14:35.190,1.25382,1.25401,1.87,1.00
2015.08.28 02:14:38.601,1.25382,1.254,1.87,1.00
2015.08.28 02:14:38.704,1.25387,1.25404,1.00,1.00
2015.08.28 02:14:39.024,1.25387,1.25402,1.00,1.00
2015.08.28 02:14:39.543,1.25387,1.25403,1.00,1.00
2015.08.28 02:14:41.664,1.25383,1.25403,1.50,1.00
2015.08.28 02:14:41.892,1.25383,1.25405,1.50,1.00
2015.08.28 02:14:45.010,1.25383,1.25406,1.50,1.00
2015.08.28 02:14:45.112,1.25382,1.25404,1.37,1.75
2015.08.28 02:14:45.163,1.25382,1.25401,1.00,1.00
2015.08.28 02:14:45.265,1.25377,1.25401,1.75,1.12
2015.08.28 02:14:45.367,1.25377,1.25401,1.75,1.12
2015.08.28 02:14:46.284,1.25378,1.25403,1.75,1.00
2015.08.28 02:14:48.484,1.2538,1.25402,1.75,1.00
2015.08.28 02:14:48.747,1.25382,1.25404,1.00,1.00
2015.08.28 02:14:48.937,1.25382,1.25405,1.50,1.12
2015.08.28 02:14:49.242,1.25383,1.25405,1.12,1.00
2015.08.28 02:14:49.824,1.25384,1.25407,1.12,1.00
2015.08.28 02:14:50.139,1.25386,1.25408,1.12,1.00
2015.08.28 02:14:50.291,1.25389,1.2541,1.37,1.00
2015.08.28 02:14:51.379,1.25386,1.25409,1.12,1.00
2015.08.28 02:14:51.583,1.25386,1.25411,1.12,1.00
2015.08.28 02:14:52.210,1.25386,1.2541,1.12,1.00
2015.08.28 02:14:54.436,1.25389,1.25411,1.37,1.00
2015.08.28 02:14:56.556,1.25386,1.2541,1.12,1.00
2015.08.28 02:14:59.958,1.25387,1.25411,1.12,1.00
2015.08.28 02:15:00.482,1.25389,1.25413,1.37,1.12
2015.08.28 02:15:02.292,1.25389,1.25413,1.12,1.00
2015.08.28 02:15:02.498,1.25393,1.25416,1.37,1.00
2015.08.28 02:15:02.826,1.25393,1.25418,2.25,1.12
2015.08.28 02:15:03.131,1.25399,1.25421,1.00,1.50
2015.08.28 02:15:03.639,1.25397,1.25422,1.75,1.37
2015.08.28 02:15:04.155,1.25404,1.25422,1.00,1.00
2015.08.28 02:15:05.124,1.25404,1.25425,1.00,1.00
2015.08.28 02:15:05.632,1.25404,1.25426,1.00,1.50
2015.08.28 02:15:05.734,1.254,1.25427,1.75,1.37
2015.08.28 02:15:05.989,1.25402,1.25428,2.25,1.00
2015.08.28 02:15:06.219,1.25407,1.25433,1.75,1.37
2015.08.28 02:15:06.270,1.25414,1.25433,1.00,1.00
2015.08.28 02:15:06.819,1.25414,1.25434,1.00,1.00
2015.08.28 02:15:07.366,1.25414,1.25435,1.00,1.00
2015.08.28 02:15:07.892,1.25414,1.25436,1.00,1.50
2015.08.28 02:15:08.070,1.25414,1.25433,1.00,1.00
2015.08.28 02:15:08.383,1.25416,1.25433,1.00,1.00
2015.08.28 02:15:08.735,1.25423,1.25445,1.75,1.00
2015.08.28 02:15:08.792,1.25423,1.25445,1.50,1.00
2015.08.28 02:15:09.870,1.25424,1.25447,1.87,1.12
2015.08.28 02:15:09.921,1.25429,1.25447,1.37,1.00
2015.08.28 02:15:09.972,1.25429,1.25452,1.37,1.37
2015.08.28 02:15:10.125,1.25431,1.25452,1.37,1.00
2015.08.28 02:15:10.632,1.25428,1.25453,1.87,1.00
2015.08.28 02:15:10.975,1.25431,1.25456,1.75,1.00
2015.08.28 02:15:12.712,1.25434,1.25457,1.75,1.00
2015.08.28 02:15:12.814,1.25434,1.25459,1.75,1.00
2015.08.28 02:15:13.362,1.25434,1.25456,1.75,1.00
2015.08.28 02:15:14.147,1.25434,1.25454,1.75,1.00
2015.08.28 02:15:15.922,1.25432,1.25455,1.87,1.00
2015.08.28 02:15:16.228,1.25431,1.25453,1.75,1.00
2015.08.28 02:15:16.492,1.25428,1.25448,1.75,1.00
2015.08.28 02:15:16.544,1.25428,1.25451,1.75,1.00
2015.08.28 02:15:16.798,1.25429,1.25447,1.75,1.00
2015.08.28 02:15:17.155,1.25428,1.25447,1.00,1.00
2015.08.28 02:15:17.384,1.25428,1.25444,1.00,1.00
2015.08.28 02:15:17.690,1.25422,1.25442,1.75,1.00
2015.08.28 02:15:18.199,1.25421,1.25444,1.75,1.00
2015.08.28 02:15:18.731,1.25421,1.25445,1.75,1.00
2015.08.28 02:15:20.760,1.25421,1.25443,1.75,1.00
2015.08.28 02:15:21.166,1.2543,1.25448,1.00,1.75
2015.08.28 02:15:21.217,1.25425,1.25448,1.50,1.75
2015.08.28 02:15:21.390,1.25429,1.25451,1.37,1.37
2015.08.28 02:15:21.492,1.25429,1.25446,1.12,1.00
2015.08.28 02:15:21.598,1.25427,1.2545,1.75,1.00
2015.08.28 02:15:21.649,1.25427,1.2545,1.75,1.00
2015.08.28 02:15:22.056,1.25428,1.25452,1.75,1.00
2015.08.28 02:15:22.586,1.25428,1.25451,1.75,1.00
2015.08.28 02:15:22.808,1.25429,1.25449,1.12,1.00
2015.08.28 02:15:23.941,1.25429,1.25448,1.12,1.00
2015.08.28 02:15:24.245,1.25429,1.25446,1.12,1.00
2015.08.28 02:15:26.940,1.25428,1.25446,1.75,1.00
2015.08.28 02:15:27.137,1.25429,1.25445,1.00,1.00
2015.08.28 02:15:27.694,1.25429,1.25446,1.00,1.00
2015.08.28 02:15:29.004,1.25429,1.25447,1.12,1.00
2015.08.28 02:15:29.763,1.25429,1.25445,1.00,1.00
2015.08.28 02:15:34.033,1.25429,1.25448,1.00,1.00
2015.08.28 02:15:34.390,1.25429,1.25451,1.50,1.00
2015.08.28 02:15:34.492,1.25429,1.25452,1.87,1.12
2015.08.28 02:15:35.008,1.25428,1.25452,1.75,1.00
2015.08.28 02:15:35.379,1.25427,1.2545,1.75,1.00
2015.08.28 02:15:35.482,1.25425,1.2545,1.75,1.00
2015.08.28 02:15:36.134,1.25425,1.25449,1.75,1.12
2015.08.28 02:15:37.026,1.25425,1.25448,1.75,1.12
2015.08.28 02:15:39.195,1.25425,1.25449,1.87,1.12
2015.08.28 02:15:45.736,1.25426,1.2545,1.87,1.12
2015.08.28 02:15:48.254,1.25426,1.2545,1.75,1.37
2015.08.28 02:15:48.776,1.25426,1.25448,1.75,1.00
2015.08.28 02:15:49.299,1.25424,1.25448,1.75,1.37
2015.08.28 02:15:49.451,1.25425,1.25446,1.00,1.00
2015.08.28 02:15:49.553,1.25425,1.25444,1.00,1.00
2015.08.28 02:15:49.857,1.25425,1.25443,1.00,1.37
2015.08.28 02:15:50.061,1.25417,1.25441,2.25,1.12
2015.08.28 02:15:50.112,1.25417,1.25439,2.25,1.00
2015.08.28 02:15:50.336,1.25416,1.25438,1.50,1.50
2015.08.28 02:15:50.389,1.25413,1.25438,1.75,1.50
2015.08.28 02:15:50.695,1.25412,1.25432,1.75,1.00
2015.08.28 02:15:50.751,1.25412,1.25432,1.50,1.00
2015.08.28 02:15:50.903,1.25412,1.25435,1.50,1.00
2015.08.28 02:15:51.431,1.25415,1.25436,1.00,1.50
2015.08.28 02:15:51.584,1.25413,1.25437,1.12,1.50
2015.08.28 02:15:51.789,1.25413,1.25435,1.37,1.00
2015.08.28 02:15:51.992,1.25413,1.25437,1.75,1.00
2015.08.28 02:15:52.531,1.25412,1.25438,1.75,1.12
2015.08.28 02:15:52.844,1.25412,1.25436,1.87,1.00
2015.08.28 02:15:53.398,1.25412,1.25439,1.87,1.50
2015.08.28 02:15:54.157,1.25413,1.25436,1.75,1.00
2015.08.28 02:15:55.428,1.25413,1.25437,1.75,1.00
2015.08.28 02:15:58.363,1.25411,1.25435,1.75,1.00
2015.08.28 02:15:58.667,1.25414,1.25438,1.12,1.12
2015.08.28 02:15:59.170,1.25412,1.25437,1.87,1.00
2015.08.28 02:15:59.876,1.25412,1.25436,1.12,1.00
2015.08.28 02:16:00.332,1.25412,1.25438,1.12,1.12
2015.08.28 02:16:00.705,1.25411,1.25436,1.12,1.00
2015.08.28 02:16:01.240,1.25412,1.25437,1.12,1.00
2015.08.28 02:16:01.746,1.25414,1.2544,1.87,1.00
2015.08.28 02:16:02.075,1.25414,1.25443,2.25,1.37
2015.08.28 02:16:02.280,1.25419,1.25444,1.50,1.37
2015.08.28 02:16:02.585,1.25419,1.25444,1.75,1.12
2015.08.28 02:16:06.771,1.25424,1.25448,1.37,1.37
2015.08.28 02:16:06.822,1.25428,1.25448,1.00,1.00
2015.08.28 02:16:07.599,1.25428,1.25446,1.00,1.00
2015.08.28 02:16:07.934,1.25428,1.25443,1.00,1.00
2015.08.28 02:16:08.036,1.25428,1.25446,1.00,1.00
2015.08.28 02:16:09.480,1.25428,1.25447,1.00,1.00
2015.08.28 02:16:12.968,1.25428,1.25446,1.00,1.00
2015.08.28 02:16:14.285,1.25428,1.25445,1.00,1.00
2015.08.28 02:16:16.600,1.25428,1.25446,1.00,1.00
2015.08.28 02:16:16.954,1.25428,1.25449,1.00,1.12
2015.08.28 02:16:17.157,1.25427,1.2545,1.87,1.00
2015.08.28 02:16:18.805,1.25426,1.25449,1.87,1.00
2015.08.28 02:16:21.434,1.25426,1.25451,1.12,1.12
2015.08.28 02:16:21.688,1.25425,1.25448,1.75,1.37
2015.08.28 02:16:21.739,1.25428,1.25448,1.00,1.37
2015.08.28 02:16:22.323,1.25428,1.25446,1.00,1.00
2015.08.28 02:16:22.678,1.25428,1.25444,1.00,1.00
2015.08.28 02:16:23.404,1.25419,1.25444,2.25,1.00
2015.08.28 02:16:23.556,1.25419,1.25442,1.75,1.00
2015.08.28 02:16:23.991,1.25416,1.2544,1.75,1.00
2015.08.28 02:16:24.296,1.25419,1.25441,1.50,1.12
2015.08.28 02:16:24.449,1.25419,1.25444,1.50,1.37
2015.08.28 02:16:24.855,1.25419,1.25439,1.75,1.00
2015.08.28 02:16:24.957,1.25417,1.25441,1.75,1.00
2015.08.28 02:16:25.109,1.25415,1.25438,1.75,1.00
2015.08.28 02:16:25.657,1.25415,1.25439,1.75,1.00
2015.08.28 02:16:25.809,1.25415,1.25439,1.75,1.50
2015.08.28 02:16:26.280,1.25416,1.2544,1.75,1.00
2015.08.28 02:16:26.980,1.25414,1.2544,1.75,1.37
2015.08.28 02:16:27.792,1.25414,1.2544,1.75,1.12
2015.08.28 02:16:31.687,1.25413,1.2544,1.75,1.37
2015.08.28 02:16:32.294,1.25412,1.25438,2.25,1.37
2015.08.28 02:16:32.345,1.25412,1.25436,2.25,1.00
2015.08.28 02:16:33.678,1.25412,1.25436,1.75,1.37
2015.08.28 02:16:33.999,1.25409,1.25432,1.75,1.12
2015.08.28 02:16:34.051,1.25405,1.25432,4.12,1.12
2015.08.28 02:16:34.324,1.25405,1.2543,2.25,1.00
2015.08.28 02:16:34.977,1.25405,1.2543,2.25,1.00
2015.08.28 02:16:35.028,1.25405,1.2543,2.25,1.00
2015.08.28 02:16:35.666,1.25405,1.25432,2.25,1.50
2015.08.28 02:16:36.166,1.25405,1.25431,2.25,1.37
2015.08.28 02:16:36.686,1.25405,1.25432,2.25,1.50
2015.08.28 02:16:37.266,1.25407,1.25431,1.12,1.12
2015.08.28 02:16:37.785,1.25407,1.25433,1.12,1.37
2015.08.28 02:16:40.795,1.25407,1.25431,1.12,1.00
2015.08.28 02:16:43.115,1.25406,1.25431,1.75,1.37
2015.08.28 02:16:43.318,1.25403,1.25428,2.62,1.50
2015.08.28 02:16:43.573,1.25401,1.25426,1.87,1.00
2015.08.28 02:16:44.438,1.25401,1.25427,1.75,1.00
2015.08.28 02:16:46.552,1.25405,1.25429,1.12,1.37
2015.08.28 02:16:46.857,1.25406,1.25431,1.12,1.00
2015.08.28 02:16:47.373,1.25407,1.2543,1.12,1.00
2015.08.28 02:16:47.550,1.25407,1.25432,1.12,1.12
2015.08.28 02:16:48.071,1.25407,1.25431,1.12,1.00
2015.08.28 02:16:51.912,1.25409,1.25432,1.37,1.12
2015.08.28 02:16:52.436,1.25409,1.25431,1.37,1.00
2015.08.28 02:16:52.812,1.25405,1.25427,1.37,1.00
2015.08.28 02:16:53.117,1.25398,1.25422,1.12,1.00
2015.08.28 02:16:53.320,1.25396,1.2542,1.12,1.12
2015.08.28 02:16:53.827,1.25392,1.25419,2.25,1.00
2015.08.28 02:16:54.365,1.25392,1.25421,2.25,1.37
2015.08.28 02:16:54.931,1.25399,1.25423,1.12,1.00
2015.08.28 02:16:55.516,1.254,1.25426,1.12,1.50
2015.08.28 02:16:56.095,1.254,1.25424,1.12,1.00
2015.08.28 02:16:58.303,1.254,1.25426,1.12,1.50
2015.08.28 02:17:00.637,1.25401,1.25425,1.12,1.00
2015.08.28 02:17:01.143,1.254,1.25426,1.12,1.00
2015.08.28 02:17:01.693,1.25402,1.25427,1.12,1.12
2015.08.28 02:17:05.519,1.25405,1.25431,1.50,1.37
2015.08.28 02:17:05.570,1.25407,1.25431,1.12,1.00
2015.08.28 02:17:05.946,1.25406,1.25433,1.12,1.12
2015.08.28 02:17:07.247,1.25409,1.25433,1.37,1.00
2015.08.28 02:17:07.415,1.25409,1.25436,1.12,1.37
2015.08.28 02:17:11.091,1.25409,1.25433,1.12,1.00
2015.08.28 02:17:14.821,1.25409,1.25432,1.12,1.00
2015.08.28 02:17:15.371,1.25405,1.2543,1.12,1.00
2015.08.28 02:17:15.423,1.25405,1.2543,1.12,1.00
2015.08.28 02:17:15.474,1.25405,1.25431,1.12,1.00
2015.08.28 02:17:17.559,1.25404,1.25432,2.62,1.12
2015.08.28 02:17:18.156,1.25407,1.25431,1.12,1.00
2015.08.28 02:17:18.363,1.25415,1.25433,1.00,1.00
2015.08.28 02:17:18.414,1.25415,1.25436,1.00,1.00
2015.08.28 02:17:18.770,1.25415,1.25438,1.12,1.00
2015.08.28 02:17:18.975,1.25415,1.25437,1.50,1.00
2015.08.28 02:17:19.181,1.25415,1.25439,1.50,1.12
2015.08.28 02:17:19.233,1.25415,1.25439,1.50,1.00
2015.08.28 02:17:19.670,1.25415,1.25437,1.75,1.00
2015.08.28 02:17:21.431,1.25417,1.2544,1.12,1.00
2015.08.28 02:17:22.047,1.25418,1.25441,1.12,1.00
2015.08.28 02:17:22.695,1.25418,1.2544,1.12,1.00
2015.08.28 02:17:23.252,1.25418,1.25438,1.12,1.00
2015.08.28 02:17:26.468,1.25418,1.2544,1.12,1.50
2015.08.28 02:17:28.080,1.25418,1.25441,1.12,1.00
2015.08.28 02:17:32.327,1.25418,1.25441,1.12,1.37
2015.08.28 02:17:33.745,1.25417,1.25439,1.12,1.00
2015.08.28 02:17:34.362,1.25417,1.25437,1.12,1.00
2015.08.28 02:17:34.955,1.25417,1.25438,1.12,1.00
2015.08.28 02:17:35.791,1.25417,1.25438,1.12,1.00
2015.08.28 02:17:41.561,1.25415,1.25436,1.12,1.00
2015.08.28 02:17:43.756,1.25412,1.25434,2.62,1.00
2015.08.28 02:17:44.932,1.25412,1.25435,2.62,1.00
2015.08.28 02:17:48.238,1.25415,1.25436,1.12,1.00
2015.08.28 02:17:48.341,1.25415,1.25438,1.12,1.00
2015.08.28 02:17:49.261,1.25416,1.25439,1.12,1.00
2015.08.28 02:17:51.633,1.25418,1.25441,1.37,1.50
2015.08.28 02:17:51.844,1.25418,1.25441,2.25,1.50
2015.08.28 02:17:52.060,1.25422,1.25445,1.12,1.50
2015.08.28 02:17:52.111,1.25421,1.25445,1.87,1.50
2015.08.28 02:17:52.316,1.25426,1.25449,1.50,1.00
2015.08.28 02:17:52.418,1.25428,1.25451,1.75,1.00
2015.08.28 02:17:52.469,1.25428,1.25454,1.75,1.00
2015.08.28 02:17:52.976,1.25431,1.25455,1.75,1.12
2015.08.28 02:17:53.824,1.25434,1.25455,1.12,1.12
2015.08.28 02:17:54.027,1.25436,1.25457,1.12,1.50
2015.08.28 02:17:54.331,1.25443,1.25463,1.37,1.37
2015.08.28 02:17:54.535,1.25443,1.25462,1.37,1.00
2015.08.28 02:17:54.779,1.25444,1.25464,1.00,1.00
2015.08.28 02:17:54.831,1.25444,1.25467,1.75,1.12
2015.08.28 02:17:55.364,1.25445,1.25468,1.12,1.37
2015.08.28 02:17:58.058,1.25447,1.25468,1.12,1.37
2015.08.28 02:17:58.687,1.25447,1.25468,1.12,1.37
2015.08.28 02:17:59.462,1.25445,1.25464,1.12,1.00
2015.08.28 02:17:59.615,1.25443,1.25463,1.12,1.00
2015.08.28 02:18:00.095,1.25439,1.25463,1.75,1.37
2015.08.28 02:18:00.146,1.25439,1.25463,1.37,1.50
2015.08.28 02:18:00.248,1.25438,1.25458,1.87,1.00
2015.08.28 02:18:00.969,1.25438,1.25459,1.50,1.00
2015.08.28 02:18:01.296,1.25438,1.25457,1.50,1.00
2015.08.28 02:18:01.875,1.25437,1.25456,1.12,1.00
2015.08.28 02:18:03.325,1.25435,1.25455,1.87,1.00
2015.08.28 02:18:03.529,1.25435,1.25453,1.00,1.00
2015.08.28 02:18:03.630,1.25431,1.25451,1.87,1.00
2015.08.28 02:18:04.287,1.25429,1.2545,1.75,1.00
2015.08.28 02:18:04.820,1.25429,1.25449,1.75,1.00
2015.08.28 02:18:06.443,1.25429,1.25449,1.00,1.00
2015.08.28 02:18:08.482,1.25429,1.25447,1.00,1.00
2015.08.28 02:18:09.012,1.25427,1.25446,1.12,1.00
2015.08.28 02:18:09.588,1.25428,1.25449,1.37,1.00
2015.08.28 02:18:09.792,1.25429,1.25451,1.00,1.50
2015.08.28 02:18:10.264,1.25426,1.25447,1.75,1.00
2015.08.28 02:18:10.518,1.25422,1.25444,1.12,1.00
2015.08.28 02:18:11.069,1.25422,1.25443,1.12,1.00
2015.08.28 02:18:11.585,1.25422,1.25442,1.12,1.00
2015.08.28 02:18:12.676,1.25422,1.25444,1.12,1.00
2015.08.28 02:18:13.126,1.25422,1.25442,1.12,1.00
2015.08.28 02:18:13.444,1.25422,1.2544,1.12,1.00
2015.08.28 02:18:13.741,1.25421,1.25442,1.75,1.00
2015.08.28 02:18:14.264,1.25421,1.25441,1.75,1.00
2015.08.28 02:18:16.413,1.25424,1.25445,1.12,1.00
2015.08.28 02:18:16.465,1.25428,1.25445,1.00,1.00
2015.08.28 02:18:16.516,1.25428,1.2545,1.00,1.00
2015.08.28 02:18:16.568,1.25431,1.2545,1.75,1.00
2015.08.28 02:18:16.669,1.25424,1.25448,1.87,1.00
2015.08.28 02:18:16.974,1.25423,1.25446,1.75,1.00
2015.08.28 02:18:17.076,1.25424,1.25446,1.00,1.00
2015.08.28 02:18:17.957,1.25424,1.25444,1.00,1.00
2015.08.28 02:18:20.708,1.25424,1.25446,1.00,1.00
2015.08.28 02:18:21.115,1.25424,1.25444,1.00,1.00
2015.08.28 02:18:22.013,1.25424,1.25442,1.00,1.00
2015.08.28 02:18:22.065,1.25419,1.25442,1.37,1.12
2015.08.28 02:18:22.571,1.25416,1.25441,1.87,1.00
2015.08.28 02:18:23.893,1.25416,1.25439,1.12,1.00
2015.08.28 02:18:27.164,1.25416,1.2544,1.75,1.00
2015.08.28 02:18:30.829,1.25417,1.25441,1.75,1.00
2015.08.28 02:18:31.460,1.25419,1.25447,1.12,1.12
2015.08.28 02:18:31.765,1.25423,1.25449,1.87,1.00
2015.08.28 02:18:32.380,1.25425,1.2545,1.12,1.00
2015.08.28 02:18:32.914,1.25426,1.25453,1.12,1.12
2015.08.28 02:18:33.270,1.25426,1.25457,1.87,1.87
2015.08.28 02:18:33.807,1.25428,1.25455,1.87,1.00
2015.08.28 02:18:34.308,1.25428,1.25457,2.62,1.50
2015.08.28 02:18:40.464,1.2543,1.25459,1.87,2.25
2015.08.28 02:18:40.515,1.2543,1.25459,1.87,1.87
2015.08.28 02:18:43.242,1.2543,1.25458,2.62,1.00
2015.08.28 02:18:45.203,1.2543,1.2546,3.00,2.25
2015.08.28 02:18:45.608,1.25437,1.25461,1.12,1.00
2015.08.28 02:18:45.760,1.25437,1.25464,1.12,1.50
2015.08.28 02:18:46.040,1.25438,1.25466,1.12,1.12
2015.08.28 02:18:47.698,1.25439,1.25467,1.12,1.87
2015.08.28 02:18:49.274,1.25437,1.25465,1.75,1.00
2015.08.28 02:18:50.307,1.25436,1.25464,1.87,1.37
2015.08.28 02:18:50.525,1.25436,1.25461,1.12,1.12
2015.08.28 02:18:51.141,1.25433,1.2546,1.12,1.00
2015.08.28 02:18:53.141,1.25433,1.25461,1.12,1.50
2015.08.28 02:18:53.664,1.25432,1.25461,1.75,1.50
2015.08.28 02:18:53.715,1.25436,1.25459,1.00,1.12
2015.08.28 02:18:54.272,1.25436,1.25459,1.00,1.37
2015.08.28 02:18:55.192,1.25429,1.25459,1.87,1.87
2015.08.28 02:18:55.244,1.25429,1.25457,1.87,1.87
2015.08.28 02:18:57.111,1.25431,1.25459,1.87,1.50
2015.08.28 02:19:00.148,1.25431,1.25459,1.75,1.50
2015.08.28 02:19:00.249,1.25432,1.25455,1.00,1.37
2015.08.28 02:19:00.402,1.25432,1.25452,1.00,1.00
2015.08.28 02:19:00.706,1.25432,1.25452,1.00,1.37
2015.08.28 02:19:00.910,1.25424,1.2545,1.87,1.00
2015.08.28 02:19:02.174,1.25422,1.2545,1.12,1.50
2015.08.28 02:19:07.090,1.25421,1.2545,1.87,1.50
2015.08.28 02:19:09.122,1.25424,1.25447,1.00,1.00
2015.08.28 02:19:09.440,1.25424,1.25447,1.00,1.87
2015.08.28 02:19:09.986,1.25424,1.25446,1.00,1.37
2015.08.28 02:19:11.403,1.25424,1.25441,1.00,1.00
2015.08.28 02:19:11.555,1.25412,1.2544,1.12,1.87
2015.08.28 02:19:11.759,1.25415,1.25443,1.12,2.62
2015.08.28 02:19:12.361,1.25415,1.25445,2.25,1.75
2015.08.28 02:19:14.727,1.25422,1.25445,1.00,1.37
2015.08.28 02:19:16.707,1.25422,1.25445,1.00,1.00
2015.08.28 02:19:16.860,1.25418,1.25447,1.12,1.00
2015.08.28 02:19:18.848,1.25418,1.25445,1.75,1.37
2015.08.28 02:19:19.051,1.25419,1.25445,1.75,1.12
2015.08.28 02:19:21.651,1.25419,1.25444,1.75,1.00
2015.08.28 02:19:21.752,1.25422,1.25444,1.00,1.00
2015.08.28 02:19:22.842,1.25422,1.25445,1.00,1.12
2015.08.28 02:19:28.084,1.2542,1.25447,1.12,1.12
2015.08.28 02:19:28.783,1.25421,1.25448,1.87,2.62
2015.08.28 02:19:29.595,1.25421,1.25448,1.75,3.00
2015.08.28 02:19:30.149,1.25419,1.25445,1.12,1.12
2015.08.28 02:19:32.888,1.25419,1.25444,1.12,1.00
2015.08.28 02:19:33.189,1.25421,1.25447,1.12,1.00
2015.08.28 02:19:33.291,1.25419,1.25447,1.87,1.37
2015.08.28 02:19:42.144,1.25418,1.25446,1.87,1.12
2015.08.28 02:19:47.713,1.25423,1.25446,1.00,1.87
2015.08.28 02:19:48.650,1.25423,1.25446,1.00,1.87
2015.08.28 02:19:51.703,1.25423,1.25446,1.00,1.12
2015.08.28 02:19:51.805,1.2542,1.25447,1.12,1.37
2015.08.28 02:19:51.907,1.2542,1.25448,1.87,1.50
2015.08.28 02:19:53.382,1.25424,1.25448,1.75,1.00
2015.08.28 02:19:58.222,1.2543,1.25452,1.00,1.50
2015.08.28 02:19:58.425,1.2543,1.25453,1.00,2.25
2015.08.28 02:19:59.006,1.2543,1.25453,1.00,2.25
2015.08.28 02:20:01.543,1.2543,1.25453,1.00,2.25
2015.08.28 02:20:02.189,1.2543,1.25453,1.00,2.25
2015.08.28 02:20:02.443,1.25425,1.25448,1.12,1.50
2015.08.28 02:20:04.019,1.25419,1.25446,1.87,1.00
2015.08.28 02:20:04.593,1.25419,1.25447,1.87,1.12
2015.08.28 02:20:07.012,1.25421,1.25448,1.12,1.12
2015.08.28 02:20:07.216,1.25424,1.25453,2.25,1.87
2015.08.28 02:20:07.717,1.25425,1.25452,1.87,1.12
2015.08.28 02:20:10.435,1.25425,1.25452,1.87,1.37
2015.08.28 02:20:17.059,1.25424,1.25453,1.75,1.87
2015.08.28 02:20:17.574,1.25425,1.25452,1.87,1.37
2015.08.28 02:20:17.880,1.25422,1.25449,1.12,1.12
2015.08.28 02:20:17.931,1.25425,1.25448,1.00,1.00
2015.08.28 02:20:25.900,1.25425,1.25447,1.00,1.12
2015.08.28 02:20:26.155,1.25425,1.25445,1.00,1.00
2015.08.28 02:20:29.571,1.25425,1.25445,1.00,1.37
2015.08.28 02:20:34.916,1.25425,1.25443,1.00,1.00
2015.08.28 02:20:34.967,1.25418,1.25443,1.12,1.00
2015.08.28 02:20:36.861,1.25416,1.25441,1.75,1.00
2015.08.28 02:20:37.066,1.25417,1.2544,1.00,1.87
2015.08.28 02:20:37.320,1.25417,1.25438,1.00,1.37
2015.08.28 02:20:37.473,1.25412,1.25434,1.75,1.00
2015.08.28 02:20:38.005,1.2541,1.25435,1.75,1.12
2015.08.28 02:20:38.265,1.25408,1.25435,2.25,1.50
2015.08.28 02:20:38.781,1.25408,1.25432,2.25,1.00
2015.08.28 02:20:39.454,1.25408,1.25433,2.25,1.12
2015.08.28 02:20:41.194,1.25409,1.25433,1.75,1.37
2015.08.28 02:20:41.945,1.25409,1.25433,1.87,1.00
2015.08.28 02:20:41.997,1.25409,1.25435,1.87,1.50
2015.08.28 02:20:42.099,1.25409,1.25434,2.25,1.00
2015.08.28 02:20:42.201,1.25409,1.25436,2.25,1.12
2015.08.28 02:20:42.303,1.25415,1.25436,1.00,1.12
2015.08.28 02:20:44.595,1.25415,1.25436,1.00,1.37
2015.08.28 02:20:44.899,1.25415,1.25434,1.00,1.37
2015.08.28 02:20:45.206,1.25408,1.25432,1.75,1.12
2015.08.28 02:20:46.614,1.25409,1.25436,1.12,1.50
2015.08.28 02:20:49.474,1.25408,1.25436,2.25,1.12
2015.08.28 02:20:49.914,1.25406,1.25434,1.75,1.37
2015.08.28 02:20:50.580,1.25406,1.25434,1.12,1.37
2015.08.28 02:20:50.682,1.25409,1.25435,1.12,1.00
2015.08.28 02:20:50.986,1.25411,1.25435,1.12,1.00
2015.08.28 02:20:51.302,1.25415,1.2544,1.12,1.00
2015.08.28 02:20:52.439,1.25414,1.25441,1.12,1.12
2015.08.28 02:20:53.437,1.25416,1.25442,1.12,1.12
2015.08.28 02:20:55.183,1.25421,1.25446,1.37,1.37
2015.08.28 02:20:55.234,1.25421,1.25446,1.12,1.12
2015.08.28 02:21:00.121,1.2542,1.25445,1.12,1.00
2015.08.28 02:21:01.693,1.25419,1.25445,1.12,1.37
2015.08.28 02:21:01.795,1.2542,1.25442,1.00,1.37
2015.08.28 02:21:02.371,1.2542,1.25438,1.00,1.37
2015.08.28 02:21:04.168,1.2542,1.25439,1.00,1.37
2015.08.28 02:21:05.872,1.2542,1.2544,1.00,1.37
2015.08.28 02:21:06.297,1.2542,1.25443,1.00,1.00
2015.08.28 02:21:06.349,1.2542,1.25448,1.75,1.37
2015.08.28 02:21:06.400,1.25418,1.25447,1.87,1.75
2015.08.28 02:21:06.654,1.2542,1.25449,1.50,1.75
2015.08.28 02:21:06.705,1.2542,1.25448,1.75,1.50
2015.08.28 02:21:07.198,1.25422,1.25451,1.75,1.50
2015.08.28 02:21:07.249,1.25428,1.25451,1.00,1.50
2015.08.28 02:21:08.330,1.25428,1.25455,1.12,1.37
2015.08.28 02:21:08.382,1.2543,1.25455,1.75,1.12
2015.08.28 02:21:08.664,1.2543,1.25456,1.75,1.87
2015.08.28 02:21:09.232,1.25429,1.25454,1.87,1.00
2015.08.28 02:21:09.816,1.2543,1.25455,1.87,1.00
2015.08.28 02:21:10.323,1.25431,1.25458,1.12,1.87
2015.08.28 02:21:11.411,1.25431,1.25456,1.37,1.37
2015.08.28 02:21:11.817,1.25431,1.25457,2.62,1.75
2015.08.28 02:21:12.141,1.25437,1.25459,1.00,1.12
2015.08.28 02:21:12.860,1.25437,1.25458,1.00,1.00
2015.08.28 02:21:14.818,1.25437,1.2546,1.00,1.87
2015.08.28 02:21:16.014,1.25437,1.2546,1.00,1.50
2015.08.28 02:21:16.532,1.25437,1.2546,1.00,1.87
2015.08.28 02:21:17.389,1.25437,1.2546,1.00,1.37
2015.08.28 02:21:17.933,1.25437,1.25459,1.00,1.12
2015.08.28 02:21:20.155,1.25437,1.2546,1.00,1.87
2015.08.28 02:21:20.690,1.25437,1.25459,1.00,1.00
2015.08.28 02:21:20.741,1.25441,1.25459,1.00,1.00
2015.08.28 02:21:22.760,1.25441,1.25458,1.00,1.00
2015.08.28 02:21:22.963,1.25438,1.25458,1.00,1.00
2015.08.28 02:21:24.979,1.25438,1.2546,1.00,1.50
2015.08.28 02:21:25.221,1.25438,1.25458,1.00,1.00
2015.08.28 02:21:26.142,1.25438,1.25458,1.00,1.37
2015.08.28 02:21:26.698,1.25433,1.25457,1.12,1.37
2015.08.28 02:21:26.749,1.25432,1.25456,1.12,1.37
2015.08.28 02:21:27.471,1.25432,1.25457,1.87,1.50
2015.08.28 02:21:27.675,1.25434,1.25461,1.12,1.75
2015.08.28 02:21:27.777,1.25436,1.25461,1.12,1.50
2015.08.28 02:21:28.056,1.25437,1.25461,1.75,1.12
2015.08.28 02:21:28.600,1.25441,1.25462,1.00,1.00
2015.08.28 02:21:29.145,1.25441,1.25461,1.00,1.00
2015.08.28 02:21:29.409,1.25437,1.25458,1.00,1.00
2015.08.28 02:21:29.612,1.25437,1.2546,1.00,1.50
2015.08.28 02:21:30.247,1.25437,1.25458,1.00,1.00
2015.08.28 02:21:31.039,1.25437,1.25459,1.00,1.00
2015.08.28 02:21:31.785,1.25437,1.25458,1.00,1.00
2015.08.28 02:21:31.902,1.25437,1.2546,1.00,1.50
2015.08.28 02:21:32.004,1.25437,1.25458,1.00,1.00
2015.08.28 02:21:32.511,1.25437,1.25459,1.00,1.00
2015.08.28 02:21:33.000,1.25437,1.25457,1.00,1.00
2015.08.28 02:21:33.102,1.25437,1.25459,1.00,1.00
2015.08.28 02:21:33.254,1.25437,1.25454,1.00,1.00
2015.08.28 02:21:33.356,1.25437,1.25457,1.00,1.00
2015.08.28 02:21:33.559,1.25437,1.25455,1.00,1.00
2015.08.28 02:21:34.675,1.25437,1.25454,1.00,1.00
2015.08.28 02:21:34.929,1.25437,1.25456,1.00,1.00
2015.08.28 02:21:35.458,1.25437,1.25457,1.00,1.00
2015.08.28 02:21:38.870,1.25437,1.25459,1.00,1.00
2015.08.28 02:21:40.593,1.25437,1.25459,1.37,1.00
2015.08.28 02:21:41.142,1.25437,1.2546,1.37,1.50
2015.08.28 02:21:47.682,1.25441,1.2546,1.00,1.00
2015.08.28 02:21:48.549,1.25441,1.25462,1.00,1.00
2015.08.28 02:21:50.107,1.25441,1.25459,1.00,1.00
2015.08.28 02:21:50.209,1.25441,1.25464,1.12,1.00
2015.08.28 02:21:50.260,1.25444,1.25464,1.00,1.00
2015.08.28 02:21:50.582,1.25451,1.25467,1.00,1.00
2015.08.28 02:21:50.639,1.25451,1.25469,1.00,1.00
2015.08.28 02:21:50.901,1.25451,1.25471,1.00,1.00
2015.08.28 02:21:52.557,1.25451,1.2547,1.00,1.00
2015.08.28 02:21:53.076,1.25451,1.25472,1.00,1.00
2015.08.28 02:21:54.057,1.25451,1.25469,1.00,1.00
2015.08.28 02:21:54.285,1.25451,1.25472,1.00,1.00
2015.08.28 02:21:54.640,1.25451,1.2547,1.00,1.00
2015.08.28 02:21:55.009,1.25443,1.25469,1.75,1.50
2015.08.28 02:21:58.902,1.25446,1.25472,1.12,1.50
2015.08.28 02:22:00.897,1.25446,1.25472,1.12,1.12
2015.08.28 02:22:01.415,1.25446,1.25473,1.12,1.12
2015.08.28 02:22:05.827,1.25447,1.25472,1.12,1.12
2015.08.28 02:22:06.362,1.25447,1.25471,1.12,1.12
2015.08.28 02:22:06.903,1.25447,1.2547,1.12,1.00
2015.08.28 02:22:07.242,1.25447,1.25468,1.12,1.00
2015.08.28 02:22:14.075,1.25444,1.2547,1.75,1.12
2015.08.28 02:22:14.582,1.25444,1.2547,1.75,1.12
2015.08.28 02:22:14.769,1.25444,1.25468,1.75,1.00
2015.08.28 02:22:15.311,1.25445,1.25467,1.12,1.00
2015.08.28 02:22:16.513,1.25443,1.25466,1.12,1.00
2015.08.28 02:22:19.824,1.25443,1.25468,1.12,1.00
2015.08.28 02:22:19.977,1.25443,1.25468,1.12,1.50
2015.08.28 02:22:22.617,1.25446,1.25469,1.12,1.37
2015.08.28 02:22:23.259,1.25446,1.25467,1.12,1.00
2015.08.28 02:22:27.877,1.25445,1.25466,1.12,1.00
2015.08.28 02:22:32.005,1.25443,1.25465,1.12,1.00
2015.08.28 02:22:34.034,1.25443,1.25463,1.87,1.00
2015.08.28 02:22:34.288,1.25443,1.25464,1.87,1.00
2015.08.28 02:22:34.887,1.25443,1.25466,1.87,1.00
2015.08.28 02:22:35.349,1.25439,1.25465,1.12,1.37
2015.08.28 02:22:35.654,1.25437,1.25465,1.75,1.37
2015.08.28 02:22:35.959,1.25441,1.25462,1.00,1.37
2015.08.28 02:22:36.532,1.25441,1.25459,1.00,1.37
2015.08.28 02:22:36.687,1.25441,1.25459,1.00,1.12
2015.08.28 02:22:38.622,1.25441,1.25459,1.00,1.37
2015.08.28 02:22:38.774,1.25432,1.25458,1.75,1.37
2015.08.28 02:22:40.208,1.25432,1.25458,1.75,1.37
2015.08.28 02:22:40.513,1.25433,1.25456,1.00,2.25
2015.08.28 02:22:41.216,1.25433,1.25452,1.00,1.00
2015.08.28 02:22:42.487,1.2543,1.25452,1.12,1.00
2015.08.28 02:22:42.588,1.25431,1.25455,1.12,1.00
2015.08.28 02:22:42.690,1.2543,1.25453,1.12,1.00
2015.08.28 02:22:43.016,1.25428,1.2545,1.12,1.00
2015.08.28 02:22:43.540,1.25427,1.25451,1.12,1.00
2015.08.28 02:22:45.458,1.25428,1.25452,1.12,1.00
2015.08.28 02:22:45.661,1.25431,1.25454,1.12,1.00
2015.08.28 02:22:45.865,1.25431,1.25456,1.12,1.12
2015.08.28 02:22:48.704,1.25428,1.25456,1.12,1.50
2015.08.28 02:22:49.215,1.25429,1.25454,1.12,1.12
2015.08.28 02:22:50.602,1.25429,1.25453,1.12,1.00
2015.08.28 02:22:51.008,1.25429,1.25452,1.12,1.12
2015.08.28 02:22:51.800,1.25429,1.25451,1.12,1.00
2015.08.28 02:22:52.575,1.25431,1.25451,1.75,1.00
2015.08.28 02:22:52.626,1.25435,1.25456,1.00,1.00
2015.08.28 02:22:53.249,1.25435,1.25455,1.00,1.00
2015.08.28 02:22:53.802,1.25432,1.25451,1.00,1.00
2015.08.28 02:22:54.124,1.25432,1.25449,1.00,1.00
2015.08.28 02:22:55.387,1.25432,1.25448,1.00,1.00
2015.08.28 02:22:55.693,1.25432,1.2545,1.00,1.00
2015.08.28 02:22:56.203,1.25432,1.25451,1.00,1.00
2015.08.28 02:22:56.738,1.25432,1.2545,1.00,1.00
2015.08.28 02:22:59.408,1.25432,1.25451,1.00,1.00
2015.08.28 02:23:00.278,1.25432,1.25445,1.00,1.00
2015.08.28 02:23:00.430,1.25423,1.25444,1.75,1.00
2015.08.28 02:23:01.697,1.25417,1.25442,1.75,1.00
2015.08.28 02:23:02.251,1.25418,1.25441,1.12,1.00
2015.08.28 02:23:03.787,1.2542,1.25439,1.12,1.00
2015.08.28 02:23:03.838,1.2542,1.25439,1.12,1.00
2015.08.28 02:23:03.889,1.25423,1.25439,1.00,1.00
2015.08.28 02:23:04.356,1.25423,1.25444,1.37,1.12
2015.08.28 02:23:04.458,1.25423,1.2544,1.00,1.00
2015.08.28 02:23:04.692,1.25427,1.25446,1.00,1.00
2015.08.28 02:23:04.899,1.25427,1.25448,1.00,1.00
2015.08.28 02:23:05.052,1.25422,1.2545,1.75,1.37
2015.08.28 02:23:05.462,1.2543,1.25451,1.00,1.00
2015.08.28 02:23:05.989,1.2543,1.2545,1.00,1.00
2015.08.28 02:23:06.932,1.2543,1.25451,1.00,1.00
2015.08.28 02:23:09.979,1.2543,1.25449,1.00,1.00
2015.08.28 02:23:10.437,1.2543,1.25451,1.00,1.00
2015.08.28 02:23:10.635,1.2543,1.25453,1.00,1.50
2015.08.28 02:23:11.223,1.2543,1.25453,1.00,1.37
2015.08.28 02:23:16.987,1.2543,1.25451,1.00,1.00
2015.08.28 02:23:17.636,1.2543,1.2545,1.00,1.00
2015.08.28 02:23:19.602,1.2543,1.2545,1.37,1.00
2015.08.28 02:23:19.839,1.25434,1.25449,1.00,1.00
2015.08.28 02:23:19.891,1.25434,1.25454,1.37,1.00
2015.08.28 02:23:20.405,1.25432,1.25455,1.87,1.00
2015.08.28 02:23:20.730,1.25433,1.25455,1.12,1.00
2015.08.28 02:23:20.882,1.25437,1.25458,1.12,1.00
2015.08.28 02:23:21.036,1.25439,1.25459,1.12,1.00
2015.08.28 02:23:21.089,1.25439,1.25463,1.12,1.00
2015.08.28 02:23:21.241,1.2544,1.25463,1.87,1.00
2015.08.28 02:23:21.781,1.2544,1.25464,1.75,1.00
2015.08.28 02:23:21.832,1.2544,1.25466,1.75,1.00
2015.08.28 02:23:22.485,1.25446,1.25466,1.12,1.00
2015.08.28 02:23:22.689,1.25446,1.25464,1.00,1.00
2015.08.28 02:23:23.203,1.25446,1.25465,1.00,1.00
2015.08.28 02:23:23.255,1.25442,1.25465,1.12,1.00
2015.08.28 02:23:23.306,1.25442,1.25468,1.12,1.12
2015.08.28 02:23:23.408,1.25442,1.25466,1.12,1.00
2015.08.28 02:23:23.578,1.25443,1.25468,1.87,1.00
2015.08.28 02:23:23.790,1.25446,1.25469,1.75,1.00
2015.08.28 02:23:23.841,1.25446,1.25471,1.75,1.00
2015.08.28 02:23:24.349,1.25447,1.25472,1.87,1.00
2015.08.28 02:23:24.885,1.25447,1.25471,1.12,1.00
2015.08.28 02:23:25.140,1.25447,1.25473,1.12,1.00
2015.08.28 02:23:25.690,1.25447,1.25472,1.12,1.00
2015.08.28 02:23:26.560,1.25445,1.25468,1.75,1.00
2015.08.28 02:23:26.662,1.25444,1.25468,1.75,1.00
2015.08.28 02:23:26.814,1.25444,1.25466,1.12,1.00
2015.08.28 02:23:27.030,1.25445,1.25469,1.12,1.00
2015.08.28 02:23:27.131,1.25444,1.25466,1.87,1.00
2015.08.28 02:23:27.387,1.25439,1.25463,1.75,1.00
2015.08.28 02:23:28.990,1.25438,1.25461,1.87,1.00
2015.08.28 02:23:29.539,1.25439,1.2546,1.75,1.00
2015.08.28 02:23:30.204,1.25439,1.25461,1.75,1.00
2015.08.28 02:23:30.768,1.25439,1.25461,1.50,1.00
2015.08.28 02:23:32.397,1.25439,1.2546,1.87,1.00
2015.08.28 02:23:32.906,1.25438,1.25461,1.12,1.00
2015.08.28 02:23:33.442,1.25438,1.2546,1.12,1.00
2015.08.28 02:23:35.144,1.2544,1.25462,1.00,1.00
2015.08.28 02:23:40.347,1.2544,1.2546,1.00,1.00
2015.08.28 02:23:40.901,1.2544,1.25461,1.00,1.00
2015.08.28 02:23:42.194,1.2544,1.25462,1.00,1.00
2015.08.28 02:23:42.729,1.2544,1.25463,1.00,1.12
2015.08.28 02:23:43.045,1.25441,1.2546,1.00,1.00
2015.08.28 02:23:43.202,1.25441,1.25462,1.00,1.00
2015.08.28 02:23:43.254,1.25441,1.25462,1.75,1.00
2015.08.28 02:23:43.406,1.25445,1.25466,1.00,1.00
2015.08.28 02:23:44.097,1.25445,1.25464,1.00,1.00
2015.08.28 02:23:44.376,1.25445,1.25466,1.00,1.00
2015.08.28 02:23:46.832,1.25445,1.25466,1.12,1.00
2015.08.28 02:23:47.389,1.25443,1.25468,1.12,1.00
2015.08.28 02:23:47.693,1.25443,1.25466,1.12,1.00
2015.08.28 02:23:48.372,1.25443,1.25468,1.12,1.00
2015.08.28 02:23:49.218,1.25443,1.25466,1.12,1.00
2015.08.28 02:23:49.371,1.25444,1.25469,1.12,1.00
2015.08.28 02:23:50.574,1.25446,1.2547,1.75,1.12
2015.08.28 02:23:50.862,1.25452,1.25471,1.00,1.12
2015.08.28 02:23:50.965,1.25448,1.25474,1.87,1.00
2015.08.28 02:23:51.481,1.25448,1.25477,1.75,1.12
2015.08.28 02:23:53.374,1.25448,1.25475,1.12,1.50
2015.08.28 02:23:53.888,1.25446,1.25473,1.12,1.37
2015.08.28 02:23:54.193,1.25449,1.2547,1.00,1.37
2015.08.28 02:23:54.742,1.25449,1.25468,1.00,1.00
2015.08.28 02:23:55.292,1.25449,1.25467,1.00,1.00
2015.08.28 02:23:56.483,1.25449,1.25468,1.00,1.00
2015.08.28 02:23:57.576,1.25449,1.25467,1.00,1.00
2015.08.28 02:24:04.837,1.25449,1.25466,1.00,1.00
2015.08.28 02:24:07.683,1.25442,1.25466,1.12,1.00
2015.08.28 02:24:12.027,1.2544,1.25467,1.87,1.12
2015.08.28 02:24:12.458,1.25441,1.25465,1.75,1.00
2015.08.28 02:24:12.763,1.25436,1.25461,2.62,1.00
2015.08.28 02:24:13.220,1.25437,1.25458,1.75,1.00
2015.08.28 02:24:13.788,1.25437,1.25457,1.75,1.00
2015.08.28 02:24:13.839,1.25437,1.25457,1.37,1.00
2015.08.28 02:24:14.537,1.25437,1.25459,1.37,1.12
2015.08.28 02:24:16.390,1.25433,1.25458,1.12,1.00
2015.08.28 02:24:17.388,1.25442,1.25458,1.00,1.00
2015.08.28 02:24:17.541,1.25447,1.25465,1.00,1.00
2015.08.28 02:24:17.644,1.25448,1.25469,1.12,1.50
2015.08.28 02:24:18.378,1.2544,1.25467,1.75,1.00
2015.08.28 02:24:18.639,1.25438,1.25469,1.75,1.75
2015.08.28 02:24:18.742,1.2545,1.2547,1.00,1.00
2015.08.28 02:24:19.080,1.2545,1.25468,1.00,1.00
2015.08.28 02:24:19.487,1.25447,1.25466,1.00,1.00
2015.08.28 02:24:19.959,1.25447,1.25469,1.00,1.50
2015.08.28 02:24:20.467,1.25447,1.25468,1.00,1.00
2015.08.28 02:24:21.074,1.25447,1.25469,1.12,1.50
2015.08.28 02:24:21.382,1.25447,1.25466,1.00,1.00
2015.08.28 02:24:21.483,1.25439,1.25466,1.87,1.50
2015.08.28 02:24:22.110,1.25439,1.25466,1.12,1.87
2015.08.28 02:24:22.315,1.25436,1.25463,1.75,1.37
2015.08.28 02:24:22.371,1.25433,1.2546,1.75,1.00
2015.08.28 02:24:22.524,1.25431,1.25459,1.75,1.87
2015.08.28 02:24:22.575,1.25431,1.25454,1.75,1.00
2015.08.28 02:24:22.778,1.25426,1.25452,1.75,1.00
2015.08.28 02:24:22.981,1.25424,1.25452,1.75,1.75
2015.08.28 02:24:24.120,1.25422,1.25448,1.75,1.00
2015.08.28 02:24:24.970,1.25422,1.25448,1.75,1.37
2015.08.28 02:24:25.580,1.25421,1.25448,2.25,1.12
2015.08.28 02:24:26.273,1.25421,1.25449,2.25,1.50
2015.08.28 02:24:26.779,1.25424,1.2545,1.75,1.12
2015.08.28 02:24:27.387,1.25423,1.2545,1.87,1.12
2015.08.28 02:24:28.524,1.25425,1.2545,1.75,1.75
2015.08.28 02:24:29.069,1.25423,1.25452,1.12,1.50
2015.08.28 02:24:30.726,1.25422,1.25448,1.75,1.37
2015.08.28 02:24:30.879,1.25426,1.25446,1.00,1.00
2015.08.28 02:24:31.424,1.25426,1.25445,1.00,1.00
2015.08.28 02:24:33.677,1.25426,1.25444,1.00,1.00
2015.08.28 02:24:34.032,1.25423,1.25444,1.00,1.37
2015.08.28 02:24:34.134,1.25423,1.25443,1.00,1.50
2015.08.28 02:24:34.337,1.25413,1.2544,1.75,1.37
2015.08.28 02:24:34.672,1.25411,1.25435,1.75,1.50
2015.08.28 02:24:35.184,1.25411,1.25436,1.75,1.12
2015.08.28 02:24:35.865,1.25407,1.25433,2.25,1.37
2015.08.28 02:24:36.373,1.25411,1.25435,1.75,1.12
2015.08.28 02:24:38.268,1.25408,1.25436,1.12,1.12
2015.08.28 02:24:38.421,1.25407,1.2543,1.00,1.00
2015.08.28 02:24:39.155,1.25407,1.2543,1.00,1.87
2015.08.28 02:24:39.503,1.25407,1.2543,1.00,1.37
2015.08.28 02:24:40.016,1.25407,1.2543,1.00,1.37
2015.08.28 02:24:40.371,1.25407,1.2543,1.00,1.12
2015.08.28 02:24:40.575,1.25403,1.25432,1.75,1.75
2015.08.28 02:24:40.896,1.25405,1.25434,1.75,1.87
2015.08.28 02:24:44.272,1.25405,1.25434,1.12,1.87
2015.08.28 02:24:44.866,1.25408,1.25434,1.12,1.50
2015.08.28 02:24:44.917,1.25408,1.25436,1.12,1.37
2015.08.28 02:24:44.968,1.25411,1.25436,1.75,1.12
2015.08.28 02:24:47.196,1.25411,1.25438,2.62,1.50
2015.08.28 02:24:47.298,1.25412,1.25438,1.75,1.12
2015.08.28 02:24:47.964,1.25413,1.25439,1.87,1.12
2015.08.28 02:24:48.481,1.25415,1.25442,2.62,1.12
2015.08.28 02:24:53.547,1.25416,1.25442,1.87,1.87
2015.08.28 02:24:53.851,1.25418,1.25445,1.75,1.87
2015.08.28 02:24:54.157,1.25419,1.25444,1.87,1.00
2015.08.28 02:24:55.609,1.2542,1.25446,1.75,2.23
2015.08.28 02:24:58.627,1.2542,1.25446,1.75,1.86
2015.08.28 02:24:59.231,1.25422,1.25446,1.75,1.12
2015.08.28 02:25:02.624,1.25422,1.25448,1.87,1.00
2015.08.28 02:25:04.642,1.25422,1.25449,1.87,1.87
2015.08.28 02:25:05.763,1.25422,1.25446,1.87,1.00
2015.08.28 02:25:07.967,1.25422,1.25447,1.12,1.00
2015.08.28 02:25:08.506,1.25422,1.25446,1.12,1.00
2015.08.28 02:25:08.929,1.25422,1.25449,1.12,1.87
2015.08.28 02:25:09.185,1.25422,1.25446,1.12,1.00
2015.08.28 02:25:09.738,1.25422,1.25447,1.12,1.00
2015.08.28 02:25:10.269,1.25424,1.25449,1.12,1.12
2015.08.28 02:25:10.676,1.25427,1.25452,2.62,1.75
2015.08.28 02:25:10.778,1.25431,1.25452,1.00,1.00
2015.08.28 02:25:10.829,1.25429,1.25452,1.75,1.00
2015.08.28 02:25:11.259,1.2543,1.25454,2.25,1.00
2015.08.28 02:25:13.768,1.2543,1.25455,1.87,1.37
2015.08.28 02:25:14.273,1.25432,1.25453,1.12,1.00
2015.08.28 02:25:18.077,1.25432,1.25458,1.12,1.87
2015.08.28 02:25:18.281,1.25433,1.25458,1.87,1.12
2015.08.28 02:25:18.508,1.25434,1.25462,1.12,1.12
2015.08.28 02:25:19.863,1.25434,1.25461,1.87,1.00
2015.08.28 02:25:20.448,1.25434,1.25462,1.87,1.00
2015.08.28 02:25:20.586,1.25434,1.25463,1.75,1.87
2015.08.28 02:25:21.254,1.25434,1.25463,1.75,1.87
2015.08.28 02:25:21.717,1.25436,1.25462,1.12,1.75
2015.08.28 02:25:22.179,1.2543,1.25455,1.87,1.00
2015.08.28 02:25:22.281,1.25436,1.25459,1.00,1.12
2015.08.28 02:25:22.383,1.25436,1.25459,1.00,1.50
2015.08.28 02:25:24.266,1.25436,1.25455,1.00,1.50
2015.08.28 02:25:24.896,1.25436,1.25455,1.00,1.50
2015.08.28 02:25:25.790,1.25436,1.25455,1.00,1.37
2015.08.28 02:25:28.030,1.25436,1.25452,1.00,1.12
2015.08.28 02:25:28.082,1.25426,1.25452,2.25,1.12
2015.08.28 02:25:28.133,1.25426,1.25449,2.25,1.00
2015.08.28 02:25:30.110,1.25425,1.25448,1.75,1.00
2015.08.28 02:25:30.363,1.25419,1.25444,1.87,1.00
2015.08.28 02:25:30.526,1.25419,1.25442,1.87,1.00
2015.08.28 02:25:30.577,1.25419,1.25442,1.87,1.00
2015.08.28 02:25:30.679,1.25419,1.25439,1.75,1.00
2015.08.28 02:25:31.187,1.25416,1.2544,1.75,1.00
2015.08.28 02:25:34.393,1.25416,1.25439,1.75,1.00
2015.08.28 02:25:34.495,1.25415,1.25437,1.75,1.00
2015.08.28 02:25:35.677,1.25413,1.25437,1.75,1.50
2015.08.28 02:25:36.505,1.25414,1.25439,1.75,1.50
2015.08.28 02:25:38.250,1.25414,1.25438,1.75,1.00
2015.08.28 02:25:39.365,1.25412,1.25437,1.75,1.00
2015.08.28 02:25:39.620,1.25412,1.25437,1.75,1.12
2015.08.28 02:25:39.671,1.25412,1.25433,1.75,1.00
2015.08.28 02:25:39.838,1.25412,1.25432,1.00,1.00
2015.08.28 02:25:39.940,1.2541,1.25432,1.00,1.00
2015.08.28 02:25:40.322,1.2541,1.2543,1.00,1.00
2015.08.28 02:25:40.829,1.25409,1.2543,1.87,1.00
2015.08.28 02:25:41.037,1.25409,1.25432,1.87,1.00
2015.08.28 02:25:41.556,1.25409,1.25432,1.87,1.00
2015.08.28 02:25:42.197,1.25409,1.25434,1.87,1.50
2015.08.28 02:25:43.470,1.25414,1.25434,1.00,1.37
2015.08.28 02:25:43.522,1.25414,1.25436,1.37,1.12
2015.08.28 02:25:43.573,1.25414,1.25437,1.12,1.37
2015.08.28 02:25:43.675,1.2542,1.25439,1.12,1.00
2015.08.28 02:25:43.879,1.2542,1.25443,1.12,1.87
2015.08.28 02:25:44.314,1.25424,1.25445,1.00,1.00
2015.08.28 02:25:44.683,1.25424,1.25443,1.00,1.00
2015.08.28 02:25:45.198,1.25424,1.25442,1.00,1.00
2015.08.28 02:25:52.205,1.25424,1.25446,1.00,1.00
2015.08.28 02:25:52.706,1.25424,1.25445,1.00,1.00
2015.08.28 02:25:53.826,1.25424,1.25446,1.87,1.00
2015.08.28 02:25:53.928,1.25425,1.25447,1.12,1.00
2015.08.28 02:25:54.510,1.25425,1.25448,1.12,1.00
2015.08.28 02:25:55.614,1.25423,1.25449,1.75,1.12
2015.08.28 02:25:56.165,1.25424,1.25448,1.75,1.00
2015.08.28 02:25:59.014,1.25426,1.25449,1.87,1.12
2015.08.28 02:26:05.436,1.25426,1.25448,2.62,1.00
2015.08.28 02:26:06.495,1.25426,1.25449,2.62,1.12
2015.08.28 02:26:06.915,1.25426,1.25447,2.62,1.00
2015.08.28 02:26:07.423,1.25426,1.25448,1.87,1.00
2015.08.28 02:26:08.364,1.25426,1.25447,2.62,1.00
2015.08.28 02:26:09.592,1.25426,1.2545,2.62,1.37
2015.08.28 02:26:09.643,1.25429,1.2545,1.37,1.00
2015.08.28 02:26:09.813,1.2543,1.25454,1.37,1.50
2015.08.28 02:26:11.018,1.2543,1.25451,1.37,1.00
2015.08.28 02:26:18.305,1.25429,1.25455,1.12,3.00
2015.08.28 02:26:18.356,1.25434,1.25455,1.00,1.50
2015.08.28 02:26:24.314,1.25434,1.25454,1.00,1.00
2015.08.28 02:26:25.570,1.25434,1.25454,1.00,1.37
2015.08.28 02:26:28.273,1.25434,1.25451,1.00,1.00
2015.08.28 02:26:30.982,1.2543,1.25451,1.00,1.00
2015.08.28 02:26:31.033,1.2543,1.25449,1.00,1.00
2015.08.28 02:26:31.807,1.2543,1.2545,1.00,1.00
2015.08.28 02:26:33.137,1.2543,1.25449,1.00,1.00
2015.08.28 02:26:33.517,1.25426,1.25449,1.12,1.50
2015.08.28 02:26:33.675,1.25426,1.25447,1.12,1.00
2015.08.28 02:26:34.198,1.25426,1.25446,1.12,1.00
2015.08.28 02:26:34.859,1.25426,1.25448,1.12,1.00
2015.08.28 02:26:35.668,1.25426,1.25449,1.12,1.50
2015.08.28 02:26:37.334,1.25426,1.25448,1.12,1.00
2015.08.28 02:26:38.597,1.25426,1.25449,1.87,1.00
2015.08.28 02:26:38.902,1.25429,1.25451,1.37,1.00
2015.08.28 02:26:39.214,1.25428,1.25449,1.12,1.00
2015.08.28 02:26:43.223,1.25426,1.25449,1.75,1.37
2015.08.28 02:26:44.190,1.25425,1.25447,1.12,1.00
2015.08.28 02:26:46.178,1.25425,1.25447,1.12,1.00
2015.08.28 02:26:46.332,1.25431,1.25451,1.12,1.00
2015.08.28 02:26:46.995,1.25431,1.2545,1.12,1.00
2015.08.28 02:26:53.575,1.25431,1.25447,1.00,1.00
2015.08.28 02:26:53.626,1.25428,1.25447,1.00,1.00
2015.08.28 02:26:53.930,1.25428,1.25445,1.00,1.00
2015.08.28 02:27:00.284,1.25428,1.25447,1.00,1.00
2015.08.28 02:27:00.537,1.25428,1.25449,1.12,1.00
2015.08.28 02:27:01.186,1.25428,1.25448,1.12,1.00
2015.08.28 02:27:03.977,1.25428,1.25446,1.00,1.00
2015.08.28 02:27:04.549,1.25428,1.25445,1.00,1.00
2015.08.28 02:27:05.175,1.25424,1.25447,1.37,1.37
2015.08.28 02:27:05.227,1.25424,1.25446,1.12,1.00
2015.08.28 02:27:05.751,1.25424,1.25445,1.12,1.00
2015.08.28 02:27:06.312,1.25424,1.25446,1.12,1.50
2015.08.28 02:27:12.687,1.25424,1.25445,1.00,1.00
2015.08.28 02:27:12.941,1.25424,1.25442,1.00,1.00
2015.08.28 02:27:13.624,1.25424,1.2544,1.00,1.00
2015.08.28 02:27:13.726,1.25424,1.25442,1.00,1.00
2015.08.28 02:27:14.153,1.2542,1.25441,1.00,1.00
2015.08.28 02:27:14.255,1.2542,1.25439,1.00,1.00
2015.08.28 02:27:14.559,1.25413,1.25439,1.75,1.50
2015.08.28 02:27:14.915,1.2541,1.25435,1.75,1.00
2015.08.28 02:27:14.966,1.2541,1.25435,1.75,1.12
2015.08.28 02:27:15.068,1.2541,1.25435,1.75,1.12
2015.08.28 02:27:15.349,1.2541,1.25436,1.75,1.37
2015.08.28 02:27:15.706,1.25411,1.25433,1.75,1.00
2015.08.28 02:27:15.859,1.25409,1.25433,1.75,1.00
2015.08.28 02:27:15.910,1.25409,1.25431,1.75,1.00
2015.08.28 02:27:16.064,1.25406,1.25431,1.50,1.50
2015.08.28 02:27:19.746,1.25406,1.25432,1.87,1.75
2015.08.28 02:27:19.848,1.25409,1.25433,1.12,1.37
2015.08.28 02:27:20.879,1.2541,1.25435,1.12,1.75
2015.08.28 02:27:20.983,1.25416,1.25438,1.12,1.00
2015.08.28 02:27:21.491,1.25416,1.25438,1.37,1.00
2015.08.28 02:27:23.641,1.25416,1.25438,1.12,1.00
2015.08.28 02:27:23.743,1.25414,1.2544,1.87,1.37
2015.08.28 02:27:23.794,1.25414,1.2544,1.87,1.00
2015.08.28 02:27:24.972,1.25414,1.25439,1.75,1.00
2015.08.28 02:27:25.124,1.25413,1.25436,1.75,1.00
2015.08.28 02:27:25.662,1.25413,1.25437,1.75,1.50
2015.08.28 02:27:28.138,1.25414,1.25438,1.12,1.00
2015.08.28 02:27:28.598,1.25414,1.25436,1.12,1.00
2015.08.28 02:27:29.693,1.25417,1.25439,1.12,1.50
2015.08.28 02:27:32.103,1.25418,1.2544,1.12,1.00
2015.08.28 02:27:34.204,1.25417,1.25442,1.75,1.50
2015.08.28 02:27:34.705,1.25417,1.25442,1.87,1.50
2015.08.28 02:27:35.212,1.2542,1.25441,1.12,1.87
2015.08.28 02:27:35.589,1.25413,1.25437,1.75,1.00
2015.08.28 02:27:36.097,1.25409,1.25436,2.25,1.37
2015.08.28 02:27:36.300,1.25409,1.25435,1.75,1.50
2015.08.28 02:27:37.664,1.2541,1.25432,1.37,1.50
2015.08.28 02:27:37.715,1.2541,1.25431,1.00,1.00
2015.08.28 02:27:40.607,1.25408,1.25431,1.37,1.00
2015.08.28 02:27:42.092,1.25408,1.25431,1.37,1.00
2015.08.28 02:27:42.194,1.2541,1.25435,1.12,1.12
2015.08.28 02:27:45.073,1.25414,1.25437,1.37,1.37
2015.08.28 02:27:45.124,1.25418,1.25437,1.00,1.00
2015.08.28 02:27:45.225,1.25418,1.2544,1.00,1.37
2015.08.28 02:27:45.277,1.25414,1.25441,1.12,1.75
2015.08.28 02:27:45.435,1.25416,1.25443,1.12,1.37
2015.08.28 02:27:46.986,1.25419,1.25446,1.75,1.75
2015.08.28 02:27:47.154,1.2542,1.25446,1.75,1.12
2015.08.28 02:27:48.013,1.25419,1.25447,3.00,1.50
2015.08.28 02:27:50.208,1.25421,1.25448,1.12,1.37
2015.08.28 02:27:50.377,1.25423,1.2545,1.12,1.37
2015.08.28 02:27:51.334,1.25425,1.25451,1.12,1.50
2015.08.28 02:27:53.563,1.25426,1.25453,2.25,1.12
2015.08.28 02:27:53.955,1.25423,1.25453,2.62,3.00
2015.08.28 02:27:54.056,1.25423,1.2545,1.87,1.12
2015.08.28 02:27:54.973,1.25423,1.2545,1.12,1.37
2015.08.28 02:27:56.616,1.25425,1.25448,1.00,1.87
2015.08.28 02:27:57.205,1.25425,1.25445,1.00,1.37
2015.08.28 02:27:57.712,1.25425,1.25443,1.00,1.37
2015.08.28 02:27:57.814,1.25421,1.25443,1.00,1.37
2015.08.28 02:28:01.332,1.25421,1.2544,1.00,1.00
2015.08.28 02:28:03.750,1.25421,1.2544,1.00,1.37
2015.08.28 02:28:03.852,1.25421,1.2544,1.00,1.37
2015.08.28 02:28:03.954,1.25417,1.25438,1.00,1.37
2015.08.28 02:28:04.006,1.25417,1.25434,1.00,1.00
2015.08.28 02:28:04.181,1.25411,1.25436,1.75,1.50
2015.08.28 02:28:04.334,1.25409,1.25434,1.87,1.00
2015.08.28 02:28:04.842,1.25404,1.25433,4.10,1.37
2015.08.28 02:28:04.945,1.25404,1.25432,4.12,1.00
2015.08.28 02:28:12.233,1.25405,1.2543,1.75,1.12
2015.08.28 02:28:12.443,1.25406,1.25426,1.00,1.00
2015.08.28 02:28:12.697,1.25406,1.25427,1.00,1.37
2015.08.28 02:28:12.799,1.25406,1.25427,1.00,1.37
2015.08.28 02:28:12.900,1.25406,1.25424,1.00,1.00
2015.08.28 02:28:13.217,1.25406,1.25426,1.00,1.12
2015.08.28 02:28:13.641,1.25406,1.25429,1.00,1.00
2015.08.28 02:28:13.743,1.25407,1.25434,1.12,2.25
2015.08.28 02:28:14.243,1.25415,1.25435,1.00,1.75
2015.08.28 02:28:14.345,1.25415,1.25438,1.00,1.00
2015.08.28 02:28:14.447,1.25413,1.25437,1.75,1.00
2015.08.28 02:28:14.803,1.25411,1.2544,2.25,1.12
2015.08.28 02:28:15.023,1.25411,1.25438,1.75,1.00
2015.08.28 02:28:15.439,1.25413,1.25441,2.25,1.50
2015.08.28 02:28:15.490,1.25413,1.25441,2.25,1.87
2015.08.28 02:28:15.724,1.25412,1.2544,2.62,1.50
2015.08.28 02:28:16.029,1.25412,1.2544,1.87,1.50
2015.08.28 02:28:16.131,1.25411,1.25439,1.12,1.12
2015.08.28 02:28:17.077,1.25412,1.2544,1.87,1.87
2015.08.28 02:28:17.128,1.25416,1.25435,1.12,1.00
2015.08.28 02:28:17.333,1.25417,1.25441,1.12,1.37
2015.08.28 02:28:20.854,1.25413,1.25439,1.12,1.00
2015.08.28 02:28:22.843,1.25414,1.25439,1.12,1.50
2015.08.28 02:28:22.944,1.25414,1.25439,1.12,1.87
2015.08.28 02:28:24.521,1.25415,1.25438,1.12,1.50
2015.08.28 02:28:27.878,1.25414,1.25438,1.12,1.50
2015.08.28 02:28:27.980,1.25412,1.25433,1.00,1.00
2015.08.28 02:28:28.529,1.25411,1.25433,1.12,1.00
2015.08.28 02:28:29.129,1.25411,1.25433,1.37,1.00
2015.08.28 02:28:29.384,1.25416,1.25437,1.00,1.00
2015.08.28 02:28:31.423,1.25411,1.25436,2.62,1.00
2015.08.28 02:28:34.401,1.25411,1.25437,1.12,1.00
2015.08.28 02:28:34.655,1.25412,1.25438,2.62,1.00
2015.08.28 02:28:35.057,1.25427,1.25439,1.00,1.00
2015.08.28 02:28:35.110,1.25427,1.25444,1.00,1.00
2015.08.28 02:28:35.162,1.25418,1.25444,1.75,1.00
2015.08.28 02:28:35.770,1.25417,1.25445,2.25,1.12
2015.08.28 02:28:36.146,1.25416,1.25444,1.87,2.62
2015.08.28 02:28:36.197,1.25419,1.25442,1.00,1.37
2015.08.28 02:28:37.160,1.25419,1.25442,1.00,2.25
2015.08.28 02:28:38.887,1.25419,1.25442,1.00,1.85
2015.08.28 02:28:39.850,1.25419,1.25441,1.00,1.37
2015.08.28 02:28:40.103,1.25419,1.25434,1.00,1.00
2015.08.28 02:28:40.329,1.25402,1.25431,1.75,1.75
2015.08.28 02:28:40.481,1.25405,1.25431,1.75,1.00
2015.08.28 02:28:40.533,1.25405,1.25434,1.75,1.50
2015.08.28 02:28:41.778,1.2541,1.25437,1.12,1.50
2015.08.28 02:28:42.083,1.25415,1.25444,1.75,1.87
2015.08.28 02:28:42.923,1.25414,1.25442,1.75,1.00
2015.08.28 02:28:43.230,1.25414,1.25442,1.87,1.37
2015.08.28 02:28:43.738,1.25415,1.25443,1.12,1.50
2015.08.28 02:28:44.181,1.25414,1.25443,1.75,1.50
2015.08.28 02:28:45.059,1.25414,1.2544,1.87,1.12
2015.08.28 02:28:45.571,1.25416,1.25441,2.25,1.12
2015.08.28 02:28:45.926,1.25414,1.25443,1.75,1.12
2015.08.28 02:28:46.028,1.25414,1.25441,1.75,1.00
2015.08.28 02:28:46.485,1.25414,1.2544,1.75,1.37
2015.08.28 02:28:46.638,1.25414,1.25442,1.75,1.37
2015.08.28 02:28:50.747,1.25414,1.25442,1.75,1.37
2015.08.28 02:28:51.293,1.25414,1.2544,1.75,1.37
2015.08.28 02:28:52.153,1.25414,1.25442,1.75,1.37
2015.08.28 02:28:52.528,1.25417,1.25444,1.75,2.25
2015.08.28 02:28:53.302,1.25419,1.25446,1.87,1.87
2015.08.28 02:28:53.404,1.25419,1.25446,1.87,1.50
2015.08.28 02:28:54.097,1.25419,1.25445,1.12,1.00
2015.08.28 02:28:56.883,1.2542,1.25445,1.87,1.37
2015.08.28 02:28:56.935,1.2542,1.25445,1.87,1.75
2015.08.28 02:28:57.667,1.2542,1.25446,1.87,1.75
2015.08.28 02:28:58.201,1.25421,1.25446,1.50,1.87
2015.08.28 02:28:58.609,1.25424,1.25449,1.37,1.75
2015.08.28 02:28:59.823,1.25423,1.25442,2.25,1.37
2015.08.28 02:28:59.926,1.2542,1.25439,1.00,1.12
2015.08.28 02:29:00.028,1.25416,1.25441,1.75,2.25
2015.08.28 02:29:01.682,1.25417,1.25443,2.62,2.25
2015.08.28 02:29:01.885,1.25417,1.25445,2.25,1.75
2015.08.28 02:29:02.038,1.25423,1.25449,1.37,1.87
2015.08.28 02:29:02.190,1.25424,1.2545,1.37,1.75
2015.08.28 02:29:02.241,1.25424,1.2545,1.12,1.12
2015.08.28 02:29:02.770,1.25426,1.25453,1.12,1.75
2015.08.28 02:29:03.074,1.2543,1.25457,1.87,1.75
2015.08.28 02:29:03.125,1.25435,1.25457,1.00,1.00
2015.08.28 02:29:03.652,1.25435,1.25458,1.00,1.50
2015.08.28 02:29:04.199,1.25435,1.25457,1.00,1.00
2015.08.28 02:29:06.269,1.25435,1.25458,1.00,1.00
2015.08.28 02:29:07.440,1.25434,1.2546,1.12,1.50
2015.08.28 02:29:07.746,1.2544,1.25465,1.12,1.87
2015.08.28 02:29:10.584,1.25438,1.25465,1.75,1.12
2015.08.28 02:29:11.038,1.25436,1.25461,1.75,1.00
2015.08.28 02:29:11.190,1.25436,1.2546,1.75,1.37
2015.08.28 02:29:11.444,1.25435,1.25458,1.00,1.87
2015.08.28 02:29:11.798,1.25435,1.25458,1.00,1.87
2015.08.28 02:29:12.826,1.25435,1.25455,1.00,1.37
2015.08.28 02:29:14.375,1.25432,1.25454,1.00,1.87
2015.08.28 02:29:15.295,1.25432,1.25454,1.00,1.87
2015.08.28 02:29:15.803,1.25427,1.25454,1.75,1.37
2015.08.28 02:29:21.217,1.25426,1.25452,2.25,1.00
2015.08.28 02:29:21.720,1.25426,1.25454,2.25,1.37
2015.08.28 02:29:28.054,1.25428,1.25456,1.87,1.50
2015.08.28 02:29:28.348,1.25433,1.25459,1.37,1.37
2015.08.28 02:29:28.400,1.25433,1.25459,1.12,1.00
2015.08.28 02:29:28.866,1.25431,1.25461,1.75,1.75
2015.08.28 02:29:29.070,1.25432,1.25459,1.75,1.12
2015.08.28 02:29:29.589,1.25431,1.25459,1.75,1.12
2015.08.28 02:29:31.496,1.25431,1.25457,2.25,1.37
2015.08.28 02:29:31.598,1.25431,1.25456,1.37,1.75
2015.08.28 02:29:31.650,1.25431,1.25453,1.00,1.37
2015.08.28 02:29:32.193,1.25428,1.25453,1.37,1.37
2015.08.28 02:29:33.002,1.25428,1.25453,1.37,1.12
2015.08.28 02:29:33.543,1.25428,1.25455,2.62,1.50
2015.08.28 02:29:38.986,1.25432,1.25458,1.12,1.75
2015.08.28 02:29:39.088,1.25438,1.2546,1.00,1.37
2015.08.28 02:29:40.092,1.25438,1.2546,1.00,1.00
2015.08.28 02:29:40.300,1.25437,1.25464,1.75,1.12
2015.08.28 02:29:40.351,1.25439,1.25466,1.12,1.87
2015.08.28 02:29:40.453,1.25441,1.25468,1.75,1.87
2015.08.28 02:29:40.505,1.25445,1.25468,1.00,1.87
2015.08.28 02:29:41.254,1.25441,1.25465,1.37,1.00
2015.08.28 02:29:41.305,1.2544,1.25465,1.37,1.37
2015.08.28 02:29:42.495,1.25439,1.25462,1.00,1.12
2015.08.28 02:29:42.811,1.25439,1.25457,1.00,1.00
2015.08.28 02:29:44.560,1.25438,1.25457,1.50,1.00
2015.08.28 02:29:47.963,1.25438,1.25457,2.25,1.00
2015.08.28 02:29:48.065,1.25439,1.25466,1.87,1.12
2015.08.28 02:29:48.575,1.25439,1.25463,1.12,1.00
2015.08.28 02:29:48.904,1.25437,1.25461,1.12,1.00
2015.08.28 02:29:49.909,1.25435,1.25463,1.87,1.00
2015.08.28 02:29:49.960,1.25435,1.25463,1.87,1.37
2015.08.28 02:29:50.011,1.25437,1.25464,1.50,2.62
2015.08.28 02:29:59.220,1.25435,1.2546,1.12,1.50
2015.08.28 02:29:59.373,1.25433,1.25459,1.87,1.50
2015.08.28 02:29:59.424,1.25433,1.25459,1.87,1.87
2015.08.28 02:30:00.552,1.25434,1.25459,1.00,1.75
2015.08.28 02:30:01.060,1.25432,1.25454,1.12,1.00
2015.08.28 02:30:01.591,1.25433,1.25455,1.37,1.12
2015.08.28 02:30:01.693,1.2543,1.25452,1.12,1.00
2015.08.28 02:30:01.846,1.25428,1.25452,1.00,1.75
2015.08.28 02:30:02.103,1.25419,1.25448,1.75,1.37
2015.08.28 02:30:02.154,1.25421,1.25444,1.00,1.00
2015.08.28 02:30:02.701,1.25423,1.25451,1.87,1.75
2015.08.28 02:30:02.752,1.25423,1.25452,2.25,1.75
2015.08.28 02:30:03.580,1.2542,1.25447,1.75,1.00
2015.08.28 02:30:03.682,1.2542,1.25444,1.50,1.37
2015.08.28 02:30:03.733,1.25417,1.25444,2.25,1.75
2015.08.28 02:30:03.886,1.25417,1.25445,2.25,1.75
2015.08.28 02:30:03.941,1.25417,1.2544,2.25,1.00
2015.08.28 02:30:05.822,1.25416,1.25443,1.87,1.50
2015.08.28 02:30:06.523,1.25419,1.25441,1.12,1.00
2015.08.28 02:30:06.827,1.25416,1.25439,1.75,1.00
2015.08.28 02:30:07.446,1.25416,1.25438,1.87,1.00
2015.08.28 02:30:07.959,1.25419,1.25441,1.75,1.00
2015.08.28 02:30:08.061,1.2542,1.25444,1.87,1.37
2015.08.28 02:30:08.214,1.25419,1.25446,1.12,1.50
2015.08.28 02:30:08.315,1.25417,1.25441,1.75,1.00
2015.08.28 02:30:08.417,1.25415,1.25441,1.00,1.75
2015.08.28 02:30:08.849,1.2541,1.25433,1.75,1.00
2015.08.28 02:30:08.952,1.25406,1.25432,1.75,1.12
2015.08.28 02:30:09.003,1.25406,1.25432,1.75,1.12
2015.08.28 02:30:09.055,1.25406,1.2543,1.75,1.00
2015.08.28 02:30:09.264,1.25407,1.25432,1.75,1.12
2015.08.28 02:30:11.092,1.2541,1.25435,1.12,1.75
2015.08.28 02:30:11.348,1.25413,1.25441,1.12,1.12
2015.08.28 02:30:11.603,1.25417,1.25444,1.12,2.25
2015.08.28 02:30:11.654,1.25418,1.25444,1.12,1.50
2015.08.28 02:30:15.361,1.25415,1.25441,1.75,1.00
2015.08.28 02:30:16.078,1.25414,1.25442,1.75,1.50
2015.08.28 02:30:19.833,1.25413,1.25442,2.62,1.87
2015.08.28 02:30:19.884,1.25413,1.25441,2.62,1.12
2015.08.28 02:30:26.557,1.25412,1.25437,1.75,1.00
2015.08.28 02:30:29.338,1.25415,1.25438,1.37,1.87
2015.08.28 02:30:29.389,1.25415,1.25435,1.00,1.00
2015.08.28 02:30:29.440,1.25413,1.25435,1.12,1.00
2015.08.28 02:30:29.968,1.25413,1.25435,1.37,1.00
2015.08.28 02:30:30.539,1.25413,1.25435,1.12,1.00
2015.08.28 02:30:30.742,1.25413,1.25435,1.37,1.00
2015.08.28 02:30:33.371,1.25416,1.25439,1.12,1.00
2015.08.28 02:30:33.798,1.25416,1.25439,1.37,1.00
2015.08.28 02:30:34.578,1.2542,1.25443,1.00,1.50
2015.08.28 02:30:35.074,1.2542,1.25443,1.00,1.37
2015.08.28 02:30:35.178,1.25416,1.2544,1.12,1.37
2015.08.28 02:30:38.276,1.25417,1.25443,1.87,1.75
2015.08.28 02:30:39.058,1.25417,1.25442,1.87,1.75
2015.08.28 02:30:44.087,1.25422,1.25445,1.37,1.00
2015.08.28 02:30:44.653,1.25424,1.25445,1.12,1.00
2015.08.28 02:30:45.154,1.25423,1.25445,1.00,1.00
2015.08.28 02:30:45.756,1.25425,1.25445,1.00,1.00
2015.08.28 02:30:46.530,1.25427,1.25445,1.00,1.00
2015.08.28 02:30:46.761,1.25425,1.25445,1.00,1.00
2015.08.28 02:30:47.942,1.25425,1.25449,1.37,1.75
2015.08.28 02:30:47.994,1.25425,1.25449,1.37,1.50
2015.08.28 02:30:48.515,1.25427,1.25449,1.00,1.50
2015.08.28 02:30:49.243,1.25426,1.25452,1.75,1.37
2015.08.28 02:30:49.294,1.25431,1.25452,1.00,1.00
2015.08.28 02:30:49.448,1.25431,1.25453,1.37,1.00
2015.08.28 02:30:49.726,1.25436,1.25458,1.00,1.00
2015.08.28 02:30:49.929,1.25435,1.25462,1.75,1.75
2015.08.28 02:30:49.981,1.25435,1.25462,1.75,1.50
2015.08.28 02:30:50.524,1.25435,1.2546,1.75,1.00
2015.08.28 02:30:51.327,1.25435,1.25458,1.75,1.00
2015.08.28 02:30:51.526,1.25435,1.2546,1.75,1.00
2015.08.28 02:30:52.602,1.25435,1.25461,1.75,1.12
2015.08.28 02:30:55.031,1.25435,1.25459,1.75,1.00
2015.08.28 02:30:55.555,1.25437,1.2546,1.37,1.37
2015.08.28 02:30:55.606,1.25437,1.2546,1.00,1.87
2015.08.28 02:30:56.109,1.25434,1.25459,1.75,1.75
2015.08.28 02:31:05.019,1.25436,1.25461,1.50,1.75
2015.08.28 02:31:05.122,1.25436,1.25461,1.75,1.37
2015.08.28 02:31:05.224,1.25437,1.25463,1.12,1.37
2015.08.28 02:31:11.183,1.25441,1.25466,1.50,1.87
2015.08.28 02:31:13.148,1.25444,1.25466,1.00,1.75
2015.08.28 02:31:13.250,1.25444,1.25466,1.37,1.50
2015.08.28 02:31:13.301,1.25444,1.2547,1.87,2.25
2015.08.28 02:31:13.820,1.25446,1.2547,1.00,1.75
2015.08.28 02:31:14.358,1.25443,1.2547,1.75,1.75
2015.08.28 02:31:14.766,1.2544,1.25466,1.50,1.37
2015.08.28 02:31:14.818,1.2544,1.25466,1.12,1.75
2015.08.28 02:31:15.071,1.2544,1.25461,1.12,1.00
2015.08.28 02:31:15.223,1.25438,1.2546,1.00,1.00
2015.08.28 02:31:15.776,1.25437,1.2546,1.00,1.50
2015.08.28 02:31:15.827,1.25437,1.25457,1.00,1.00
2015.08.28 02:31:16.588,1.25433,1.25457,1.12,1.37
2015.08.28 02:31:16.639,1.25432,1.25457,1.12,1.50
2015.08.28 02:31:20.244,1.25432,1.25459,1.12,1.75
2015.08.28 02:31:23.103,1.25432,1.25458,1.37,1.75
2015.08.28 02:31:30.979,1.25433,1.2546,1.75,1.75
2015.08.28 02:31:31.284,1.25433,1.2546,1.50,1.37
2015.08.28 02:31:31.487,1.25438,1.25461,1.00,1.50
2015.08.28 02:31:32.973,1.25438,1.25461,1.37,1.00
2015.08.28 02:31:33.119,1.25438,1.25465,1.12,1.87
2015.08.28 02:31:33.170,1.25441,1.25465,1.12,1.50
2015.08.28 02:31:36.819,1.25442,1.25467,1.12,1.75
2015.08.28 02:31:36.971,1.25445,1.2547,1.12,1.50
2015.08.28 02:31:37.633,1.25444,1.25468,1.12,1.00
2015.08.28 02:31:37.684,1.25444,1.25466,1.12,1.00
2015.08.28 02:31:38.062,1.25446,1.25466,1.75,1.00
2015.08.28 02:31:38.113,1.25446,1.25474,2.25,1.12
2015.08.28 02:31:44.395,1.25452,1.25477,1.00,1.12
2015.08.28 02:31:44.926,1.25451,1.25477,1.50,1.12
2015.08.28 02:31:45.220,1.25453,1.25478,1.37,1.75
2015.08.28 02:31:45.272,1.25457,1.2548,1.00,1.75
2015.08.28 02:31:45.528,1.25461,1.25488,1.37,1.75
2015.08.28 02:31:45.579,1.25461,1.25489,1.75,3.75
2015.08.28 02:31:45.783,1.25462,1.25489,1.50,1.50
2015.08.28 02:31:45.885,1.25462,1.25489,1.75,1.12
2015.08.28 02:31:49.611,1.25465,1.25488,1.37,1.00
2015.08.28 02:31:50.112,1.25465,1.25489,1.37,1.12
2015.08.28 02:31:50.163,1.25461,1.25487,1.75,1.37
2015.08.28 02:31:50.311,1.25461,1.25485,1.37,1.12
2015.08.28 02:31:51.974,1.25459,1.25484,1.75,1.75
2015.08.28 02:31:56.271,1.25457,1.25483,1.75,1.12
2015.08.28 02:31:57.330,1.25457,1.25483,1.87,1.50
2015.08.28 02:31:57.867,1.25457,1.25483,1.75,1.50
2015.08.28 02:31:58.179,1.25457,1.25483,1.37,1.87
2015.08.28 02:31:58.231,1.25456,1.25483,1.37,1.87
2015.08.28 02:31:58.282,1.25455,1.25478,1.37,1.87
2015.08.28 02:31:58.333,1.25455,1.25477,1.00,1.12
2015.08.28 02:31:58.537,1.25456,1.25479,1.00,1.12
2015.08.28 02:32:04.997,1.25456,1.25478,1.00,1.00
2015.08.28 02:32:05.504,1.25456,1.25479,1.00,1.50
2015.08.28 02:32:06.941,1.25456,1.25479,1.00,1.87
2015.08.28 02:32:11.298,1.25456,1.25476,1.00,1.00
2015.08.28 02:32:13.570,1.25456,1.25478,1.00,1.37
2015.08.28 02:32:15.542,1.25449,1.25477,1.75,1.12
2015.08.28 02:32:15.856,1.25445,1.25472,3.37,1.87
2015.08.28 02:32:18.032,1.25451,1.25471,1.00,1.50
2015.08.28 02:32:18.530,1.25448,1.25476,2.25,1.87
2015.08.28 02:32:18.582,1.25453,1.25475,1.00,1.37
2015.08.28 02:32:18.633,1.25449,1.25471,1.00,1.00
2015.08.28 02:32:18.786,1.25449,1.25471,1.00,1.37
2015.08.28 02:32:18.888,1.25449,1.25471,1.00,1.00
2015.08.28 02:32:19.194,1.25449,1.25469,1.00,1.00
2015.08.28 02:32:19.348,1.25441,1.25464,1.00,1.00
2015.08.28 02:32:19.868,1.25441,1.25463,1.00,1.00
2015.08.28 02:32:20.373,1.25441,1.25463,1.00,1.37
2015.08.28 02:32:21.078,1.25441,1.25463,1.00,1.12
2015.08.28 02:32:21.886,1.25444,1.25463,1.12,1.00
2015.08.28 02:32:22.153,1.25449,1.25471,1.00,2.62
2015.08.28 02:32:22.661,1.25449,1.25471,1.00,1.00
2015.08.28 02:32:24.059,1.25449,1.25471,1.37,1.00
2015.08.28 02:32:26.234,1.25446,1.25471,1.37,1.87
2015.08.28 02:32:26.285,1.25446,1.25468,1.12,1.12
2015.08.28 02:32:26.494,1.25445,1.25466,1.00,1.87
2015.08.28 02:32:26.547,1.25439,1.25465,1.12,1.37
2015.08.28 02:32:28.199,1.25437,1.25465,1.12,1.87
2015.08.28 02:32:28.554,1.25435,1.25461,1.12,1.12
2015.08.28 02:32:31.411,1.25433,1.25459,1.12,2.25
2015.08.28 02:32:31.811,1.25431,1.25459,1.12,2.62
2015.08.28 02:32:31.862,1.25433,1.25456,1.00,1.00
2015.08.28 02:32:42.782,1.25437,1.2546,1.00,1.50
2015.08.28 02:32:43.545,1.25437,1.25464,1.75,1.87
2015.08.28 02:32:43.596,1.25442,1.25464,1.00,1.87
2015.08.28 02:32:43.749,1.25442,1.25464,1.50,1.37
2015.08.28 02:32:43.801,1.25442,1.2547,1.75,1.50
2015.08.28 02:32:49.200,1.25445,1.25472,1.12,1.87
2015.08.28 02:32:49.714,1.25446,1.25472,1.00,1.12
2015.08.28 02:32:50.284,1.25445,1.25472,1.12,1.87
2015.08.28 02:32:50.832,1.25446,1.25472,1.12,1.50
2015.08.28 02:33:07.695,1.25446,1.25473,1.12,1.87
2015.08.28 02:33:11.055,1.25452,1.25472,1.00,1.37
2015.08.28 02:33:11.399,1.25448,1.25472,1.12,1.87
2015.08.28 02:33:13.501,1.25445,1.25471,1.37,1.75
2015.08.28 02:33:13.552,1.25443,1.25469,1.87,1.75
2015.08.28 02:33:23.238,1.25439,1.25467,1.87,2.25
2015.08.28 02:33:23.341,1.25438,1.25464,1.75,1.00
2015.08.28 02:33:23.392,1.25441,1.25464,1.00,1.12
2015.08.28 02:33:23.604,1.25441,1.25463,1.00,1.37
2015.08.28 02:33:23.706,1.25441,1.25464,1.00,1.37
2015.08.28 02:33:24.214,1.25441,1.25464,1.00,1.00
2015.08.28 02:33:26.330,1.25441,1.25464,1.00,1.37
2015.08.28 02:33:27.624,1.25437,1.25464,1.12,1.12
2015.08.28 02:33:27.685,1.25437,1.25463,1.37,1.12
2015.08.28 02:33:28.438,1.25443,1.25466,1.00,1.87
2015.08.28 02:33:28.592,1.25447,1.25469,1.00,1.50
2015.08.28 02:33:29.630,1.25446,1.25474,1.12,1.12
2015.08.28 02:33:30.153,1.25452,1.25475,1.50,1.75
2015.08.28 02:33:30.204,1.25452,1.25478,1.50,1.75
2015.08.28 02:33:30.357,1.25451,1.25479,1.75,1.75
2015.08.28 02:33:30.459,1.25453,1.2548,1.75,1.12
2015.08.28 02:33:30.510,1.25455,1.2548,1.37,1.12
2015.08.28 02:33:37.872,1.25452,1.25479,1.50,1.12
2015.08.28 02:33:37.927,1.25452,1.25478,1.12,1.12
2015.08.28 02:33:41.180,1.25451,1.25478,1.87,1.12
2015.08.28 02:33:41.282,1.25451,1.2548,1.87,2.25
2015.08.28 02:33:41.790,1.25454,1.25479,1.12,1.87
2015.08.28 02:33:52.486,1.25452,1.25478,1.12,1.75
2015.08.28 02:34:00.044,1.25449,1.25478,1.75,2.25
2015.08.28 02:34:00.096,1.25449,1.25475,1.75,1.75
2015.08.28 02:34:00.147,1.25449,1.25475,1.75,1.87
2015.08.28 02:34:01.413,1.25448,1.25463,1.12,1.00
2015.08.28 02:34:01.515,1.25443,1.25467,1.75,1.50
2015.08.28 02:34:01.566,1.25443,1.25467,1.37,1.50
2015.08.28 02:34:01.821,1.25444,1.25469,1.75,1.12
2015.08.28 02:34:01.873,1.25444,1.25469,1.75,1.37
2015.08.28 02:34:02.180,1.25441,1.25467,1.12,1.87
2015.08.28 02:34:05.263,1.25438,1.25465,2.25,1.50
2015.08.28 02:34:05.727,1.25438,1.25465,1.12,1.75
2015.08.28 02:34:05.778,1.25437,1.25463,1.87,1.37
2015.08.28 02:34:06.119,1.25437,1.25459,1.00,1.37
2015.08.28 02:34:06.627,1.25436,1.25459,1.00,1.37
