2015.09.28 02:00:01.341,1.22872,1.22893,1.00,1.00
2015.09.28 02:00:01.493,1.22873,1.22894,1.37,1.12
2015.09.28 02:00:01.545,1.22875,1.22894,1.75,1.37
2015.09.28 02:00:08.533,1.22871,1.22894,1.50,1.12
2015.09.28 02:00:16.563,1.22875,1.22899,1.00,1.75
2015.09.28 02:00:17.313,1.22874,1.22899,2.25,1.12
2015.09.28 02:00:17.364,1.22875,1.22899,1.75,1.87
2015.09.28 02:00:18.785,1.22879,1.22904,1.00,1.87
2015.09.28 02:00:19.315,1.22882,1.22905,1.12,1.12
2015.09.28 02:00:19.366,1.2288,1.22905,1.75,1.12
2015.09.28 02:00:20.144,1.22879,1.22905,1.75,1.12
2015.09.28 02:00:20.224,1.22881,1.22904,1.00,1.00
2015.09.28 02:00:24.106,1.22881,1.22902,1.00,1.50
2015.09.28 02:00:24.157,1.22876,1.22902,1.75,2.62
2015.09.28 02:00:24.260,1.22876,1.22901,1.75,1.50
2015.09.28 02:00:28.318,1.22871,1.22896,1.75,2.62
2015.09.28 02:00:28.370,1.22872,1.22893,1.00,1.12
2015.09.28 02:00:39.992,1.22875,1.22893,1.00,1.00
2015.09.28 02:00:40.503,1.22875,1.22895,1.12,1.12
2015.09.28 02:00:44.400,1.22872,1.22895,1.37,1.12
2015.09.28 02:00:44.706,1.22871,1.22895,1.50,1.37
2015.09.28 02:00:45.973,1.22873,1.22897,1.12,1.12
2015.09.28 02:00:46.279,1.22878,1.229,1.00,1.87
2015.09.28 02:00:48.635,1.2288,1.22901,1.00,1.12
2015.09.28 02:00:48.688,1.2288,1.22902,1.12,1.75
2015.09.28 02:00:48.741,1.22882,1.22903,1.00,1.12
2015.09.28 02:00:48.896,1.22882,1.22903,1.50,1.12
2015.09.28 02:00:49.413,1.22877,1.22903,1.75,1.37
2015.09.28 02:00:49.517,1.22879,1.22901,1.00,1.00
2015.09.28 02:00:57.225,1.22879,1.229,1.00,1.12
2015.09.28 02:00:59.243,1.22876,1.229,1.00,2.99
2015.09.28 02:00:59.795,1.22875,1.229,1.12,1.12
2015.09.28 02:01:04.132,1.22871,1.22895,1.00,1.50
2015.09.28 02:01:04.678,1.22869,1.22895,1.50,2.62
2015.09.28 02:01:07.942,1.2287,1.22895,1.12,2.62
2015.09.28 02:01:08.450,1.2287,1.22891,1.75,1.12
2015.09.28 02:01:18.111,1.2287,1.2289,1.37,1.12
2015.09.28 02:01:18.164,1.22864,1.22888,1.75,1.87
2015.09.28 02:01:19.961,1.22867,1.22889,1.00,1.87
2015.09.28 02:01:20.514,1.22868,1.22889,1.00,1.87
2015.09.28 02:01:20.853,1.22866,1.22889,1.12,1.87
2015.09.28 02:01:23.997,1.22863,1.22889,1.75,2.87
2015.09.28 02:01:26.299,1.22862,1.22885,2.25,1.00
2015.09.28 02:01:26.960,1.22861,1.22885,1.75,1.12
2015.09.28 02:01:32.376,1.22859,1.22883,1.75,2.25
2015.09.28 02:01:32.785,1.22857,1.22879,1.00,2.87
2015.09.28 02:01:33.091,1.22851,1.22877,1.75,2.99
2015.09.28 02:01:34.118,1.22848,1.22872,1.87,2.12
2015.09.28 02:01:36.231,1.22848,1.22872,1.75,2.62
2015.09.28 02:01:36.555,1.22845,1.22869,1.75,1.87
2015.09.28 02:01:38.093,1.22846,1.22866,1.75,1.12
2015.09.28 02:01:38.609,1.22845,1.22866,1.50,1.50
2015.09.28 02:01:44.737,1.22845,1.22869,1.00,1.75
2015.09.28 02:01:45.390,1.22844,1.22869,1.00,1.75
2015.09.28 02:01:45.442,1.22844,1.22869,1.00,1.75
2015.09.28 02:01:46.587,1.22845,1.22869,1.00,1.75
2015.09.28 02:01:47.065,1.22847,1.22869,1.00,1.00
2015.09.28 02:01:47.386,1.22849,1.22872,1.00,2.62
2015.09.28 02:01:47.706,1.22849,1.22872,1.00,2.62
2015.09.28 02:01:48.676,1.22851,1.22872,1.00,1.50
2015.09.28 02:01:49.700,1.2285,1.22872,1.00,1.12
2015.09.28 02:01:50.033,1.22848,1.22872,1.00,1.37
2015.09.28 02:01:50.591,1.22846,1.22871,1.00,1.12
2015.09.28 02:01:51.199,1.22847,1.22871,1.00,1.12
2015.09.28 02:01:51.723,1.22848,1.22871,1.12,1.75
2015.09.28 02:01:51.825,1.2285,1.22871,1.00,1.37
2015.09.28 02:01:52.130,1.22852,1.22871,1.00,1.37
2015.09.28 02:01:52.664,1.2285,1.22874,1.00,1.37
2015.09.28 02:01:52.817,1.22848,1.22874,1.00,2.24
2015.09.28 02:01:53.325,1.22848,1.22872,1.00,1.12
2015.09.28 02:01:53.394,1.22846,1.22872,1.12,2.49
2015.09.28 02:01:54.616,1.22846,1.22872,1.00,2.87
2015.09.28 02:01:55.463,1.22846,1.22872,1.00,2.87
2015.09.28 02:01:55.952,1.22846,1.22872,1.00,2.87
2015.09.28 02:01:56.855,1.22847,1.22872,1.00,2.62
2015.09.28 02:01:57.499,1.22846,1.22872,1.00,2.62
2015.09.28 02:01:58.522,1.22847,1.22872,1.00,2.87
2015.09.28 02:01:59.818,1.22846,1.22872,1.00,1.87
2015.09.28 02:02:00.345,1.22845,1.22872,1.00,3.37
2015.09.28 02:02:01.354,1.22846,1.22872,1.00,3.37
2015.09.28 02:02:02.175,1.22846,1.22872,1.00,2.99
2015.09.28 02:02:03.442,1.22845,1.22872,1.00,3.24
2015.09.28 02:02:04.417,1.22846,1.22871,1.00,1.50
2015.09.28 02:02:05.067,1.22845,1.22871,1.00,1.37
2015.09.28 02:02:05.572,1.22845,1.22871,1.00,3.24
2015.09.28 02:02:06.725,1.22843,1.2287,1.00,1.87
2015.09.28 02:02:08.833,1.22847,1.2287,1.00,1.12
2015.09.28 02:02:09.343,1.22848,1.22871,1.00,1.37
2015.09.28 02:02:10.823,1.22847,1.22871,1.00,1.37
2015.09.28 02:02:11.476,1.22846,1.22871,1.00,1.87
2015.09.28 02:02:18.640,1.22846,1.22871,1.75,1.12
2015.09.28 02:02:23.030,1.22847,1.22871,1.75,1.12
2015.09.28 02:02:23.350,1.22846,1.22871,1.75,2.62
2015.09.28 02:02:27.304,1.22846,1.22871,1.00,2.99
2015.09.28 02:02:27.367,1.22843,1.2287,1.50,1.50
2015.09.28 02:02:43.987,1.22843,1.22867,1.37,1.12
2015.09.28 02:02:46.056,1.22845,1.22867,1.00,1.12
2015.09.28 02:02:46.663,1.22844,1.22867,1.12,1.12
2015.09.28 02:02:52.264,1.22844,1.22867,1.75,1.00
2015.09.28 02:02:55.489,1.22845,1.22867,1.00,1.12
2015.09.28 02:02:56.062,1.22844,1.22867,1.00,1.12
2015.09.28 02:03:10.885,1.22843,1.22867,1.12,1.12
2015.09.28 02:03:11.531,1.22844,1.22867,1.00,1.12
2015.09.28 02:03:12.080,1.22843,1.22867,1.12,1.12
2015.09.28 02:03:12.582,1.22844,1.22867,1.00,1.12
2015.09.28 02:03:13.379,1.22841,1.22867,1.75,2.24
2015.09.28 02:03:14.139,1.22842,1.22864,1.00,1.00
2015.09.28 02:03:15.485,1.22843,1.22864,1.00,1.00
2015.09.28 02:03:16.100,1.22842,1.22864,1.00,1.00
2015.09.28 02:03:20.831,1.22843,1.22864,1.00,1.00
2015.09.28 02:03:21.396,1.22842,1.22864,1.00,1.00
2015.09.28 02:03:25.382,1.22841,1.22864,1.50,1.00
2015.09.28 02:03:25.990,1.22842,1.22864,1.00,1.00
2015.09.28 02:03:26.553,1.22841,1.22864,1.50,1.00
2015.09.28 02:03:29.156,1.22843,1.22864,1.00,1.00
2015.09.28 02:03:29.908,1.22842,1.22864,1.00,1.00
2015.09.28 02:03:30.545,1.22843,1.22864,1.00,1.00
2015.09.28 02:03:33.382,1.22843,1.22864,1.12,1.37
2015.09.28 02:03:39.219,1.22844,1.22866,1.00,1.12
2015.09.28 02:03:39.524,1.22846,1.22866,1.00,1.12
2015.09.28 02:03:40.121,1.22844,1.22866,1.00,1.12
2015.09.28 02:03:40.667,1.22846,1.22866,1.00,1.12
2015.09.28 02:03:41.455,1.22845,1.22866,1.00,1.12
2015.09.28 02:03:42.035,1.22844,1.22866,1.00,1.12
2015.09.28 02:03:42.652,1.22842,1.22866,1.87,1.12
2015.09.28 02:03:48.632,1.22842,1.22866,1.75,1.12
2015.09.28 02:03:53.967,1.22843,1.22866,1.12,1.37
2015.09.28 02:03:55.868,1.22842,1.22866,1.75,1.87
2015.09.28 02:03:56.236,1.2284,1.22863,1.75,1.00
2015.09.28 02:03:56.923,1.22839,1.22864,1.75,1.50
2015.09.28 02:03:57.306,1.22839,1.22864,1.87,1.75
2015.09.28 02:03:57.408,1.22839,1.22864,1.75,1.37
2015.09.28 02:04:07.134,1.22839,1.22864,1.50,3.75
2015.09.28 02:04:07.185,1.22836,1.22861,1.75,1.50
2015.09.28 02:04:12.622,1.22839,1.22861,1.87,1.12
2015.09.28 02:04:12.724,1.2284,1.22862,1.75,1.12
2015.09.28 02:04:13.684,1.22843,1.22863,1.75,1.00
2015.09.28 02:04:18.414,1.2284,1.22863,1.87,1.00
2015.09.28 02:04:24.203,1.22845,1.22866,1.87,1.75
2015.09.28 02:04:29.029,1.22846,1.22869,1.12,1.12
2015.09.28 02:04:32.617,1.22849,1.2287,1.00,1.12
2015.09.28 02:04:33.084,1.22857,1.22873,1.00,1.12
2015.09.28 02:04:33.153,1.2286,1.22884,1.12,1.75
2015.09.28 02:04:33.657,1.22861,1.22884,1.00,1.75
2015.09.28 02:04:34.900,1.2286,1.22884,2.62,2.62
2015.09.28 02:04:35.532,1.22861,1.22884,1.00,3.37
2015.09.28 02:04:38.253,1.22859,1.22884,1.37,3.37
2015.09.28 02:04:45.990,1.22857,1.22881,1.75,1.12
2015.09.28 02:04:48.577,1.22856,1.22881,1.75,3.25
2015.09.28 02:04:48.680,1.22856,1.22881,1.75,2.99
2015.09.28 02:04:49.801,1.22855,1.22881,1.37,3.74
2015.09.28 02:04:49.852,1.22856,1.22879,1.00,1.12
2015.09.28 02:04:50.384,1.22855,1.22879,1.00,1.12
2015.09.28 02:04:51.912,1.22854,1.22879,1.12,1.12
2015.09.28 02:04:53.159,1.22858,1.22879,1.00,1.12
2015.09.28 02:04:53.263,1.2286,1.22879,1.00,1.12
2015.09.28 02:04:55.889,1.22859,1.2288,1.00,1.12
2015.09.28 02:04:56.519,1.22858,1.2288,1.12,1.12
2015.09.28 02:04:57.919,1.22859,1.2288,1.00,1.12
2015.09.28 02:04:58.981,1.2286,1.2288,1.00,1.75
2015.09.28 02:05:00.551,1.22861,1.22882,1.00,2.25
2015.09.28 02:05:00.960,1.22859,1.22882,1.00,2.62
2015.09.28 02:05:01.793,1.2286,1.22882,1.00,2.62
2015.09.28 02:05:02.377,1.22859,1.22882,1.00,2.62
2015.09.28 02:05:02.914,1.2286,1.22882,1.00,2.62
2015.09.28 02:05:03.637,1.22859,1.22882,1.00,2.62
2015.09.28 02:05:05.167,1.2286,1.22882,1.00,2.62
2015.09.28 02:05:07.256,1.22861,1.22882,1.00,2.62
2015.09.28 02:05:08.982,1.22864,1.22882,1.00,1.12
2015.09.28 02:05:09.650,1.22866,1.22882,1.50,1.00
2015.09.28 02:05:09.803,1.22868,1.2289,1.12,1.75
2015.09.28 02:05:10.058,1.2287,1.22894,1.00,2.25
2015.09.28 02:05:10.565,1.22875,1.22894,1.00,1.75
2015.09.28 02:05:10.621,1.22875,1.22894,1.00,1.00
2015.09.28 02:05:10.978,1.22873,1.22894,1.00,1.00
2015.09.28 02:05:11.498,1.22874,1.22894,1.00,1.00
2015.09.28 02:05:12.105,1.22873,1.22894,1.00,1.00
2015.09.28 02:05:15.454,1.22872,1.22894,1.50,1.00
2015.09.28 02:05:15.890,1.22874,1.22894,1.00,1.00
2015.09.28 02:05:16.533,1.22876,1.22894,1.50,1.00
2015.09.28 02:05:16.585,1.22873,1.22894,1.00,1.00
2015.09.28 02:05:16.840,1.22869,1.22893,1.37,1.50
2015.09.28 02:05:16.893,1.22867,1.22893,1.50,4.00
2015.09.28 02:05:17.948,1.22869,1.22894,1.87,1.12
2015.09.28 02:05:17.999,1.22871,1.22895,1.37,1.75
2015.09.28 02:05:18.153,1.22873,1.22895,1.37,1.75
2015.09.28 02:05:18.458,1.22871,1.22895,1.75,1.87
2015.09.28 02:05:19.054,1.22868,1.22893,1.12,1.12
2015.09.28 02:05:19.105,1.22868,1.22893,1.12,1.87
2015.09.28 02:05:23.762,1.22872,1.22895,1.00,3.37
2015.09.28 02:05:24.594,1.22873,1.22896,1.75,1.12
2015.09.28 02:05:27.739,1.22875,1.22895,1.37,1.00
2015.09.28 02:05:28.420,1.22873,1.22896,1.75,1.12
2015.09.28 02:05:29.348,1.22871,1.22896,1.12,2.62
2015.09.28 02:05:29.399,1.22871,1.22896,1.37,2.62
2015.09.28 02:05:31.523,1.22872,1.22897,1.50,1.87
2015.09.28 02:05:31.574,1.22872,1.22897,2.25,1.87
2015.09.28 02:05:31.625,1.22875,1.22897,1.00,1.00
2015.09.28 02:05:32.967,1.2287,1.22896,1.87,2.25
2015.09.28 02:05:33.019,1.2287,1.22896,1.37,4.12
2015.09.28 02:05:34.790,1.22873,1.22896,1.75,1.87
2015.09.28 02:05:43.071,1.22874,1.22896,1.75,1.00
2015.09.28 02:05:44.382,1.22873,1.22894,1.37,1.50
2015.09.28 02:05:44.434,1.22871,1.22894,1.87,2.62
2015.09.28 02:05:45.050,1.2287,1.22894,1.75,3.00
2015.09.28 02:05:45.102,1.22867,1.2289,1.75,1.12
2015.09.28 02:05:45.153,1.22867,1.2289,1.37,2.87
2015.09.28 02:05:45.661,1.22869,1.2289,1.12,1.75
2015.09.28 02:05:46.168,1.2287,1.22891,1.00,1.12
2015.09.28 02:05:47.258,1.22873,1.22891,1.12,1.00
2015.09.28 02:05:51.842,1.22872,1.22891,1.00,1.00
2015.09.28 02:05:52.351,1.22871,1.22891,1.87,1.00
2015.09.28 02:05:53.178,1.22872,1.22891,1.00,1.00
2015.09.28 02:05:54.632,1.22871,1.22891,1.00,1.00
2015.09.28 02:05:58.751,1.22871,1.22891,1.00,2.62
2015.09.28 02:05:58.853,1.22865,1.22886,1.87,1.00
2015.09.28 02:05:59.361,1.22867,1.22885,1.12,1.00
2015.09.28 02:06:00.679,1.22867,1.22885,1.50,1.00
2015.09.28 02:06:00.732,1.22869,1.22891,1.00,1.87
2015.09.28 02:06:01.260,1.22868,1.22891,1.12,1.87
2015.09.28 02:06:01.708,1.22868,1.22891,1.37,1.75
2015.09.28 02:06:01.759,1.22871,1.22891,1.12,1.00
2015.09.28 02:06:05.528,1.22871,1.22891,1.87,1.00
2015.09.28 02:06:06.645,1.22872,1.22891,1.12,1.00
2015.09.28 02:06:07.296,1.22872,1.22891,1.37,1.00
2015.09.28 02:06:07.826,1.22874,1.22891,1.00,1.00
2015.09.28 02:06:08.984,1.22873,1.22891,1.00,1.00
2015.09.28 02:06:09.623,1.22872,1.22891,1.12,1.00
2015.09.28 02:06:13.742,1.22871,1.22891,1.37,1.00
2015.09.28 02:06:14.048,1.22867,1.22891,1.87,1.37
2015.09.28 02:06:14.099,1.22867,1.22891,1.87,1.87
2015.09.28 02:06:14.251,1.22865,1.22887,1.87,2.12
2015.09.28 02:06:14.758,1.22866,1.22887,1.00,1.00
2015.09.28 02:06:15.845,1.22867,1.22887,1.00,1.00
2015.09.28 02:06:17.172,1.22866,1.22887,1.00,1.00
2015.09.28 02:06:17.945,1.22866,1.22887,1.37,1.00
2015.09.28 02:06:18.002,1.2287,1.2289,1.12,1.12
2015.09.28 02:06:18.889,1.22866,1.2289,1.87,1.75
2015.09.28 02:06:21.382,1.22867,1.2289,1.12,1.12
2015.09.28 02:06:31.254,1.22867,1.2289,1.00,1.12
2015.09.28 02:06:31.786,1.22865,1.2289,2.62,1.75
2015.09.28 02:06:32.984,1.22868,1.2289,1.12,1.12
2015.09.28 02:06:33.137,1.22868,1.22891,2.62,1.75
2015.09.28 02:06:33.493,1.22873,1.22893,1.00,1.87
2015.09.28 02:06:33.696,1.2287,1.22893,1.50,1.87
2015.09.28 02:06:34.197,1.22872,1.22894,1.12,2.62
2015.09.28 02:06:34.730,1.22874,1.22894,1.00,2.62
2015.09.28 02:06:35.279,1.22873,1.22894,1.00,2.62
2015.09.28 02:06:36.762,1.22884,1.22894,1.00,1.00
2015.09.28 02:06:36.814,1.22884,1.22895,1.00,1.00
2015.09.28 02:06:36.865,1.22884,1.22901,1.00,2.25
2015.09.28 02:06:36.917,1.22885,1.22901,1.00,1.00
2015.09.28 02:06:36.969,1.22885,1.22903,1.00,1.00
2015.09.28 02:06:37.071,1.22887,1.22903,1.00,1.00
2015.09.28 02:06:37.328,1.2289,1.22912,1.00,1.75
2015.09.28 02:06:37.845,1.22888,1.22912,1.50,1.75
2015.09.28 02:06:42.515,1.22888,1.22907,1.00,1.00
2015.09.28 02:06:42.566,1.22884,1.22907,2.25,1.00
2015.09.28 02:06:43.075,1.22885,1.22907,1.00,1.00
2015.09.28 02:06:45.597,1.22884,1.22907,1.00,3.37
2015.09.28 02:06:46.727,1.2288,1.22906,1.00,1.72
2015.09.28 02:06:49.712,1.22886,1.22907,1.60,1.12
2015.09.28 02:06:49.866,1.22889,1.22908,1.30,1.12
2015.09.28 02:06:50.375,1.2289,1.22908,1.00,1.75
2015.09.28 02:06:51.514,1.22889,1.2291,1.87,1.12
2015.09.28 02:06:52.021,1.2289,1.22912,1.00,1.87
2015.09.28 02:06:53.084,1.22891,1.22913,1.00,1.75
2015.09.28 02:06:53.726,1.22893,1.22913,1.00,1.00
2015.09.28 02:06:54.243,1.22892,1.22913,1.00,2.12
2015.09.28 02:06:57.566,1.22893,1.22914,1.37,1.12
2015.09.28 02:06:57.618,1.22893,1.22914,1.75,1.12
2015.09.28 02:06:58.212,1.22892,1.22914,2.10,1.12
2015.09.28 02:06:58.726,1.22892,1.22914,2.10,1.00
2015.09.28 02:06:58.828,1.22892,1.22914,1.50,1.75
2015.09.28 02:06:58.879,1.22892,1.22913,1.50,1.12
2015.09.28 02:07:00.204,1.22892,1.22915,1.00,2.25
2015.09.28 02:07:00.255,1.22892,1.22915,1.75,1.87
2015.09.28 02:07:02.914,1.22896,1.22915,1.00,1.75
2015.09.28 02:07:03.067,1.22896,1.22918,3.60,1.12
2015.09.28 02:07:04.329,1.22893,1.22918,1.75,4.49
2015.09.28 02:07:04.381,1.22894,1.22915,1.50,2.25
2015.09.28 02:07:04.432,1.22894,1.22912,1.12,2.12
2015.09.28 02:07:04.585,1.22891,1.22911,1.00,1.00
2015.09.28 02:07:04.738,1.22891,1.22911,1.00,2.50
2015.09.28 02:07:10.526,1.22891,1.22911,1.60,1.00
2015.09.28 02:07:10.780,1.22893,1.22915,2.10,1.12
2015.09.28 02:07:12.396,1.22896,1.22917,1.00,1.12
2015.09.28 02:07:13.053,1.22893,1.22917,1.75,1.87
2015.09.28 02:07:15.433,1.22897,1.22917,1.00,1.12
2015.09.28 02:07:15.586,1.22898,1.22919,1.00,1.12
2015.09.28 02:07:15.972,1.22899,1.22922,3.22,1.87
2015.09.28 02:07:16.076,1.22902,1.22922,1.00,1.00
2015.09.28 02:07:17.044,1.22901,1.22922,2.25,1.00
2015.09.28 02:07:23.907,1.22897,1.22922,2.47,2.99
2015.09.28 02:07:23.958,1.22897,1.2292,1.12,1.50
2015.09.28 02:07:24.466,1.22898,1.2292,2.10,1.12
2015.09.28 02:07:24.973,1.22899,1.2292,1.00,1.12
2015.09.28 02:07:26.067,1.229,1.2292,1.00,1.12
2015.09.28 02:07:26.570,1.22899,1.2292,1.00,1.12
2015.09.28 02:07:26.773,1.22903,1.22923,1.00,1.75
2015.09.28 02:07:26.824,1.22903,1.22925,1.00,2.62
2015.09.28 02:07:27.743,1.22899,1.22924,1.75,1.50
2015.09.28 02:07:38.498,1.22898,1.22921,1.87,1.12
2015.09.28 02:07:38.549,1.22898,1.22919,1.50,1.12
2015.09.28 02:07:39.474,1.22899,1.22919,1.00,2.12
2015.09.28 02:07:41.651,1.22898,1.22919,1.00,2.12
2015.09.28 02:07:46.395,1.22899,1.22919,1.00,1.00
2015.09.28 02:07:46.989,1.22898,1.22919,1.00,1.00
2015.09.28 02:07:47.498,1.22897,1.22919,1.50,1.00
2015.09.28 02:07:47.600,1.22895,1.22919,1.37,1.12
2015.09.28 02:07:47.652,1.22895,1.22919,1.00,1.12
2015.09.28 02:07:48.503,1.22896,1.22919,1.00,1.12
2015.09.28 02:07:49.838,1.22896,1.22919,1.50,1.37
2015.09.28 02:07:51.411,1.22901,1.22919,1.37,1.37
2015.09.28 02:07:51.513,1.229,1.22921,1.75,1.37
2015.09.28 02:07:58.638,1.22899,1.22921,2.25,2.12
2015.09.28 02:08:18.166,1.22897,1.22921,2.10,2.62
2015.09.28 02:08:23.237,1.22899,1.22921,1.75,1.12
2015.09.28 02:08:38.158,1.229,1.22921,1.50,1.12
2015.09.28 02:08:39.934,1.22896,1.22921,2.10,3.37
2015.09.28 02:08:40.036,1.22896,1.22921,2.10,4.87
2015.09.28 02:08:40.087,1.22896,1.22921,2.10,4.87
2015.09.28 02:08:46.497,1.22893,1.22918,1.75,1.50
2015.09.28 02:08:49.833,1.2289,1.22914,1.50,1.50
2015.09.28 02:08:50.391,1.22888,1.22911,1.35,1.12
2015.09.28 02:08:54.228,1.22891,1.22913,2.25,1.87
2015.09.28 02:08:54.776,1.22892,1.22915,1.75,1.75
2015.09.28 02:08:57.943,1.22895,1.22915,1.00,1.12
2015.09.28 02:08:58.913,1.22889,1.22912,1.12,1.50
2015.09.28 02:08:59.222,1.22891,1.22912,1.00,1.12
2015.09.28 02:08:59.427,1.22894,1.22915,1.30,1.75
2015.09.28 02:09:01.246,1.2289,1.22915,1.37,2.87
2015.09.28 02:09:01.297,1.2289,1.22915,1.75,1.75
2015.09.28 02:09:02.466,1.22889,1.22912,1.37,1.12
2015.09.28 02:09:02.518,1.22889,1.22912,1.12,2.87
2015.09.28 02:09:07.215,1.22891,1.22912,1.00,1.75
2015.09.28 02:09:08.095,1.2289,1.22912,1.72,1.75
2015.09.28 02:09:09.207,1.22891,1.22912,1.00,1.75
2015.09.28 02:09:09.363,1.22889,1.22912,1.12,1.75
2015.09.28 02:09:10.208,1.2289,1.22912,1.00,1.75
2015.09.28 02:09:10.748,1.22891,1.22912,1.00,1.75
2015.09.28 02:09:13.720,1.22892,1.22912,1.00,1.12
2015.09.28 02:09:14.024,1.22892,1.22914,2.10,1.12
2015.09.28 02:09:15.208,1.22895,1.22917,1.37,3.00
2015.09.28 02:09:15.717,1.22889,1.22915,2.85,1.12
2015.09.28 02:09:15.769,1.2289,1.22915,1.75,2.87
2015.09.28 02:09:19.428,1.22894,1.22914,1.00,1.12
2015.09.28 02:09:19.786,1.22892,1.22914,1.12,1.87
2015.09.28 02:09:22.305,1.2289,1.22911,1.75,1.12
2015.09.28 02:09:22.814,1.22891,1.22911,1.50,1.12
2015.09.28 02:09:24.118,1.22893,1.22912,1.00,1.12
2015.09.28 02:09:24.634,1.22891,1.22912,2.10,1.12
2015.09.28 02:09:33.603,1.22889,1.22912,2.47,1.12
2015.09.28 02:09:34.087,1.2289,1.22912,1.12,1.12
2015.09.28 02:09:34.138,1.22888,1.22912,1.50,1.12
2015.09.28 02:09:35.930,1.22883,1.22909,1.75,1.87
2015.09.28 02:09:36.439,1.22885,1.22909,1.75,1.37
2015.09.28 02:09:38.943,1.22886,1.22909,1.35,1.87
2015.09.28 02:09:40.159,1.22887,1.22909,1.30,1.37
2015.09.28 02:09:40.363,1.22886,1.22908,1.50,1.12
2015.09.28 02:09:40.686,1.22884,1.22904,1.35,1.00
2015.09.28 02:09:40.737,1.22884,1.22906,2.10,1.12
2015.09.28 02:09:41.470,1.22885,1.22906,1.72,1.12
2015.09.28 02:09:42.812,1.22885,1.22906,2.47,1.12
2015.09.28 02:09:43.924,1.22883,1.22906,1.75,3.37
2015.09.28 02:09:44.902,1.22883,1.22906,1.75,1.87
2015.09.28 02:09:46.221,1.22887,1.22906,1.00,1.12
2015.09.28 02:09:46.604,1.22885,1.22906,1.30,1.12
2015.09.28 02:09:47.376,1.22886,1.22906,1.35,1.12
2015.09.28 02:09:47.909,1.22883,1.22906,1.35,2.87
2015.09.28 02:09:56.841,1.22884,1.22905,1.35,1.50
2015.09.28 02:09:57.350,1.22887,1.22905,1.35,1.50
2015.09.28 02:10:00.643,1.22886,1.22905,1.50,1.00
2015.09.28 02:10:03.228,1.22886,1.22904,1.00,1.12
2015.09.28 02:10:03.635,1.22883,1.22904,1.37,1.12
2015.09.28 02:10:03.686,1.22882,1.22904,1.00,1.12
2015.09.28 02:10:04.647,1.22881,1.22904,1.87,1.12
2015.09.28 02:10:05.545,1.22882,1.22904,1.00,1.12
2015.09.28 02:10:06.130,1.22881,1.22904,1.12,1.12
2015.09.28 02:10:07.586,1.22882,1.22904,1.00,1.12
2015.09.28 02:10:10.777,1.22883,1.22904,1.00,1.12
2015.09.28 02:10:11.185,1.22885,1.22905,1.00,1.87
2015.09.28 02:10:11.357,1.22883,1.22905,1.00,1.87
2015.09.28 02:10:16.370,1.22884,1.22905,1.00,1.12
2015.09.28 02:10:20.772,1.22883,1.22905,1.00,1.12
2015.09.28 02:10:23.410,1.22882,1.22905,1.00,1.12
2015.09.28 02:10:29.391,1.22883,1.22905,1.00,1.12
2015.09.28 02:10:29.946,1.22882,1.22905,1.00,1.12
2015.09.28 02:10:32.785,1.22881,1.22902,1.00,1.00
2015.09.28 02:10:33.347,1.22882,1.22902,1.00,1.00
2015.09.28 02:10:33.888,1.22881,1.22902,1.00,1.00
2015.09.28 02:10:34.785,1.22882,1.22902,1.00,1.00
2015.09.28 02:10:36.530,1.22881,1.22902,1.00,1.00
2015.09.28 02:10:37.832,1.22882,1.22902,1.00,1.00
2015.09.28 02:10:38.571,1.22881,1.22902,1.00,2.12
2015.09.28 02:10:39.516,1.2288,1.22902,1.50,2.12
2015.09.28 02:10:40.890,1.2288,1.22902,1.50,1.12
2015.09.28 02:10:40.942,1.22878,1.22902,1.50,2.99
2015.09.28 02:10:41.501,1.2288,1.22902,1.00,2.62
2015.09.28 02:10:43.740,1.22877,1.22902,1.50,2.24
2015.09.28 02:10:44.251,1.22876,1.22902,1.72,1.75
2015.09.28 02:10:44.808,1.22877,1.22902,1.00,1.75
2015.09.28 02:10:45.145,1.22879,1.22902,1.00,3.25
2015.09.28 02:10:45.676,1.2288,1.22902,1.00,1.12
2015.09.28 02:10:46.271,1.22881,1.22902,1.00,1.12
2015.09.28 02:10:47.497,1.2288,1.22902,1.50,1.12
2015.09.28 02:10:48.634,1.22881,1.22902,1.00,1.12
2015.09.28 02:10:48.825,1.22881,1.22902,1.00,1.12
2015.09.28 02:10:49.474,1.22882,1.22902,1.00,1.12
2015.09.28 02:10:50.600,1.22881,1.22902,1.50,1.12
2015.09.28 02:10:54.877,1.2288,1.22902,1.00,1.37
2015.09.28 02:10:55.847,1.22879,1.22902,1.12,1.37
2015.09.28 02:10:58.233,1.2288,1.22902,1.00,1.37
2015.09.28 02:11:00.217,1.22881,1.22902,1.00,1.12
2015.09.28 02:11:00.320,1.22883,1.22902,1.00,1.87
2015.09.28 02:11:00.845,1.22884,1.22903,1.00,1.12
2015.09.28 02:11:01.373,1.22883,1.22903,2.25,1.12
2015.09.28 02:11:02.549,1.22884,1.22903,1.00,1.12
2015.09.28 02:11:03.486,1.22883,1.22903,1.00,1.12
2015.09.28 02:11:04.242,1.22884,1.22903,1.00,1.12
2015.09.28 02:11:05.445,1.22882,1.22903,1.00,1.12
2015.09.28 02:11:10.023,1.22883,1.22903,1.00,1.12
2015.09.28 02:11:13.409,1.22883,1.22903,1.00,1.00
2015.09.28 02:11:14.086,1.22882,1.22903,1.00,1.00
2015.09.28 02:11:15.153,1.22883,1.22903,1.00,1.00
2015.09.28 02:11:15.331,1.22881,1.22903,1.50,1.00
2015.09.28 02:11:16.531,1.22882,1.22903,1.00,1.00
2015.09.28 02:11:17.633,1.22881,1.22903,1.00,1.00
2015.09.28 02:11:20.290,1.22884,1.22903,1.00,1.00
2015.09.28 02:11:21.085,1.22883,1.22903,1.50,1.00
2015.09.28 02:11:21.565,1.22886,1.22903,1.00,1.00
2015.09.28 02:11:21.616,1.22886,1.22903,1.00,1.00
2015.09.28 02:11:22.323,1.22888,1.22903,1.00,1.00
2015.09.28 02:11:22.378,1.22885,1.22903,1.00,1.00
2015.09.28 02:11:22.988,1.22884,1.22903,1.00,1.00
2015.09.28 02:11:23.192,1.22883,1.22903,1.00,1.75
2015.09.28 02:11:24.093,1.22882,1.22903,1.00,1.12
2015.09.28 02:11:25.186,1.22883,1.22903,1.00,1.12
2015.09.28 02:11:25.288,1.22881,1.22903,1.87,1.12
2015.09.28 02:11:26.358,1.22882,1.22903,1.00,1.12
2015.09.28 02:11:28.186,1.22881,1.22903,1.87,1.12
2015.09.28 02:11:29.499,1.22884,1.22905,1.00,1.12
2015.09.28 02:11:30.020,1.22885,1.22905,1.00,1.12
2015.09.28 02:11:31.884,1.22886,1.22905,1.00,1.12
2015.09.28 02:11:31.936,1.22886,1.22905,1.00,1.00
2015.09.28 02:11:32.293,1.22888,1.22905,1.00,1.00
2015.09.28 02:11:33.872,1.22889,1.22905,1.00,1.00
2015.09.28 02:11:35.488,1.22886,1.22905,1.00,1.00
2015.09.28 02:11:37.459,1.22885,1.22905,1.00,1.00
2015.09.28 02:11:38.208,1.22886,1.22905,1.00,1.00
2015.09.28 02:11:39.889,1.22885,1.22905,1.00,1.00
2015.09.28 02:11:40.042,1.22884,1.22905,1.00,1.12
2015.09.28 02:11:40.550,1.22883,1.22905,1.00,1.75
2015.09.28 02:11:41.685,1.22882,1.22905,1.00,1.75
2015.09.28 02:11:42.289,1.22883,1.22905,1.00,1.75
2015.09.28 02:11:43.567,1.22882,1.22905,1.00,1.75
2015.09.28 02:11:45.314,1.22881,1.22905,1.12,1.87
2015.09.28 02:11:55.430,1.22878,1.22901,1.60,2.12
2015.09.28 02:11:57.086,1.22878,1.22901,2.10,2.12
2015.09.28 02:11:57.137,1.22878,1.22901,2.10,1.00
2015.09.28 02:11:57.240,1.22881,1.22902,2.10,1.87
2015.09.28 02:12:01.649,1.22883,1.22902,1.12,1.12
2015.09.28 02:12:02.191,1.22881,1.22902,2.10,1.12
2015.09.28 02:12:04.357,1.22882,1.22902,1.97,1.12
2015.09.28 02:12:06.796,1.22883,1.22903,1.30,1.12
2015.09.28 02:12:07.101,1.22879,1.22903,1.35,1.12
2015.09.28 02:12:07.356,1.2288,1.22903,1.30,2.62
2015.09.28 02:12:08.127,1.2288,1.22904,1.72,1.75
2015.09.28 02:12:11.569,1.2288,1.22904,1.72,2.62
2015.09.28 02:12:12.850,1.22879,1.22903,1.67,2.25
2015.09.28 02:12:28.583,1.22878,1.22902,1.60,2.24
2015.09.28 02:12:30.637,1.22878,1.22902,1.60,2.24
2015.09.28 02:12:37.637,1.2288,1.22902,1.00,1.12
2015.09.28 02:12:38.226,1.22879,1.22902,1.35,1.12
2015.09.28 02:12:44.123,1.22878,1.22902,1.00,2.24
2015.09.28 02:12:44.914,1.22875,1.22896,1.75,1.12
2015.09.28 02:12:48.246,1.22874,1.22896,1.35,1.37
2015.09.28 02:12:48.745,1.22874,1.22896,1.67,4.00
2015.09.28 02:12:48.797,1.22874,1.22896,1.30,3.99
2015.09.28 02:12:49.603,1.22873,1.22895,1.35,1.50
2015.09.28 02:12:54.438,1.22873,1.22895,2.10,1.12
2015.09.28 02:13:03.926,1.22873,1.22895,1.35,1.12
2015.09.28 02:13:04.439,1.22874,1.22895,1.30,1.12
2015.09.28 02:13:05.269,1.22873,1.22895,2.10,2.12
2015.09.28 02:13:28.477,1.22873,1.22894,1.60,1.12
2015.09.28 02:13:32.071,1.22874,1.22894,1.60,1.00
2015.09.28 02:13:32.679,1.22876,1.22896,1.97,1.87
2015.09.28 02:13:40.432,1.22877,1.22896,1.72,1.87
2015.09.28 02:13:45.732,1.22877,1.22896,1.72,1.12
2015.09.28 02:13:45.988,1.22874,1.22895,1.37,1.50
2015.09.28 02:13:46.040,1.22873,1.22895,1.12,3.74
2015.09.28 02:13:46.608,1.22868,1.22888,1.60,1.50
2015.09.28 02:13:47.118,1.22864,1.22887,1.75,1.50
2015.09.28 02:13:56.180,1.22864,1.22885,2.10,1.12
2015.09.28 02:14:03.846,1.22867,1.22885,1.00,1.37
2015.09.28 02:14:04.152,1.22872,1.22891,1.30,1.12
2015.09.28 02:14:04.981,1.22869,1.22891,2.25,1.12
2015.09.28 02:14:05.287,1.22866,1.22889,1.75,1.87
2015.09.28 02:14:05.815,1.22866,1.22887,1.12,1.50
2015.09.28 02:14:24.893,1.22867,1.22889,1.00,1.75
2015.09.28 02:14:25.259,1.22868,1.22889,1.37,1.75
2015.09.28 02:14:25.565,1.22871,1.22892,1.00,1.87
2015.09.28 02:14:25.769,1.22872,1.22894,1.37,2.62
2015.09.28 02:14:48.669,1.22871,1.22894,1.50,1.12
2015.09.28 02:14:48.927,1.22871,1.22892,1.00,1.12
2015.09.28 02:14:49.132,1.22866,1.22888,1.00,1.50
2015.09.28 02:14:49.664,1.22865,1.22887,1.12,2.25
2015.09.28 02:14:50.336,1.22866,1.22887,1.00,3.37
2015.09.28 02:14:51.233,1.22865,1.22887,1.12,3.37
2015.09.28 02:14:51.902,1.22866,1.22887,1.00,3.37
2015.09.28 02:14:55.103,1.22865,1.22887,1.12,1.12
2015.09.28 02:14:55.889,1.22866,1.22887,1.00,1.75
2015.09.28 02:14:56.346,1.22869,1.2289,1.00,1.87
2015.09.28 02:14:56.702,1.2287,1.22891,1.50,1.75
2015.09.28 02:14:57.599,1.22867,1.22891,1.37,3.37
2015.09.28 02:14:58.097,1.22866,1.22887,1.50,1.12
2015.09.28 02:15:00.678,1.22867,1.22887,1.00,1.00
2015.09.28 02:15:01.536,1.22868,1.22887,1.00,1.00
2015.09.28 02:15:02.586,1.22867,1.22887,1.00,1.00
2015.09.28 02:15:03.095,1.22868,1.22887,1.00,1.00
2015.09.28 02:15:03.754,1.22866,1.22887,1.50,1.00
2015.09.28 02:15:05.754,1.22869,1.22887,1.00,1.00
2015.09.28 02:15:05.957,1.22867,1.22887,1.00,1.00
2015.09.28 02:15:06.161,1.22867,1.22887,1.97,1.00
2015.09.28 02:15:06.314,1.22871,1.22892,2.10,1.12
2015.09.28 02:15:07.305,1.22871,1.22891,1.50,1.12
2015.09.28 02:15:07.407,1.22868,1.22888,1.50,1.12
2015.09.28 02:15:07.927,1.22868,1.22888,1.00,2.87
2015.09.28 02:15:09.632,1.22868,1.22888,1.00,1.12
2015.09.28 02:15:10.954,1.22869,1.22888,1.60,1.00
2015.09.28 02:15:11.542,1.22871,1.22893,1.87,1.12
2015.09.28 02:15:12.056,1.22873,1.22894,1.00,2.25
2015.09.28 02:15:14.664,1.22872,1.22894,1.12,2.62
2015.09.28 02:15:15.232,1.22873,1.22894,1.00,2.62
2015.09.28 02:15:17.334,1.22872,1.22894,1.12,3.24
2015.09.28 02:15:19.836,1.22873,1.22894,1.00,3.24
2015.09.28 02:15:23.759,1.22872,1.22894,1.12,3.24
2015.09.28 02:15:24.444,1.22873,1.22894,1.00,3.24
2015.09.28 02:15:25.212,1.22872,1.22894,1.12,2.99
2015.09.28 02:15:28.750,1.22873,1.22894,1.00,3.37
2015.09.28 02:15:29.252,1.22871,1.22894,2.25,2.50
2015.09.28 02:15:29.457,1.22868,1.22892,1.12,1.50
2015.09.28 02:15:31.071,1.2287,1.22892,1.00,3.62
2015.09.28 02:15:38.076,1.2287,1.22892,1.35,1.12
2015.09.28 02:15:40.697,1.22869,1.22891,1.75,1.12
2015.09.28 02:15:40.901,1.22867,1.22889,1.75,1.12
2015.09.28 02:15:41.004,1.22868,1.22888,1.00,1.12
2015.09.28 02:15:42.563,1.22868,1.22888,2.10,1.00
2015.09.28 02:15:42.868,1.2287,1.22891,2.10,1.75
2015.09.28 02:15:56.222,1.22867,1.22889,2.10,1.50
2015.09.28 02:15:56.324,1.22866,1.22889,1.75,2.62
2015.09.28 02:15:56.375,1.22866,1.22886,1.75,1.12
2015.09.28 02:16:07.434,1.22865,1.22884,1.00,1.12
2015.09.28 02:16:07.689,1.22865,1.22884,1.00,1.00
2015.09.28 02:16:12.927,1.22868,1.22886,1.00,1.12
2015.09.28 02:16:13.250,1.22866,1.22886,1.12,1.12
2015.09.28 02:16:34.180,1.22863,1.22886,1.35,1.00
2015.09.28 02:16:45.002,1.22863,1.22886,1.35,1.12
2015.09.28 02:16:45.443,1.22858,1.22886,2.10,6.00
2015.09.28 02:16:45.495,1.22858,1.22884,1.75,3.99
2015.09.28 02:17:19.504,1.22857,1.22881,1.35,1.12
2015.09.28 02:17:20.614,1.22856,1.22881,1.35,3.25
2015.09.28 02:17:28.217,1.22855,1.2288,1.35,1.87
2015.09.28 02:17:28.319,1.22856,1.22878,1.00,1.50
2015.09.28 02:17:28.850,1.22856,1.22874,1.00,1.87
2015.09.28 02:17:29.381,1.22856,1.22874,1.00,2.87
2015.09.28 02:17:41.330,1.2285,1.22874,2.25,1.87
2015.09.28 02:17:41.382,1.2285,1.22874,2.25,1.12
2015.09.28 02:17:54.370,1.22853,1.22879,2.25,2.25
2015.09.28 02:17:54.883,1.22861,1.22879,1.00,1.50
2015.09.28 02:17:55.189,1.22861,1.22879,1.00,1.00
2015.09.28 02:17:55.342,1.22854,1.22879,2.10,1.75
2015.09.28 02:17:55.444,1.22854,1.22879,2.10,1.75
2015.09.28 02:17:55.597,1.22857,1.2288,1.35,1.75
2015.09.28 02:18:02.629,1.22859,1.2288,2.47,1.12
2015.09.28 02:18:02.783,1.22864,1.22886,1.35,1.12
2015.09.28 02:18:02.885,1.22863,1.22886,2.10,1.50
2015.09.28 02:18:02.988,1.22865,1.22886,1.35,1.12
2015.09.28 02:18:03.496,1.22866,1.22887,1.12,1.75
2015.09.28 02:18:07.701,1.22862,1.22885,2.47,2.25
2015.09.28 02:18:07.907,1.22858,1.22881,1.00,2.62
2015.09.28 02:18:08.434,1.22859,1.22881,1.35,2.62
2015.09.28 02:18:09.656,1.22864,1.22881,1.00,1.50
2015.09.28 02:18:09.984,1.22865,1.22886,2.10,2.62
2015.09.28 02:18:13.602,1.22864,1.22883,1.37,1.12
2015.09.28 02:18:13.654,1.22859,1.22882,2.10,2.87
2015.09.28 02:18:33.447,1.22859,1.22881,1.35,1.50
2015.09.28 02:18:39.663,1.22858,1.22881,1.35,2.99
2015.09.28 02:18:40.191,1.22855,1.22878,2.62,1.12
2015.09.28 02:18:40.243,1.22855,1.22878,2.25,2.62
2015.09.28 02:18:40.346,1.22853,1.22878,1.75,3.37
2015.09.28 02:18:42.482,1.22854,1.22878,3.22,2.87
2015.09.28 02:18:42.534,1.22856,1.22878,1.35,1.37
2015.09.28 02:18:43.330,1.22855,1.22873,1.00,1.12
2015.09.28 02:18:43.885,1.22855,1.22873,1.00,2.12
2015.09.28 02:18:46.138,1.22855,1.22873,1.00,1.87
2015.09.28 02:18:50.352,1.22855,1.22873,1.00,1.37
2015.09.28 02:18:51.234,1.22855,1.22873,1.00,1.00
2015.09.28 02:18:58.895,1.22853,1.22875,1.50,2.62
2015.09.28 02:19:05.022,1.22848,1.22872,4.72,1.12
2015.09.28 02:19:05.378,1.22851,1.22873,1.35,1.37
2015.09.28 02:19:06.750,1.22851,1.22873,1.75,1.12
2015.09.28 02:19:07.913,1.22851,1.22873,1.75,1.37
2015.09.28 02:19:14.207,1.22852,1.22876,1.12,1.87
2015.09.28 02:19:32.649,1.22852,1.22876,3.00,1.12
2015.09.28 02:19:54.331,1.22857,1.22877,1.50,1.75
2015.09.28 02:19:54.484,1.22857,1.22879,1.87,1.75
2015.09.28 02:19:54.535,1.22859,1.22879,1.00,2.50
2015.09.28 02:19:54.586,1.22857,1.22879,1.37,1.87
2015.09.28 02:19:54.638,1.22854,1.22878,1.67,1.12
2015.09.28 02:20:01.769,1.22854,1.22877,1.67,1.50
2015.09.28 02:20:03.501,1.22859,1.22874,1.00,1.12
2015.09.28 02:20:05.365,1.22855,1.22874,1.00,1.00
2015.09.28 02:20:07.830,1.22855,1.22873,1.00,1.50
2015.09.28 02:20:15.605,1.22855,1.22873,1.00,1.00
2015.09.28 02:20:17.200,1.22853,1.22876,1.75,1.37
2015.09.28 02:20:17.781,1.22859,1.22876,1.00,1.12
2015.09.28 02:20:46.767,1.22859,1.22876,1.00,1.37
2015.09.28 02:20:47.073,1.22853,1.22875,1.12,1.12
2015.09.28 02:21:05.427,1.22858,1.22877,1.75,1.87
2015.09.28 02:21:05.493,1.22858,1.22878,1.75,1.12
2015.09.28 02:21:09.343,1.22858,1.22879,1.75,1.75
2015.09.28 02:21:10.434,1.22858,1.2288,1.75,1.87
2015.09.28 02:21:30.757,1.2286,1.2288,1.75,1.37
2015.09.28 02:21:30.808,1.22862,1.2288,1.75,1.00
2015.09.28 02:21:31.654,1.22859,1.22882,2.10,1.50
2015.09.28 02:21:48.732,1.22863,1.22884,1.12,1.75
2015.09.28 02:21:53.205,1.22864,1.22884,1.00,1.75
2015.09.28 02:21:53.409,1.22864,1.22884,1.50,1.37
2015.09.28 02:21:53.460,1.22868,1.22884,1.00,1.00
2015.09.28 02:21:54.277,1.22867,1.22887,1.35,1.50
2015.09.28 02:22:00.528,1.22867,1.22887,1.35,2.12
2015.09.28 02:22:01.794,1.22867,1.22887,1.35,1.50
2015.09.28 02:22:13.405,1.22867,1.22887,1.35,1.87
2015.09.28 02:22:17.149,1.22867,1.22887,1.35,1.87
2015.09.28 02:22:18.886,1.22867,1.22887,1.67,1.50
2015.09.28 02:22:22.285,1.22867,1.22887,1.35,1.37
2015.09.28 02:22:22.795,1.22871,1.2289,1.35,1.75
2015.09.28 02:22:22.847,1.22871,1.2289,2.10,1.00
2015.09.28 02:22:23.749,1.22871,1.22892,2.10,1.50
2015.09.28 02:22:24.279,1.22868,1.22892,1.35,1.50
2015.09.28 02:22:24.634,1.22868,1.22891,1.35,3.25
2015.09.28 02:22:24.736,1.22869,1.22891,1.30,3.37
2015.09.28 02:22:41.479,1.2287,1.22891,1.67,1.12
2015.09.28 02:22:50.611,1.22863,1.22889,1.75,1.12
2015.09.28 02:22:50.662,1.22862,1.22886,1.75,1.12
2015.09.28 02:22:51.171,1.22862,1.22885,1.75,2.25
2015.09.28 02:22:59.327,1.22862,1.22885,1.75,1.50
2015.09.28 02:23:00.257,1.22869,1.2289,1.00,1.12
2015.09.28 02:23:00.359,1.22869,1.22891,1.60,1.12
2015.09.28 02:23:00.613,1.22871,1.22891,1.50,2.25
2015.09.28 02:23:00.664,1.2287,1.22891,1.37,2.25
2015.09.28 02:23:00.716,1.22869,1.22891,1.00,2.50
2015.09.28 02:23:03.987,1.22869,1.22887,1.00,1.12
2015.09.28 02:23:04.508,1.22865,1.22887,1.75,1.00
2015.09.28 02:23:05.023,1.22864,1.22888,2.10,1.75
2015.09.28 02:23:10.412,1.22866,1.22888,1.00,1.00
2015.09.28 02:23:11.015,1.22867,1.22888,1.00,1.00
2015.09.28 02:23:11.678,1.22866,1.22888,1.00,1.12
2015.09.28 02:23:12.483,1.22866,1.22888,1.00,1.37
2015.09.28 02:23:13.081,1.22867,1.22888,1.00,1.37
2015.09.28 02:23:14.230,1.22866,1.22888,1.00,1.37
2015.09.28 02:23:15.053,1.22866,1.22888,1.00,1.00
2015.09.28 02:23:15.569,1.22866,1.22888,1.00,1.87
2015.09.28 02:23:15.875,1.22864,1.22888,2.85,1.00
2015.09.28 02:23:17.084,1.22865,1.22888,1.00,1.37
2015.09.28 02:23:17.850,1.22866,1.22888,1.00,1.12
2015.09.28 02:23:18.580,1.22867,1.22888,1.00,1.37
2015.09.28 02:23:19.152,1.22867,1.22888,1.00,2.12
2015.09.28 02:23:19.203,1.22867,1.22888,1.00,1.37
2015.09.28 02:23:19.798,1.22866,1.22888,1.00,1.37
2015.09.28 02:23:22.780,1.22867,1.22888,1.00,1.37
2015.09.28 02:23:25.351,1.22866,1.22889,1.00,1.37
2015.09.28 02:23:28.264,1.22867,1.22889,1.00,1.37
2015.09.28 02:23:28.860,1.22866,1.22889,1.50,1.37
2015.09.28 02:23:30.762,1.22867,1.22889,1.00,1.37
2015.09.28 02:23:31.380,1.22867,1.22889,1.00,1.37
2015.09.28 02:23:31.914,1.22868,1.22889,1.00,1.12
2015.09.28 02:23:31.965,1.22867,1.22889,1.00,2.87
2015.09.28 02:23:33.247,1.22862,1.22888,1.60,3.37
2015.09.28 02:23:33.299,1.22862,1.22888,1.00,5.24
2015.09.28 02:23:33.820,1.22861,1.22888,1.50,4.49
2015.09.28 02:23:35.393,1.22861,1.22887,1.00,1.87
2015.09.28 02:23:37.216,1.22861,1.22886,1.00,1.12
2015.09.28 02:23:37.818,1.22862,1.22883,1.00,1.12
2015.09.28 02:23:47.213,1.22864,1.22883,1.00,1.00
2015.09.28 02:23:47.265,1.22866,1.22883,1.00,1.12
2015.09.28 02:23:50.591,1.22867,1.22883,1.00,1.00
2015.09.28 02:23:51.107,1.22866,1.22883,1.00,1.00
2015.09.28 02:23:52.109,1.22866,1.22883,1.50,1.37
2015.09.28 02:23:52.624,1.22866,1.22883,1.00,1.12
2015.09.28 02:23:55.043,1.22866,1.22883,1.00,1.37
2015.09.28 02:23:55.572,1.22866,1.22883,1.00,1.87
2015.09.28 02:23:56.300,1.22862,1.22883,1.00,1.12
2015.09.28 02:23:57.511,1.22863,1.22883,1.00,1.00
2015.09.28 02:23:58.230,1.22865,1.22883,1.00,1.00
2015.09.28 02:24:06.143,1.22864,1.22883,1.00,1.00
2015.09.28 02:24:07.627,1.22865,1.22883,1.00,1.00
2015.09.28 02:24:08.399,1.22864,1.22883,2.10,1.00
2015.09.28 02:24:09.816,1.22865,1.22883,1.00,1.00
2015.09.28 02:24:12.891,1.22864,1.22883,2.10,1.00
2015.09.28 02:24:13.364,1.22865,1.22884,1.37,1.12
2015.09.28 02:24:13.415,1.22865,1.22884,1.75,1.12
2015.09.28 02:24:24.019,1.22865,1.22884,1.00,1.87
2015.09.28 02:24:24.121,1.22863,1.22884,1.12,1.87
2015.09.28 02:24:24.704,1.22859,1.22879,1.97,1.50
2015.09.28 02:24:24.756,1.22858,1.22879,1.00,1.12
2015.09.28 02:24:25.362,1.22857,1.22879,1.12,1.12
2015.09.28 02:24:25.948,1.22858,1.22879,1.00,1.12
2015.09.28 02:24:26.677,1.22857,1.22879,1.12,1.12
2015.09.28 02:24:27.618,1.22859,1.22879,1.00,1.12
2015.09.28 02:24:28.137,1.2286,1.22879,1.00,1.75
2015.09.28 02:24:28.659,1.22859,1.22879,1.00,1.75
2015.09.28 02:24:29.524,1.2286,1.22879,1.00,1.75
2015.09.28 02:24:32.514,1.22859,1.22879,1.00,1.75
2015.09.28 02:24:33.271,1.2286,1.22879,1.00,1.75
2015.09.28 02:24:33.928,1.22859,1.22879,1.50,1.75
2015.09.28 02:24:34.748,1.22857,1.22879,1.87,1.12
2015.09.28 02:24:43.640,1.22857,1.22879,1.50,1.37
2015.09.28 02:24:47.286,1.22855,1.22876,1.00,1.12
2015.09.28 02:24:51.905,1.22855,1.22876,1.00,1.37
2015.09.28 02:24:52.160,1.2285,1.22874,1.72,2.25
2015.09.28 02:24:52.693,1.22853,1.22875,1.50,1.75
2015.09.28 02:24:52.847,1.22854,1.22875,1.00,1.00
2015.09.28 02:24:53.103,1.22856,1.22875,1.00,1.00
2015.09.28 02:24:53.652,1.22857,1.22875,1.00,1.00
2015.09.28 02:24:54.451,1.22856,1.22875,1.00,1.00
2015.09.28 02:24:54.655,1.22854,1.22875,1.50,1.00
2015.09.28 02:25:01.453,1.22849,1.22873,1.00,2.87
2015.09.28 02:25:01.992,1.22848,1.22873,1.12,1.75
2015.09.28 02:25:03.466,1.22845,1.22868,2.62,2.50
2015.09.28 02:25:05.096,1.22846,1.22867,1.75,1.12
2015.09.28 02:25:11.718,1.22849,1.22871,1.50,1.75
2015.09.28 02:25:12.559,1.2285,1.22871,1.00,1.87
2015.09.28 02:25:12.615,1.22848,1.22871,1.87,2.62
2015.09.28 02:25:16.112,1.22848,1.22871,1.50,3.62
2015.09.28 02:25:16.807,1.22845,1.22867,1.75,1.50
2015.09.28 02:25:17.284,1.22845,1.22867,1.75,2.62
2015.09.28 02:25:19.280,1.22846,1.22867,1.75,2.87
2015.09.28 02:25:19.585,1.22844,1.22865,1.75,1.12
2015.09.28 02:25:21.768,1.22842,1.22865,2.85,2.12
2015.09.28 02:25:25.335,1.22844,1.22867,2.85,1.87
2015.09.28 02:25:25.881,1.22846,1.22867,1.75,1.00
2015.09.28 02:25:26.455,1.22848,1.22868,1.35,1.87
2015.09.28 02:25:27.081,1.22847,1.22868,2.85,1.37
2015.09.28 02:25:27.605,1.22846,1.22868,2.25,2.87
2015.09.28 02:25:28.114,1.22846,1.22868,2.25,1.87
2015.09.28 02:25:29.467,1.22847,1.22866,1.75,1.12
2015.09.28 02:25:29.794,1.22843,1.22866,1.50,2.25
2015.09.28 02:25:29.845,1.22843,1.22862,1.50,1.12
2015.09.28 02:25:29.948,1.22843,1.22861,1.50,1.50
2015.09.28 02:25:30.051,1.22838,1.2286,1.87,1.50
2015.09.28 02:25:31.168,1.22838,1.22861,2.10,1.12
2015.09.28 02:25:31.219,1.22843,1.22863,1.12,1.12
2015.09.28 02:25:31.691,1.2284,1.22863,1.37,2.87
2015.09.28 02:25:31.742,1.2284,1.22861,1.00,1.12
2015.09.28 02:25:32.251,1.22837,1.2286,1.12,1.50
2015.09.28 02:25:41.826,1.22835,1.22856,2.25,1.12
2015.09.28 02:25:42.132,1.22834,1.22855,1.00,1.50
2015.09.28 02:25:42.234,1.22836,1.22855,1.00,2.12
2015.09.28 02:25:43.692,1.22837,1.22855,1.00,2.87
2015.09.28 02:25:44.201,1.22834,1.22855,1.37,2.62
2015.09.28 02:25:44.252,1.22833,1.22855,1.00,2.62
2015.09.28 02:25:45.184,1.22836,1.22855,1.87,1.87
2015.09.28 02:25:45.707,1.22837,1.22855,1.50,1.12
2015.09.28 02:25:46.443,1.22834,1.22855,1.35,1.12
2015.09.28 02:25:48.443,1.22835,1.22859,1.87,2.25
2015.09.28 02:25:59.508,1.22834,1.22857,1.87,1.12
2015.09.28 02:25:59.816,1.22834,1.22857,1.12,2.12
2015.09.28 02:26:00.331,1.22836,1.22858,1.12,1.50
2015.09.28 02:26:03.989,1.22835,1.22858,1.12,1.50
2015.09.28 02:26:04.661,1.22838,1.22858,1.00,1.00
2015.09.28 02:26:15.287,1.22838,1.22858,1.37,1.00
2015.09.28 02:26:15.593,1.22839,1.22862,3.22,1.75
2015.09.28 02:26:17.378,1.22843,1.22863,1.50,1.75
2015.09.28 02:26:17.480,1.22846,1.22864,1.00,1.00
2015.09.28 02:26:19.483,1.22843,1.22864,1.67,1.12
2015.09.28 02:26:19.585,1.22843,1.22863,1.00,1.12
2015.09.28 02:26:27.110,1.22844,1.22863,1.00,1.00
2015.09.28 02:26:27.642,1.22845,1.22863,1.50,1.00
2015.09.28 02:26:29.950,1.22845,1.22865,2.25,1.87
2015.09.28 02:26:33.005,1.22845,1.22865,1.37,1.37
2015.09.28 02:26:33.209,1.22844,1.22865,1.00,2.12
2015.09.28 02:26:34.048,1.22843,1.22864,1.50,1.12
2015.09.28 02:26:40.417,1.22842,1.22864,1.37,1.87
2015.09.28 02:26:40.519,1.2284,1.22864,1.60,1.87
2015.09.28 02:26:40.570,1.22839,1.22861,1.87,1.12
2015.09.28 02:26:46.721,1.22838,1.22859,2.85,1.87
2015.09.28 02:26:47.293,1.22838,1.22859,1.67,2.62
2015.09.28 02:26:50.225,1.2284,1.22859,1.00,1.75
2015.09.28 02:26:51.138,1.22838,1.22859,2.25,1.12
2015.09.28 02:26:52.060,1.22837,1.22858,1.37,1.12
2015.09.28 02:26:52.111,1.22836,1.22858,1.87,2.87
2015.09.28 02:26:52.266,1.22835,1.22856,1.00,1.50
2015.09.28 02:26:52.318,1.22833,1.22856,1.50,2.62
2015.09.28 02:26:52.827,1.22834,1.22856,1.00,2.62
2015.09.28 02:26:53.701,1.22836,1.22856,1.87,1.12
2015.09.28 02:26:54.233,1.22837,1.22857,1.00,1.87
2015.09.28 02:26:56.082,1.22835,1.22856,1.50,1.12
2015.09.28 02:26:58.040,1.22833,1.22854,2.10,1.12
2015.09.28 02:27:00.357,1.22833,1.22854,2.10,2.87
2015.09.28 02:27:03.863,1.22835,1.22854,1.00,2.62
2015.09.28 02:27:05.979,1.22834,1.22854,1.50,1.75
2015.09.28 02:27:07.237,1.22833,1.22854,1.35,2.25
2015.09.28 02:27:08.644,1.22834,1.22854,1.00,1.75
2015.09.28 02:27:12.016,1.22835,1.22855,1.35,1.75
2015.09.28 02:27:12.119,1.22837,1.22856,1.00,1.75
2015.09.28 02:27:12.946,1.22838,1.22857,1.00,2.25
2015.09.28 02:27:13.466,1.22837,1.22858,1.00,3.00
2015.09.28 02:27:15.683,1.22838,1.22858,1.00,3.00
2015.09.28 02:27:18.103,1.22837,1.22858,1.87,3.00
2015.09.28 02:27:18.725,1.22838,1.22858,1.00,3.62
2015.09.28 02:27:29.383,1.22838,1.22859,1.12,1.87
2015.09.28 02:27:30.181,1.2284,1.22859,1.00,1.87
2015.09.28 02:27:30.708,1.22839,1.22859,1.50,1.75
2015.09.28 02:27:31.258,1.2284,1.22859,1.00,1.87
2015.09.28 02:27:31.818,1.22839,1.22859,1.50,1.87
2015.09.28 02:27:32.895,1.22838,1.22859,1.87,1.87
2015.09.28 02:27:33.649,1.22839,1.22859,1.00,1.75
2015.09.28 02:27:34.202,1.22838,1.22859,1.87,1.75
2015.09.28 02:27:34.708,1.22839,1.22859,1.00,1.75
2015.09.28 02:27:35.821,1.22836,1.22859,1.87,1.75
2015.09.28 02:27:37.833,1.22838,1.22859,1.12,1.12
2015.09.28 02:27:38.352,1.22841,1.2286,1.00,1.75
2015.09.28 02:27:39.288,1.2284,1.2286,1.87,1.75
2015.09.28 02:27:40.127,1.2284,1.2286,2.25,1.75
2015.09.28 02:27:40.432,1.22858,1.22877,1.00,2.25
2015.09.28 02:27:40.534,1.22858,1.2288,1.00,2.25
2015.09.28 02:27:41.864,1.2286,1.2288,1.00,1.75
2015.09.28 02:27:43.825,1.22859,1.2288,2.10,1.12
2015.09.28 02:27:44.512,1.22859,1.22879,1.50,1.00
2015.09.28 02:27:45.493,1.22859,1.22879,2.10,1.12
2015.09.28 02:27:46.037,1.2286,1.22879,1.00,1.12
2015.09.28 02:27:46.241,1.22857,1.22879,2.47,1.12
2015.09.28 02:27:46.761,1.22858,1.22879,1.00,1.12
2015.09.28 02:27:47.766,1.22859,1.22879,1.00,1.12
2015.09.28 02:27:48.699,1.22859,1.22878,1.00,1.12
2015.09.28 02:27:48.750,1.22857,1.22878,2.47,2.12
2015.09.28 02:27:50.017,1.22857,1.22878,2.47,2.12
2015.09.28 02:27:50.435,1.22859,1.22878,2.05,1.00
2015.09.28 02:27:52.417,1.22855,1.22878,3.00,2.49
2015.09.28 02:27:52.468,1.22855,1.22878,3.00,2.87
2015.09.28 02:27:53.502,1.22859,1.22878,1.37,1.37
2015.09.28 02:27:54.009,1.22861,1.22878,1.50,1.00
2015.09.28 02:27:54.543,1.22859,1.22878,3.37,1.00
2015.09.28 02:27:56.462,1.22859,1.22878,2.25,1.00
2015.09.28 02:27:56.615,1.22859,1.22878,2.25,1.00
2015.09.28 02:27:58.975,1.22858,1.22878,1.00,1.12
2015.09.28 02:27:59.793,1.22857,1.22878,1.87,2.12
2015.09.28 02:28:00.329,1.22858,1.22878,1.00,1.50
2015.09.28 02:28:00.839,1.22857,1.22879,1.30,2.25
2015.09.28 02:28:01.378,1.22858,1.22879,1.00,1.75
2015.09.28 02:28:01.968,1.22857,1.22879,1.72,1.87
2015.09.28 02:28:07.795,1.22857,1.22879,1.60,2.87
2015.09.28 02:28:09.296,1.22856,1.22879,1.72,2.62
2015.09.28 02:28:11.200,1.22856,1.22879,1.97,2.62
2015.09.28 02:28:11.455,1.22854,1.22878,1.67,2.25
2015.09.28 02:28:11.506,1.22854,1.22876,1.35,1.00
2015.09.28 02:28:12.015,1.22854,1.22876,1.60,1.00
2015.09.28 02:28:14.943,1.22854,1.22876,1.60,1.00
2015.09.28 02:28:15.300,1.22857,1.22876,1.35,1.75
2015.09.28 02:28:19.521,1.22858,1.22879,2.05,1.75
2015.09.28 02:28:20.083,1.22858,1.2288,1.72,1.12
2015.09.28 02:28:20.593,1.22856,1.2288,1.37,1.87
2015.09.28 02:28:22.093,1.22857,1.2288,1.30,1.12
2015.09.28 02:28:23.318,1.22857,1.2288,3.97,1.00
2015.09.28 02:28:23.370,1.2286,1.22883,1.35,1.37
2015.09.28 02:28:23.956,1.22866,1.22888,1.87,1.37
2015.09.28 02:28:24.008,1.22866,1.22889,2.47,1.12
2015.09.28 02:28:24.771,1.22866,1.22889,1.60,1.87
2015.09.28 02:28:24.822,1.22866,1.22889,1.72,1.50
2015.09.28 02:28:25.390,1.22867,1.2289,1.30,1.12
2015.09.28 02:28:25.935,1.22866,1.2289,1.37,1.00
2015.09.28 02:28:28.926,1.22866,1.2289,1.12,1.87
2015.09.28 02:28:29.585,1.22866,1.22889,1.12,1.12
2015.09.28 02:28:30.113,1.22866,1.22889,1.12,2.12
2015.09.28 02:28:32.165,1.22867,1.22889,1.00,2.12
2015.09.28 02:28:32.694,1.22867,1.22889,1.00,2.12
2015.09.28 02:28:32.948,1.22865,1.22889,1.00,2.12
2015.09.28 02:28:33.772,1.22867,1.22889,1.35,1.87
2015.09.28 02:28:34.299,1.22867,1.22889,1.60,1.87
2015.09.28 02:28:34.850,1.22867,1.22889,1.35,2.12
2015.09.28 02:28:36.507,1.22867,1.22889,1.35,2.12
2015.09.28 02:28:36.932,1.22867,1.22889,1.00,1.00
2015.09.28 02:28:37.137,1.22868,1.22892,1.50,1.87
2015.09.28 02:28:37.674,1.22868,1.22892,1.50,2.12
2015.09.28 02:28:37.841,1.22869,1.22892,1.60,1.12
2015.09.28 02:28:38.363,1.2287,1.22892,2.10,1.12
2015.09.28 02:28:39.309,1.2287,1.22892,1.60,1.12
2015.09.28 02:28:43.405,1.22871,1.22892,1.00,1.00
2015.09.28 02:28:49.437,1.22869,1.22892,1.60,1.00
2015.09.28 02:28:49.488,1.2287,1.22892,2.10,1.12
2015.09.28 02:28:55.536,1.22871,1.22892,2.10,2.12
2015.09.28 02:28:56.530,1.22871,1.22892,2.10,2.12
2015.09.28 02:28:58.963,1.22873,1.22892,1.00,1.00
2015.09.28 02:28:59.530,1.22874,1.22892,1.00,1.00
2015.09.28 02:29:00.173,1.22873,1.22892,1.50,1.00
2015.09.28 02:29:00.493,1.22875,1.22892,1.00,1.00
2015.09.28 02:29:04.455,1.22874,1.22892,1.00,1.12
2015.09.28 02:29:06.025,1.22873,1.22892,1.50,1.12
2015.09.28 02:29:14.795,1.22873,1.22892,1.50,1.00
2015.09.28 02:29:15.100,1.22868,1.22891,1.72,2.12
2015.09.28 02:29:16.030,1.22868,1.22891,1.72,1.00
2015.09.28 02:29:16.373,1.22866,1.22889,1.97,1.00
2015.09.28 02:29:16.880,1.22866,1.22888,1.97,1.00
2015.09.28 02:29:17.392,1.22866,1.22888,1.97,1.00
2015.09.28 02:29:18.172,1.22866,1.22888,1.60,1.00
2015.09.28 02:29:21.182,1.22859,1.22884,2.47,1.12
2015.09.28 02:29:21.692,1.22859,1.22884,1.60,1.37
2015.09.28 02:29:22.449,1.22859,1.22884,1.60,1.37
2015.09.28 02:29:22.977,1.22859,1.22884,1.97,1.00
2015.09.28 02:29:26.477,1.22864,1.22884,1.00,1.00
2015.09.28 02:29:30.430,1.22864,1.22884,1.50,1.12
2015.09.28 02:29:30.641,1.22865,1.22884,1.60,1.12
2015.09.28 02:29:30.845,1.22869,1.22889,1.00,1.50
2015.09.28 02:29:30.896,1.22871,1.22889,1.00,1.50
2015.09.28 02:29:31.355,1.22869,1.2289,1.00,1.37
2015.09.28 02:29:32.281,1.2287,1.2289,1.00,1.37
2015.09.28 02:29:36.368,1.2287,1.2289,1.50,1.00
2015.09.28 02:29:36.827,1.22868,1.2289,1.50,1.37
2015.09.28 02:29:40.880,1.22869,1.2289,1.00,2.62
2015.09.28 02:29:42.882,1.2287,1.2289,1.00,1.12
2015.09.28 02:29:47.894,1.2287,1.22888,1.00,1.12
2015.09.28 02:29:47.945,1.22868,1.22888,1.00,1.00
2015.09.28 02:29:48.099,1.22866,1.22887,1.00,1.12
2015.09.28 02:29:48.571,1.22866,1.22887,1.00,3.24
2015.09.28 02:29:48.624,1.22863,1.22887,1.00,3.24
2015.09.28 02:29:48.778,1.22861,1.22887,2.10,3.74
2015.09.28 02:29:51.758,1.22861,1.22887,2.10,2.99
2015.09.28 02:29:52.457,1.22861,1.22887,2.10,3.74
2015.09.28 02:29:52.660,1.22861,1.22883,1.00,1.12
2015.09.28 02:29:53.249,1.22857,1.22882,1.35,2.12
2015.09.28 02:29:53.860,1.22857,1.22881,2.10,1.50
2015.09.28 02:29:54.679,1.22857,1.22881,1.35,3.25
2015.09.28 02:29:55.237,1.22858,1.22881,1.00,1.00
2015.09.28 02:29:55.798,1.22857,1.22881,1.00,1.00
2015.09.28 02:29:56.868,1.22858,1.22881,1.00,1.00
2015.09.28 02:29:58.269,1.22857,1.22881,1.00,1.00
2015.09.28 02:30:00.620,1.22858,1.22881,1.00,1.00
2015.09.28 02:30:01.624,1.22857,1.22881,1.50,1.00
2015.09.28 02:30:01.776,1.22859,1.22881,1.00,1.00
2015.09.28 02:30:03.206,1.22858,1.22881,1.00,2.50
2015.09.28 02:30:04.077,1.22857,1.22881,2.10,2.50
2015.09.28 02:30:11.186,1.22858,1.22881,1.00,2.50
2015.09.28 02:30:12.688,1.22856,1.22881,1.60,1.00
2015.09.28 02:30:13.291,1.22858,1.22881,1.00,1.00
2015.09.28 02:30:13.896,1.22857,1.22881,1.35,2.87
2015.09.28 02:30:14.631,1.22858,1.22881,1.00,2.87
2015.09.28 02:30:15.260,1.22858,1.22881,1.87,1.12
2015.09.28 02:30:15.566,1.22863,1.22886,1.60,1.12
2015.09.28 02:30:15.668,1.22864,1.22886,1.00,1.00
2015.09.28 02:30:15.770,1.22863,1.22886,1.50,1.00
2015.09.28 02:30:16.292,1.22867,1.22886,1.00,1.00
2015.09.28 02:30:16.344,1.22869,1.22888,1.00,1.50
2015.09.28 02:30:16.549,1.22869,1.22892,1.00,1.00
2015.09.28 02:30:16.803,1.22867,1.22892,3.00,1.00
2015.09.28 02:30:17.333,1.22868,1.22892,1.50,1.00
2015.09.28 02:30:18.466,1.22875,1.22899,1.50,1.00
2015.09.28 02:30:19.258,1.22875,1.22899,1.00,1.37
2015.09.28 02:30:20.160,1.22876,1.229,1.72,1.00
2015.09.28 02:30:20.211,1.2288,1.22901,1.00,1.00
2015.09.28 02:30:20.314,1.22878,1.22901,1.50,1.00
2015.09.28 02:30:20.416,1.2288,1.22901,1.00,1.00
2015.09.28 02:30:20.518,1.22878,1.22901,1.50,1.00
2015.09.28 02:30:20.570,1.22878,1.22901,1.50,1.00
2015.09.28 02:30:21.439,1.22878,1.22901,1.00,1.00
2015.09.28 02:30:21.643,1.22876,1.229,1.50,1.50
2015.09.28 02:30:21.745,1.22877,1.229,1.00,2.87
2015.09.28 02:30:21.848,1.22877,1.229,1.00,2.62
2015.09.28 02:30:22.360,1.22878,1.229,1.00,1.87
2015.09.28 02:30:22.910,1.22876,1.229,1.50,1.87
2015.09.28 02:30:23.455,1.22877,1.229,1.50,1.00
2015.09.28 02:30:23.958,1.22878,1.229,1.00,1.00
2015.09.28 02:30:24.694,1.22877,1.229,1.50,1.00
2015.09.28 02:30:26.009,1.22878,1.229,1.00,1.00
2015.09.28 02:30:26.314,1.22877,1.22901,2.85,1.37
2015.09.28 02:30:26.913,1.22878,1.22902,1.35,2.62
2015.09.28 02:30:27.016,1.22878,1.22902,1.35,3.62
2015.09.28 02:30:27.829,1.22878,1.22902,1.60,3.62
2015.09.28 02:30:29.229,1.22878,1.22902,1.60,2.87
2015.09.28 02:30:31.075,1.22877,1.22902,1.00,2.62
2015.09.28 02:30:31.228,1.22875,1.229,1.00,1.50
2015.09.28 02:30:31.635,1.22875,1.22899,1.00,1.50
2015.09.28 02:30:33.917,1.22875,1.22898,1.00,1.12
2015.09.28 02:30:33.969,1.22874,1.22898,1.00,4.12
2015.09.28 02:30:34.020,1.2287,1.22894,1.00,1.12
2015.09.28 02:30:34.624,1.22871,1.22894,1.00,2.25
2015.09.28 02:30:34.829,1.22871,1.22894,1.00,1.87
2015.09.28 02:30:34.933,1.22871,1.22894,1.00,1.87
2015.09.28 02:30:35.506,1.22873,1.22894,1.00,1.00
2015.09.28 02:30:36.048,1.22872,1.22894,1.50,1.00
2015.09.28 02:30:37.625,1.22873,1.22894,1.00,1.00
2015.09.28 02:30:38.147,1.22874,1.22894,1.00,1.00
2015.09.28 02:30:39.089,1.22875,1.22895,1.00,1.00
2015.09.28 02:30:39.605,1.22876,1.22895,1.00,1.00
2015.09.28 02:30:40.903,1.22875,1.22895,1.50,1.00
2015.09.28 02:30:40.957,1.22877,1.22895,1.00,1.00
2015.09.28 02:30:43.466,1.22875,1.22895,1.50,1.00
2015.09.28 02:30:43.632,1.22877,1.22895,1.00,1.00
2015.09.28 02:30:44.176,1.22876,1.22895,1.50,1.00
2015.09.28 02:30:44.785,1.22877,1.22895,1.00,1.00
2015.09.28 02:30:45.350,1.22875,1.22895,1.50,1.37
2015.09.28 02:30:46.121,1.22875,1.22896,1.50,1.00
2015.09.28 02:30:46.635,1.22876,1.22896,1.50,1.00
2015.09.28 02:30:48.086,1.22877,1.22898,1.00,1.12
2015.09.28 02:30:48.495,1.22878,1.22901,2.10,1.00
2015.09.28 02:30:48.547,1.2288,1.22901,1.00,1.00
2015.09.28 02:30:49.375,1.2288,1.22902,1.00,1.50
2015.09.28 02:30:49.885,1.22879,1.22902,1.35,1.50
2015.09.28 02:30:50.400,1.2288,1.22902,1.00,1.50
2015.09.28 02:30:51.089,1.22879,1.22902,1.35,1.00
2015.09.28 02:30:51.191,1.22876,1.22901,1.35,1.12
2015.09.28 02:30:51.707,1.22876,1.22901,1.00,1.37
2015.09.28 02:30:52.603,1.22876,1.22901,1.00,3.62
2015.09.28 02:30:53.160,1.22875,1.22901,1.00,3.37
2015.09.28 02:30:54.253,1.22877,1.22901,1.60,2.12
2015.09.28 02:30:54.304,1.22877,1.22901,1.60,1.12
2015.09.28 02:30:54.837,1.22878,1.22901,1.60,1.50
2015.09.28 02:30:55.505,1.22878,1.22901,1.60,2.50
2015.09.28 02:30:59.403,1.22877,1.22901,1.60,2.12
2015.09.28 02:30:59.658,1.22876,1.22901,1.50,2.87
2015.09.28 02:31:00.180,1.22876,1.229,1.00,1.87
2015.09.28 02:31:01.884,1.22878,1.22902,1.60,1.87
2015.09.28 02:31:02.499,1.2288,1.22902,1.00,1.37
2015.09.28 02:31:03.361,1.22879,1.22902,2.10,1.37
2015.09.28 02:31:04.323,1.22878,1.22902,1.35,1.37
2015.09.28 02:31:04.985,1.22879,1.22902,1.00,1.37
2015.09.28 02:31:08.467,1.22878,1.22902,2.10,1.37
2015.09.28 02:31:08.862,1.22878,1.22902,2.10,1.12
2015.09.28 02:31:09.682,1.22877,1.22902,1.60,2.12
2015.09.28 02:31:10.572,1.22878,1.22902,1.60,1.00
2015.09.28 02:31:11.247,1.22879,1.22903,1.35,1.87
2015.09.28 02:31:11.809,1.22878,1.22903,1.35,1.87
2015.09.28 02:31:12.360,1.22879,1.22903,1.00,2.62
2015.09.28 02:31:12.987,1.22877,1.22903,1.00,3.37
2015.09.28 02:31:13.890,1.22876,1.22903,1.50,2.62
2015.09.28 02:31:15.575,1.22877,1.22902,1.00,1.50
2015.09.28 02:31:16.084,1.22876,1.22902,1.00,1.87
2015.09.28 02:31:16.667,1.22877,1.22902,1.00,2.62
2015.09.28 02:31:17.900,1.22876,1.22902,1.00,2.62
2015.09.28 02:31:18.408,1.22877,1.22902,1.00,1.00
2015.09.28 02:31:18.714,1.2288,1.22902,1.00,1.00
2015.09.28 02:31:18.817,1.22881,1.22906,2.25,1.00
2015.09.28 02:31:19.342,1.22882,1.22906,1.00,1.00
2015.09.28 02:31:25.202,1.22881,1.22906,1.50,3.37
2015.09.28 02:31:28.658,1.2288,1.22901,1.00,1.87
2015.09.28 02:31:28.710,1.22876,1.22901,1.87,2.87
2015.09.28 02:31:28.762,1.22876,1.22901,1.87,1.87
2015.09.28 02:31:28.863,1.22876,1.22901,1.87,3.62
2015.09.28 02:31:34.402,1.22875,1.22901,1.50,2.87
2015.09.28 02:31:35.551,1.22875,1.22901,1.50,2.12
2015.09.28 02:31:36.294,1.22875,1.22901,1.50,1.00
2015.09.28 02:31:37.068,1.22875,1.22901,1.50,1.00
2015.09.28 02:31:37.660,1.22876,1.22901,1.00,1.00
2015.09.28 02:31:39.809,1.22875,1.22901,1.50,1.00
2015.09.28 02:31:40.532,1.22876,1.22901,1.00,1.00
2015.09.28 02:31:41.394,1.22877,1.22901,1.00,1.00
2015.09.28 02:31:44.006,1.22876,1.22901,1.50,2.12
2015.09.28 02:31:45.060,1.22875,1.229,1.50,1.12
2015.09.28 02:31:53.820,1.22875,1.229,1.50,1.87
2015.09.28 02:31:53.871,1.22878,1.229,1.00,1.00
2015.09.28 02:32:25.808,1.22877,1.22902,1.50,1.87
2015.09.28 02:32:25.860,1.22877,1.22902,1.50,2.62
2015.09.28 02:32:26.361,1.22878,1.22902,1.00,1.50
2015.09.28 02:32:28.400,1.22877,1.22902,1.87,1.50
2015.09.28 02:32:28.740,1.22877,1.22902,1.00,1.00
2015.09.28 02:32:29.446,1.22873,1.22898,1.50,1.12
2015.09.28 02:32:29.497,1.22871,1.22895,1.00,1.50
2015.09.28 02:32:32.279,1.22871,1.22895,1.50,1.50
2015.09.28 02:32:33.138,1.22873,1.22895,1.00,1.00
2015.09.28 02:32:33.704,1.22873,1.22897,1.50,1.00
2015.09.28 02:32:33.907,1.22875,1.22898,1.00,1.50
2015.09.28 02:32:34.111,1.22873,1.22898,1.00,3.00
2015.09.28 02:32:35.452,1.22873,1.22898,1.00,3.25
2015.09.28 02:32:36.010,1.22874,1.22898,1.00,3.25
2015.09.28 02:32:36.669,1.22873,1.22898,1.00,3.00
2015.09.28 02:32:37.356,1.22874,1.22898,1.00,1.50
2015.09.28 02:32:38.480,1.22875,1.22898,1.00,1.50
2015.09.28 02:32:40.113,1.22874,1.22898,1.00,1.12
2015.09.28 02:32:40.418,1.22872,1.22898,1.50,2.12
2015.09.28 02:32:46.207,1.22872,1.22898,1.00,1.12
2015.09.28 02:32:47.371,1.22875,1.22901,1.00,1.87
2015.09.28 02:32:47.680,1.22874,1.22901,1.50,3.37
2015.09.28 02:32:48.215,1.22874,1.22899,1.00,1.12
2015.09.28 02:32:49.052,1.22873,1.22899,1.87,2.12
2015.09.28 02:32:49.105,1.22873,1.22899,2.62,2.62
2015.09.28 02:32:49.433,1.22875,1.22899,1.00,1.87
2015.09.28 02:32:49.946,1.22874,1.229,1.50,1.37
2015.09.28 02:32:50.608,1.22875,1.229,1.00,1.00
2015.09.28 02:32:51.016,1.22873,1.229,2.62,2.87
2015.09.28 02:32:53.926,1.22872,1.22899,3.00,3.00
2015.09.28 02:32:55.054,1.22876,1.22899,1.00,1.12
2015.09.28 02:32:55.308,1.22876,1.22901,1.00,2.62
2015.09.28 02:32:55.833,1.22877,1.22901,1.00,1.00
2015.09.28 02:32:56.713,1.22875,1.22901,2.25,3.75
2015.09.28 02:32:58.891,1.22879,1.22901,1.00,1.00
2015.09.28 02:32:58.942,1.22879,1.22903,1.00,1.00
2015.09.28 02:33:03.175,1.22882,1.22904,1.00,1.50
2015.09.28 02:33:03.962,1.22879,1.22904,1.87,1.00
2015.09.28 02:33:04.474,1.22879,1.22904,1.37,1.00
2015.09.28 02:33:13.727,1.22879,1.22904,2.62,2.12
2015.09.28 02:33:14.257,1.22879,1.22904,1.37,2.12
2015.09.28 02:33:21.344,1.22879,1.22904,1.87,2.12
2015.09.28 02:33:29.190,1.22877,1.22904,1.12,1.50
2015.09.28 02:33:29.395,1.22876,1.22903,1.50,1.87
2015.09.28 02:33:31.246,1.22872,1.22898,2.47,1.12
2015.09.28 02:33:31.553,1.22876,1.22899,2.47,1.00
2015.09.28 02:33:31.604,1.22877,1.22901,1.12,1.00
2015.09.28 02:33:31.859,1.22878,1.22903,1.12,2.25
2015.09.28 02:33:32.367,1.22879,1.22903,1.00,1.50
2015.09.28 02:33:33.827,1.22878,1.22903,1.37,1.00
2015.09.28 02:33:33.930,1.22879,1.22904,1.12,3.37
2015.09.28 02:33:33.981,1.22879,1.22904,1.12,2.87
2015.09.28 02:33:34.033,1.22877,1.22903,1.87,1.12
2015.09.28 02:33:34.789,1.22875,1.22901,1.00,3.00
2015.09.28 02:33:34.841,1.22875,1.229,1.00,1.87
2015.09.28 02:33:34.997,1.22873,1.229,1.87,3.75
2015.09.28 02:33:35.561,1.22877,1.229,1.00,3.00
2015.09.28 02:33:35.714,1.22879,1.22902,1.12,1.00
2015.09.28 02:33:36.323,1.22879,1.22903,1.12,1.00
2015.09.28 02:33:36.856,1.22878,1.22903,1.12,1.00
2015.09.28 02:33:37.364,1.22875,1.22903,1.87,3.37
2015.09.28 02:33:37.416,1.22875,1.22901,1.87,2.25
2015.09.28 02:33:37.789,1.22872,1.22899,1.50,1.12
2015.09.28 02:33:38.432,1.22872,1.22898,2.25,1.12
2015.09.28 02:33:38.958,1.22872,1.22898,2.25,1.12
2015.09.28 02:33:39.161,1.22877,1.22899,1.35,1.12
2015.09.28 02:33:39.314,1.2288,1.22903,1.00,1.00
2015.09.28 02:33:40.279,1.22878,1.22904,1.72,2.62
2015.09.28 02:33:43.469,1.2288,1.22904,1.00,1.12
2015.09.28 02:33:45.280,1.22879,1.22904,1.87,1.87
2015.09.28 02:33:45.898,1.2288,1.22904,1.00,1.12
2015.09.28 02:33:46.672,1.2288,1.22904,1.50,2.12
2015.09.28 02:33:47.183,1.22876,1.22901,1.00,3.00
2015.09.28 02:33:47.797,1.22878,1.22901,1.00,3.25
2015.09.28 02:33:47.848,1.22878,1.22901,1.50,2.50
2015.09.28 02:33:47.950,1.22878,1.22903,1.87,1.00
2015.09.28 02:33:48.103,1.22882,1.22904,1.00,1.50
2015.09.28 02:33:48.256,1.22884,1.22907,1.00,1.12
2015.09.28 02:33:48.409,1.22886,1.22907,1.00,1.00
2015.09.28 02:33:48.952,1.22886,1.22908,1.00,1.50
2015.09.28 02:33:49.493,1.22887,1.22908,1.00,1.50
2015.09.28 02:33:50.002,1.22886,1.22909,1.00,1.00
2015.09.28 02:33:51.595,1.22887,1.22909,1.00,1.00
2015.09.28 02:33:52.177,1.22886,1.22909,1.00,1.00
2015.09.28 02:33:53.243,1.22886,1.22909,1.00,1.00
2015.09.28 02:33:53.578,1.22887,1.22909,1.00,1.00
2015.09.28 02:33:54.115,1.22886,1.22909,1.00,2.50
2015.09.28 02:33:54.637,1.22887,1.22909,1.00,2.50
2015.09.28 02:33:55.340,1.22886,1.22909,1.00,2.50
2015.09.28 02:33:55.796,1.22887,1.22909,1.00,2.50
2015.09.28 02:33:57.450,1.22886,1.22909,1.00,2.50
2015.09.28 02:33:57.984,1.22887,1.22909,1.00,2.50
2015.09.28 02:34:00.517,1.22885,1.22909,1.50,2.50
2015.09.28 02:34:00.569,1.22884,1.22908,1.00,3.37
2015.09.28 02:34:00.620,1.22883,1.22908,1.50,4.12
2015.09.28 02:34:00.875,1.22885,1.22908,1.00,2.50
2015.09.28 02:34:02.686,1.22887,1.22909,1.00,1.00
2015.09.28 02:34:02.841,1.22887,1.22911,1.00,3.00
2015.09.28 02:34:02.994,1.22888,1.22911,1.00,1.00
2015.09.28 02:34:03.503,1.22886,1.22911,1.50,3.00
2015.09.28 02:34:04.427,1.22887,1.22911,1.00,1.50
2015.09.28 02:34:04.938,1.22886,1.2291,1.00,1.87
2015.09.28 02:34:05.737,1.22885,1.2291,1.50,2.87
2015.09.28 02:34:06.269,1.22886,1.2291,1.00,2.12
2015.09.28 02:34:07.105,1.22886,1.2291,1.00,1.00
2015.09.28 02:34:07.207,1.22884,1.22909,1.00,3.37
2015.09.28 02:34:07.838,1.22883,1.22908,1.00,1.87
2015.09.28 02:34:08.345,1.22883,1.22908,1.00,3.37
2015.09.28 02:34:10.241,1.22885,1.22909,1.50,2.25
2015.09.28 02:34:10.648,1.22887,1.22909,1.00,1.00
2015.09.28 02:34:11.182,1.22888,1.22909,1.00,1.00
2015.09.28 02:34:11.433,1.22888,1.2291,1.00,1.50
2015.09.28 02:34:12.094,1.22888,1.2291,1.00,1.00
2015.09.28 02:34:13.415,1.22888,1.2291,1.00,1.00
2015.09.28 02:34:15.747,1.22889,1.2291,1.00,1.00
2015.09.28 02:34:16.260,1.2289,1.2291,1.00,1.00
2015.09.28 02:34:16.984,1.22888,1.2291,1.00,1.00
2015.09.28 02:34:17.041,1.22886,1.2291,1.50,1.00
2015.09.28 02:34:17.773,1.22886,1.2291,1.50,1.00
2015.09.28 02:34:18.028,1.22883,1.22907,1.87,1.50
2015.09.28 02:34:18.565,1.22883,1.22907,1.50,2.50
2015.09.28 02:34:22.209,1.22887,1.22907,1.00,1.50
2015.09.28 02:34:22.519,1.22885,1.22907,1.00,1.00
2015.09.28 02:34:22.899,1.22883,1.22907,1.50,1.00
2015.09.28 02:34:22.951,1.22883,1.22908,1.00,1.50
2015.09.28 02:34:23.844,1.22884,1.22908,1.00,1.50
2015.09.28 02:34:24.352,1.22885,1.22908,1.00,1.00
2015.09.28 02:34:24.403,1.22885,1.22908,1.00,1.00
2015.09.28 02:34:25.183,1.22884,1.22908,1.50,1.00
2015.09.28 02:34:26.162,1.22884,1.22908,1.50,1.00
2015.09.28 02:34:26.482,1.22883,1.22908,1.00,1.00
2015.09.28 02:34:27.920,1.22883,1.22908,1.00,1.00
2015.09.28 02:34:28.846,1.22882,1.22908,1.12,1.00
2015.09.28 02:34:29.836,1.22889,1.2291,1.00,1.50
2015.09.28 02:34:30.045,1.22887,1.2291,1.50,1.00
2015.09.28 02:34:31.291,1.22887,1.2291,1.30,3.00
2015.09.28 02:34:31.343,1.2288,1.22906,2.62,1.50
2015.09.28 02:34:34.610,1.22881,1.22903,1.37,1.50
2015.09.28 02:34:35.282,1.22881,1.22903,1.87,1.00
2015.09.28 02:34:35.980,1.22882,1.22904,3.37,1.00
2015.09.28 02:34:36.488,1.22882,1.22904,1.87,1.00
2015.09.28 02:34:37.791,1.22882,1.22905,1.87,1.00
2015.09.28 02:34:38.379,1.22882,1.22905,1.87,1.00
2015.09.28 02:34:38.484,1.22882,1.22905,2.62,1.00
2015.09.28 02:34:40.587,1.22882,1.22905,2.62,1.00
2015.09.28 02:34:41.088,1.22882,1.22905,2.62,1.00
2015.09.28 02:34:42.700,1.22882,1.22905,2.62,1.00
2015.09.28 02:34:43.674,1.22883,1.22905,1.12,1.00
2015.09.28 02:34:45.559,1.22885,1.22905,1.00,1.00
2015.09.28 02:34:45.916,1.22886,1.22907,1.00,1.00
2015.09.28 02:34:46.301,1.22884,1.22907,1.00,1.00
2015.09.28 02:34:47.142,1.22883,1.22907,1.12,1.00
2015.09.28 02:34:47.648,1.22882,1.22907,1.12,1.00
2015.09.28 02:34:50.551,1.22881,1.22908,1.37,3.97
2015.09.28 02:34:51.225,1.22883,1.22908,1.12,2.85
2015.09.28 02:34:56.277,1.22886,1.22908,1.35,2.25
2015.09.28 02:34:57.356,1.22886,1.22909,1.35,2.25
2015.09.28 02:34:57.677,1.2289,1.22913,1.00,2.25
2015.09.28 02:34:58.187,1.2289,1.22913,1.00,1.12
2015.09.28 02:34:59.234,1.22889,1.22913,1.87,1.12
2015.09.28 02:35:00.925,1.22887,1.22913,1.72,2.87
2015.09.28 02:35:01.611,1.22886,1.22912,1.37,2.25
2015.09.28 02:35:01.663,1.22885,1.22911,1.00,1.87
2015.09.28 02:35:02.211,1.22884,1.2291,1.12,1.87
2015.09.28 02:35:03.812,1.22884,1.22907,1.00,1.12
2015.09.28 02:35:04.117,1.22886,1.22908,1.37,1.00
2015.09.28 02:35:05.925,1.22887,1.22908,1.12,1.00
2015.09.28 02:35:07.168,1.22887,1.22908,1.12,1.00
2015.09.28 02:35:07.379,1.22888,1.2291,1.87,1.00
2015.09.28 02:35:08.180,1.2289,1.2291,1.00,1.00
2015.09.28 02:35:08.752,1.22891,1.22911,1.00,1.00
2015.09.28 02:35:08.955,1.22889,1.22913,1.12,1.12
2015.09.28 02:35:10.968,1.2289,1.22913,1.00,1.00
2015.09.28 02:35:11.575,1.22889,1.22913,1.12,1.00
2015.09.28 02:35:12.287,1.22889,1.22913,1.12,1.00
2015.09.28 02:35:12.895,1.2289,1.22913,1.00,1.00
2015.09.28 02:35:13.886,1.22889,1.22913,1.12,1.00
2015.09.28 02:35:15.620,1.2289,1.22913,1.00,1.00
2015.09.28 02:35:16.245,1.2289,1.22913,1.00,1.00
2015.09.28 02:35:17.190,1.22888,1.22913,2.62,1.00
2015.09.28 02:35:19.591,1.22888,1.22913,1.87,1.00
2015.09.28 02:35:24.479,1.22888,1.22913,1.87,1.00
2015.09.28 02:35:24.835,1.22885,1.22911,1.50,1.12
2015.09.28 02:35:31.397,1.22885,1.2291,1.37,1.12
2015.09.28 02:35:31.654,1.22882,1.22908,1.87,1.87
2015.09.28 02:35:32.206,1.22884,1.22906,1.00,1.12
2015.09.28 02:35:32.258,1.22884,1.22907,1.87,1.00
2015.09.28 02:35:32.798,1.22881,1.22904,1.12,1.50
2015.09.28 02:35:35.327,1.22879,1.22904,1.87,2.25
2015.09.28 02:35:36.726,1.22879,1.22904,1.87,2.50
2015.09.28 02:35:49.412,1.2288,1.22904,1.12,4.00
2015.09.28 02:35:50.739,1.2288,1.22904,1.12,2.50
2015.09.28 02:35:57.465,1.2288,1.22904,1.87,1.00
2015.09.28 02:35:58.918,1.22881,1.22906,1.12,1.50
2015.09.28 02:35:58.970,1.22882,1.22906,1.37,1.00
2015.09.28 02:35:59.479,1.22884,1.22907,1.12,1.00
2015.09.28 02:35:59.786,1.22883,1.22906,1.12,1.50
2015.09.28 02:36:00.450,1.22882,1.22906,1.12,2.87
2015.09.28 02:36:04.358,1.22881,1.22906,2.62,1.50
2015.09.28 02:36:15.019,1.22882,1.22906,1.37,1.00
2015.09.28 02:36:15.832,1.22882,1.22907,1.37,2.25
2015.09.28 02:36:21.538,1.22882,1.22907,1.12,1.87
2015.09.28 02:36:24.846,1.22882,1.22907,1.00,2.12
2015.09.28 02:36:24.947,1.22882,1.22907,1.00,2.12
2015.09.28 02:36:25.252,1.22879,1.22904,3.37,1.00
2015.09.28 02:36:25.303,1.22881,1.22905,1.12,1.87
2015.09.28 02:36:25.805,1.22881,1.22905,1.87,1.00
2015.09.28 02:36:26.345,1.22882,1.22906,1.87,1.50
2015.09.28 02:36:28.083,1.22882,1.22906,1.12,1.37
2015.09.28 02:36:29.377,1.22881,1.22906,1.87,3.62
2015.09.28 02:36:30.073,1.22881,1.22906,1.50,3.62
2015.09.28 02:36:30.227,1.22881,1.22904,1.00,1.50
2015.09.28 02:36:30.747,1.22879,1.22904,2.62,3.62
2015.09.28 02:36:33.706,1.22879,1.22903,1.87,1.12
2015.09.28 02:36:34.393,1.22877,1.22903,1.87,3.37
2015.09.28 02:36:35.861,1.22877,1.22902,1.12,2.25
2015.09.28 02:36:36.402,1.22876,1.22902,1.87,4.37
2015.09.28 02:36:38.832,1.22875,1.22901,1.37,1.50
2015.09.28 02:36:39.524,1.22877,1.22901,1.00,1.00
2015.09.28 02:36:40.184,1.22877,1.22901,1.12,1.00
2015.09.28 02:36:40.489,1.2288,1.22902,1.87,1.00
2015.09.28 02:36:41.013,1.22882,1.22905,1.00,1.00
2015.09.28 02:36:41.115,1.22884,1.22906,1.00,1.50
2015.09.28 02:36:41.628,1.22883,1.22907,1.00,1.50
2015.09.28 02:36:42.034,1.22883,1.22907,1.00,1.87
2015.09.28 02:36:43.379,1.22882,1.22906,1.00,1.50
2015.09.28 02:36:43.685,1.22881,1.22905,1.00,3.00
2015.09.28 02:36:44.194,1.22883,1.22905,1.00,2.62
2015.09.28 02:36:48.267,1.22884,1.22905,1.00,1.50
2015.09.28 02:36:48.999,1.22884,1.22906,1.00,1.50
2015.09.28 02:36:49.697,1.22886,1.22906,1.00,1.50
2015.09.28 02:36:50.004,1.22888,1.22906,1.00,1.00
2015.09.28 02:36:50.058,1.22879,1.22905,2.25,1.50
2015.09.28 02:36:50.637,1.22873,1.22901,1.00,2.25
2015.09.28 02:36:50.942,1.22873,1.22897,1.00,2.25
2015.09.28 02:36:53.666,1.22872,1.22897,1.00,3.62
2015.09.28 02:36:57.637,1.2287,1.22896,1.87,1.87
2015.09.28 02:36:58.225,1.22872,1.22896,1.37,1.00
2015.09.28 02:36:58.327,1.22875,1.22897,1.00,1.00
2015.09.28 02:36:58.379,1.22875,1.22899,1.50,1.50
2015.09.28 02:36:59.103,1.22876,1.229,1.00,1.12
2015.09.28 02:36:59.523,1.22875,1.229,1.00,3.62
2015.09.28 02:36:59.777,1.22875,1.229,1.00,4.50
2015.09.28 02:37:00.747,1.22876,1.229,1.00,3.25
2015.09.28 02:37:00.799,1.22876,1.229,1.00,3.25
2015.09.28 02:37:01.177,1.22876,1.22899,1.00,1.00
2015.09.28 02:37:01.786,1.22876,1.22897,1.00,1.00
2015.09.28 02:37:02.728,1.22875,1.22897,1.00,1.00
2015.09.28 02:37:03.066,1.22873,1.22897,1.00,1.00
2015.09.28 02:37:03.572,1.22873,1.22896,1.00,1.00
2015.09.28 02:37:04.539,1.22872,1.22896,1.00,1.00
2015.09.28 02:37:04.853,1.22873,1.22894,1.00,1.00
2015.09.28 02:37:05.371,1.22872,1.22894,1.00,1.00
2015.09.28 02:37:05.575,1.2287,1.22894,1.00,1.00
2015.09.28 02:37:06.558,1.2287,1.22894,1.00,3.25
2015.09.28 02:37:09.296,1.22869,1.22894,1.87,2.50
2015.09.28 02:37:10.981,1.2287,1.22894,1.00,2.50
2015.09.28 02:37:12.185,1.2287,1.22893,1.50,1.00
2015.09.28 02:37:12.814,1.2287,1.22892,1.00,1.00
2015.09.28 02:37:13.019,1.22871,1.22892,1.00,1.00
2015.09.28 02:37:13.732,1.22873,1.22892,1.50,1.00
2015.09.28 02:37:13.834,1.22873,1.22892,1.50,1.00
2015.09.28 02:37:14.368,1.22872,1.22892,1.00,1.00
2015.09.28 02:37:14.876,1.22873,1.22892,1.00,1.00
2015.09.28 02:37:15.694,1.22873,1.22892,1.00,1.00
2015.09.28 02:37:16.999,1.22873,1.22892,1.50,1.00
2015.09.28 02:37:18.001,1.22872,1.22892,1.00,1.00
2015.09.28 02:37:18.647,1.22872,1.22892,1.00,1.00
2015.09.28 02:37:22.934,1.22871,1.22892,1.00,1.00
2015.09.28 02:37:23.535,1.22871,1.22892,1.00,1.00
2015.09.28 02:37:25.326,1.22871,1.22892,1.00,1.00
2015.09.28 02:37:25.982,1.2287,1.22892,1.12,1.00
2015.09.28 02:37:26.582,1.2287,1.22895,1.12,2.62
2015.09.28 02:37:29.068,1.2287,1.22893,1.12,1.00
2015.09.28 02:37:29.171,1.22873,1.22893,1.00,1.00
2015.09.28 02:37:29.838,1.22873,1.22893,1.00,1.00
2015.09.28 02:37:29.889,1.22871,1.22893,1.50,1.00
2015.09.28 02:37:30.226,1.22873,1.22893,1.00,1.00
2015.09.28 02:37:30.765,1.22872,1.22896,1.00,1.37
2015.09.28 02:37:31.631,1.22871,1.22894,1.50,1.00
2015.09.28 02:37:32.275,1.22871,1.22893,1.00,1.00
2015.09.28 02:37:33.199,1.22869,1.22893,1.87,1.00
2015.09.28 02:37:33.847,1.22869,1.22892,1.87,1.00
2015.09.28 02:37:34.804,1.2287,1.22892,1.00,1.00
2015.09.28 02:37:35.377,1.22871,1.22891,1.00,1.00
2015.09.28 02:37:35.706,1.22869,1.22891,1.12,1.00
2015.09.28 02:37:36.420,1.2287,1.22891,1.00,1.00
2015.09.28 02:37:36.977,1.22869,1.22891,1.12,1.00
2015.09.28 02:37:37.137,1.22871,1.22891,1.00,1.00
2015.09.28 02:37:37.442,1.22869,1.22891,1.00,1.00
2015.09.28 02:37:38.261,1.22869,1.22891,1.00,1.00
2015.09.28 02:37:38.740,1.2287,1.22891,1.00,1.00
2015.09.28 02:37:40.642,1.22869,1.22891,1.50,1.00
2015.09.28 02:37:40.925,1.22871,1.22891,1.00,1.00
2015.09.28 02:37:41.233,1.22871,1.22891,1.00,1.00
2015.09.28 02:37:43.075,1.22872,1.22891,1.00,1.00
2015.09.28 02:37:43.984,1.22871,1.22891,1.50,1.00
2015.09.28 02:37:44.684,1.22872,1.22891,1.00,1.00
2015.09.28 02:37:45.405,1.22871,1.22891,1.00,1.00
2015.09.28 02:37:47.954,1.22871,1.22891,1.00,1.00
2015.09.28 02:37:48.618,1.22871,1.22891,1.37,1.12
2015.09.28 02:37:50.688,1.22868,1.22891,1.12,1.00
2015.09.28 02:37:51.618,1.22867,1.22891,2.62,1.12
2015.09.28 02:37:51.999,1.22867,1.22891,2.62,1.00
2015.09.28 02:37:52.304,1.22867,1.22892,2.62,1.75
2015.09.28 02:38:04.507,1.22871,1.2289,1.00,2.25
2015.09.28 02:38:05.117,1.22866,1.2289,1.50,4.12
2015.09.28 02:38:26.236,1.22866,1.22888,1.37,1.87
2015.09.28 02:38:26.542,1.22864,1.22888,1.37,4.37
2015.09.28 02:38:43.558,1.22865,1.22887,1.50,1.12
2015.09.28 02:38:58.216,1.22865,1.22887,1.37,1.50
2015.09.28 02:39:14.056,1.22866,1.22887,1.00,1.00
2015.09.28 02:39:19.121,1.2287,1.22887,1.00,1.00
2015.09.28 02:39:19.585,1.22872,1.22888,1.00,1.50
2015.09.28 02:39:23.876,1.22871,1.22888,1.50,1.00
2015.09.28 02:39:25.099,1.2287,1.22888,1.87,1.00
2015.09.28 02:39:29.628,1.22871,1.22888,1.00,1.00
2015.09.28 02:39:30.214,1.2287,1.22888,1.87,1.00
2015.09.28 02:39:30.736,1.22871,1.22888,1.00,1.00
2015.09.28 02:39:32.423,1.2287,1.22888,1.87,1.00
2015.09.28 02:39:34.833,1.22871,1.22888,1.00,1.00
2015.09.28 02:39:35.379,1.22871,1.22888,1.12,1.00
2015.09.28 02:39:36.825,1.22871,1.22888,1.12,1.00
2015.09.28 02:39:38.188,1.22871,1.22889,1.87,1.00
2015.09.28 02:39:41.146,1.22873,1.22889,1.00,1.00
2015.09.28 02:39:41.453,1.22874,1.22889,1.12,1.00
2015.09.28 02:39:42.048,1.22874,1.22892,1.87,1.00
2015.09.28 02:39:44.939,1.22871,1.22892,1.87,1.00
2015.09.28 02:39:45.440,1.22869,1.22892,3.00,1.00
2015.09.28 02:39:48.342,1.22869,1.22892,3.00,1.00
2015.09.28 02:39:53.067,1.22871,1.22892,1.12,1.00
2015.09.28 02:39:55.025,1.2287,1.22892,1.50,1.50
2015.09.28 02:40:12.257,1.22867,1.22892,1.75,1.75
2015.09.28 02:40:18.510,1.22869,1.22892,1.75,2.49
2015.09.28 02:40:18.562,1.22869,1.22892,1.75,2.50
2015.09.28 02:40:19.536,1.22869,1.22892,2.25,2.50
2015.09.28 02:40:19.842,1.22869,1.2289,1.00,2.62
2015.09.28 02:40:20.476,1.22866,1.22888,1.00,2.50
2015.09.28 02:40:30.611,1.22864,1.22888,1.00,3.25
2015.09.28 02:40:31.132,1.22862,1.22886,3.00,1.50
2015.09.28 02:40:32.025,1.22863,1.22886,1.00,1.50
2015.09.28 02:40:33.422,1.22862,1.22886,3.00,1.50
2015.09.28 02:40:33.532,1.22864,1.22884,1.00,1.00
2015.09.28 02:40:34.033,1.22862,1.22884,3.00,1.00
2015.09.28 02:40:35.447,1.22862,1.22884,3.00,1.12
2015.09.28 02:40:37.035,1.22863,1.22884,1.75,1.00
2015.09.28 02:40:37.392,1.22865,1.22884,1.12,1.00
2015.09.28 02:40:37.545,1.22869,1.22884,1.00,1.00
2015.09.28 02:40:38.314,1.22866,1.22885,1.87,1.00
2015.09.28 02:40:38.624,1.22866,1.22885,1.12,1.00
2015.09.28 02:40:39.134,1.22866,1.22885,1.12,1.00
2015.09.28 02:40:39.684,1.22867,1.22885,2.25,1.00
2015.09.28 02:40:39.836,1.22867,1.22885,1.75,1.00
2015.09.28 02:40:43.490,1.22867,1.22885,1.75,1.00
2015.09.28 02:40:43.592,1.22867,1.22885,1.50,1.00
2015.09.28 02:40:43.745,1.22868,1.2289,1.37,3.37
2015.09.28 02:40:44.957,1.2287,1.2289,1.00,1.75
2015.09.28 02:40:45.213,1.2287,1.2289,2.25,1.50
2015.09.28 02:40:45.264,1.22871,1.2289,1.37,1.12
2015.09.28 02:40:45.696,1.22872,1.2289,1.12,1.00
2015.09.28 02:40:45.873,1.22872,1.2289,1.12,1.12
2015.09.28 02:40:47.148,1.22871,1.2289,1.87,1.00
2015.09.28 02:40:48.186,1.22871,1.2289,1.87,1.00
2015.09.28 02:40:49.452,1.22871,1.2289,1.87,1.00
2015.09.28 02:40:50.001,1.22871,1.2289,1.87,1.00
2015.09.28 02:40:54.276,1.22869,1.2289,1.75,1.00
2015.09.28 02:40:54.481,1.22868,1.2289,1.75,1.50
2015.09.28 02:40:54.980,1.22868,1.2289,1.37,2.62
2015.09.28 02:40:55.032,1.22866,1.2289,2.25,3.37
2015.09.28 02:40:55.964,1.22864,1.22886,1.75,1.12
2015.09.28 02:40:56.015,1.22863,1.22886,2.25,3.62
2015.09.28 02:40:57.984,1.22861,1.22884,1.75,1.87
2015.09.28 02:40:58.515,1.22862,1.22884,1.75,2.12
2015.09.28 02:41:00.000,1.22862,1.22884,1.75,2.12
2015.09.28 02:41:00.519,1.22861,1.22884,1.75,2.12
2015.09.28 02:41:05.204,1.22861,1.22883,2.25,2.12
2015.09.28 02:41:07.213,1.22861,1.22883,2.25,2.12
2015.09.28 02:41:08.516,1.22865,1.22887,1.12,1.75
2015.09.28 02:41:12.782,1.22863,1.22885,1.00,1.12
2015.09.28 02:41:15.048,1.22864,1.22885,1.00,1.00
2015.09.28 02:41:15.354,1.22866,1.22885,1.00,1.00
2015.09.28 02:41:16.130,1.22867,1.22885,1.00,1.00
2015.09.28 02:41:16.384,1.22865,1.22885,1.87,1.00
2015.09.28 02:41:16.435,1.22865,1.22885,2.62,1.00
2015.09.28 02:41:16.742,1.22861,1.22885,1.75,1.87
2015.09.28 02:41:17.639,1.22864,1.22885,1.00,1.75
2015.09.28 02:41:18.956,1.22863,1.22885,1.12,1.75
2015.09.28 02:41:20.340,1.22858,1.22882,2.25,1.87
2015.09.28 02:41:24.580,1.22859,1.22879,1.50,1.00
2015.09.28 02:41:24.744,1.22859,1.22879,1.50,1.12
2015.09.28 02:41:25.571,1.22859,1.22879,1.50,1.12
2015.09.28 02:41:25.673,1.22861,1.2288,3.00,1.50
2015.09.28 02:41:26.425,1.22867,1.22883,1.00,1.37
2015.09.28 02:41:26.477,1.22867,1.22884,1.00,1.12
2015.09.28 02:41:26.992,1.22865,1.22884,1.37,1.00
2015.09.28 02:41:30.553,1.22865,1.22885,1.50,1.12
2015.09.28 02:41:31.102,1.22865,1.22885,1.50,1.12
2015.09.28 02:41:34.166,1.22868,1.22885,1.00,1.12
2015.09.28 02:41:34.268,1.22866,1.22885,1.12,1.12
2015.09.28 02:41:35.390,1.22865,1.22885,1.37,1.12
2015.09.28 02:41:35.596,1.22865,1.22885,1.87,1.00
2015.09.28 02:41:43.283,1.22864,1.22885,1.87,1.00
2015.09.28 02:41:47.532,1.22866,1.22885,1.00,1.00
2015.09.28 02:41:53.624,1.22866,1.22885,1.00,1.00
2015.09.28 02:41:58.421,1.22863,1.22885,2.62,1.12
2015.09.28 02:42:00.647,1.22863,1.22885,1.87,1.00
2015.09.28 02:42:03.947,1.22864,1.22885,2.62,1.12
2015.09.28 02:42:06.382,1.22863,1.22885,1.87,1.00
2015.09.28 02:42:10.569,1.22867,1.22885,1.00,1.12
2015.09.28 02:42:11.275,1.22865,1.22885,1.12,1.00
2015.09.28 02:42:12.187,1.22865,1.22885,1.12,1.00
2015.09.28 02:42:16.231,1.22863,1.22885,1.87,1.00
2015.09.28 02:42:18.141,1.22863,1.22885,1.87,1.00
2015.09.28 02:42:21.113,1.22863,1.22885,1.87,1.00
2015.09.28 02:42:22.271,1.22866,1.22885,1.37,1.00
2015.09.28 02:42:22.576,1.22866,1.22885,1.50,1.00
2015.09.28 02:42:24.195,1.22865,1.22885,1.75,1.00
2015.09.28 02:42:24.562,1.22862,1.22885,2.62,1.00
2015.09.28 02:42:25.951,1.22862,1.22885,2.62,1.00
2015.09.28 02:42:27.253,1.22862,1.22885,1.87,1.00
2015.09.28 02:42:30.761,1.22863,1.22885,1.75,1.00
2015.09.28 02:42:31.066,1.22864,1.22885,1.37,1.50
2015.09.28 02:42:38.569,1.22868,1.22887,1.00,1.75
2015.09.28 02:42:39.073,1.22866,1.22887,2.25,1.75
2015.09.28 02:42:43.085,1.22872,1.22888,1.00,1.87
2015.09.28 02:42:43.390,1.22871,1.2289,1.75,1.00
2015.09.28 02:42:43.492,1.22873,1.22891,1.00,1.75
2015.09.28 02:42:43.543,1.22876,1.22891,1.00,1.75
2015.09.28 02:42:44.102,1.22874,1.22891,1.87,1.37
2015.09.28 02:42:44.609,1.22877,1.22891,1.00,1.00
2015.09.28 02:42:45.120,1.22877,1.22891,1.00,1.00
2015.09.28 02:42:50.809,1.22877,1.22893,1.00,1.00
2015.09.28 02:42:51.421,1.22877,1.22893,1.00,1.00
2015.09.28 02:42:52.598,1.22877,1.22893,1.00,1.00
2015.09.28 02:42:54.904,1.22877,1.22893,1.00,1.00
2015.09.28 02:42:56.816,1.22877,1.22893,1.00,1.00
2015.09.28 02:42:57.359,1.22873,1.22893,1.00,1.00
2015.09.28 02:42:59.623,1.22873,1.22893,1.00,1.00
2015.09.28 02:42:59.980,1.22876,1.22893,1.12,1.00
2015.09.28 02:43:00.285,1.22875,1.22893,1.12,1.00
2015.09.28 02:43:00.590,1.22874,1.22893,1.50,1.75
2015.09.28 02:43:01.635,1.22874,1.22893,1.50,2.12
2015.09.28 02:43:02.242,1.22875,1.22893,1.12,1.00
2015.09.28 02:43:02.345,1.22876,1.22893,1.00,1.50
2015.09.28 02:43:02.397,1.22878,1.22893,1.00,1.50
2015.09.28 02:43:03.664,1.22882,1.22902,1.75,1.37
2015.09.28 02:43:05.014,1.22879,1.22903,1.75,1.75
2015.09.28 02:43:06.714,1.22877,1.22901,2.25,2.62
2015.09.28 02:43:07.107,1.22877,1.22901,1.50,3.37
2015.09.28 02:43:08.068,1.22877,1.22898,1.50,1.12
2015.09.28 02:43:09.294,1.22877,1.22898,1.50,2.12
2015.09.28 02:43:11.823,1.22874,1.22897,1.37,1.12
2015.09.28 02:43:28.561,1.2287,1.22894,2.62,1.12
2015.09.28 02:43:29.986,1.2287,1.2289,1.00,1.87
2015.09.28 02:43:30.038,1.22865,1.2289,1.12,4.37
2015.09.28 02:43:30.623,1.22865,1.22889,1.12,1.50
2015.09.28 02:43:35.557,1.22871,1.22889,1.00,3.25
2015.09.28 02:43:35.660,1.22873,1.22889,1.12,1.00
2015.09.28 02:43:35.711,1.22873,1.22891,1.12,1.87
2015.09.28 02:43:36.565,1.22866,1.22891,1.75,3.25
2015.09.28 02:43:37.782,1.22867,1.22891,1.75,1.50
2015.09.28 02:43:37.833,1.22868,1.22891,1.75,2.24
2015.09.28 02:43:38.713,1.22868,1.22891,2.25,1.37
2015.09.28 02:43:38.765,1.22868,1.22888,1.75,1.12
2015.09.28 02:43:40.773,1.22868,1.22888,1.75,1.00
2015.09.28 02:43:41.526,1.22868,1.22888,1.87,1.00
2015.09.28 02:43:43.953,1.22868,1.22887,1.87,1.00
2015.09.28 02:43:44.055,1.2287,1.22887,1.12,1.00
2015.09.28 02:43:44.157,1.22871,1.22887,1.12,1.00
2015.09.28 02:43:44.260,1.22871,1.22893,1.12,1.75
2015.09.28 02:43:46.744,1.22868,1.2289,1.75,3.75
2015.09.28 02:43:47.757,1.22868,1.22888,1.75,1.12
2015.09.28 02:43:49.262,1.22868,1.22888,1.75,1.12
2015.09.28 02:43:50.174,1.22868,1.22888,1.37,1.50
2015.09.28 02:43:52.899,1.22864,1.22886,1.12,1.87
2015.09.28 02:43:53.664,1.22864,1.22886,1.12,2.12
2015.09.28 02:43:54.858,1.22863,1.22886,1.12,1.00
2015.09.28 02:43:56.066,1.22863,1.22886,1.12,1.00
2015.09.28 02:44:02.261,1.22863,1.22886,1.12,1.12
2015.09.28 02:44:02.924,1.22863,1.22886,1.12,1.00
2015.09.28 02:44:05.008,1.22863,1.22886,1.12,1.37
2015.09.28 02:44:05.060,1.22862,1.22886,1.87,1.75
2015.09.28 02:44:32.733,1.22861,1.22885,1.75,1.87
2015.09.28 02:44:34.242,1.2286,1.22883,1.12,1.87
2015.09.28 02:44:34.548,1.22864,1.22883,1.12,2.50
2015.09.28 02:44:35.738,1.22863,1.22883,1.12,2.50
2015.09.28 02:44:36.325,1.22863,1.22883,1.12,2.50
2015.09.28 02:44:36.633,1.22865,1.22883,1.75,1.00
2015.09.28 02:44:37.328,1.22865,1.22883,1.87,1.00
2015.09.28 02:44:38.678,1.22864,1.22883,1.87,1.00
2015.09.28 02:44:53.471,1.22868,1.22883,1.00,1.00
2015.09.28 02:44:54.716,1.22868,1.22883,1.00,1.00
2015.09.28 02:44:54.869,1.22864,1.22882,1.00,1.00
2015.09.28 02:44:55.705,1.22864,1.22882,1.00,1.00
2015.09.28 02:44:57.596,1.22862,1.22882,1.12,2.12
2015.09.28 02:44:59.020,1.22863,1.22882,1.12,2.12
2015.09.28 02:44:59.223,1.22864,1.22882,1.50,1.00
2015.09.28 02:44:59.731,1.22866,1.22882,1.12,1.00
2015.09.28 02:45:06.963,1.22863,1.22882,2.62,1.00
2015.09.28 02:45:14.602,1.22858,1.22879,1.12,1.12
2015.09.28 02:45:15.653,1.22858,1.22879,1.12,2.12
2015.09.28 02:45:19.409,1.22858,1.22879,1.12,2.50
2015.09.28 02:45:19.614,1.22854,1.22876,1.12,1.50
2015.09.28 02:45:21.797,1.22853,1.22875,1.87,1.87
2015.09.28 02:45:30.848,1.22852,1.22874,1.00,1.12
2015.09.28 02:45:43.051,1.22852,1.22873,1.37,1.50
2015.09.28 02:45:45.332,1.22856,1.22873,1.00,1.00
2015.09.28 02:45:45.383,1.22854,1.22873,1.12,1.00
2015.09.28 02:45:45.434,1.22854,1.22873,1.12,1.00
2015.09.28 02:45:46.801,1.22858,1.22873,1.00,1.00
2015.09.28 02:45:46.855,1.22858,1.22876,1.50,1.12
2015.09.28 02:45:49.599,1.22854,1.22876,1.12,2.12
2015.09.28 02:45:49.650,1.22854,1.22876,1.37,2.50
2015.09.28 02:45:50.195,1.22854,1.22876,1.37,2.50
2015.09.28 02:45:50.373,1.22854,1.22876,1.00,2.50
2015.09.28 02:45:58.280,1.22854,1.22876,1.37,1.00
2015.09.28 02:45:58.383,1.22854,1.22876,1.50,2.12
2015.09.28 02:45:58.486,1.22855,1.22876,1.37,1.00
2015.09.28 02:45:59.022,1.22854,1.22876,1.00,1.00
2015.09.28 02:46:02.023,1.22853,1.22876,1.37,1.12
2015.09.28 02:46:02.085,1.22852,1.22876,1.00,2.62
2015.09.28 02:46:07.395,1.22851,1.22875,1.12,1.50
2015.09.28 02:46:18.168,1.2285,1.22874,1.75,1.50
2015.09.28 02:46:19.267,1.2285,1.22874,1.75,2.87
2015.09.28 02:46:22.222,1.22849,1.22874,1.75,3.74
2015.09.28 02:46:22.326,1.22847,1.22871,1.00,2.24
2015.09.28 02:46:22.874,1.22845,1.2287,1.37,1.50
2015.09.28 02:46:24.299,1.22846,1.2287,2.25,1.75
2015.09.28 02:46:24.605,1.22851,1.22872,1.37,2.25
2015.09.28 02:46:30.471,1.22854,1.22874,1.00,1.12
2015.09.28 02:46:30.625,1.22856,1.22878,1.12,2.25
2015.09.28 02:46:31.134,1.22856,1.22878,1.50,2.25
2015.09.28 02:46:36.794,1.22853,1.22876,1.00,1.50
2015.09.28 02:46:53.711,1.2285,1.22875,1.87,2.25
2015.09.28 02:46:56.823,1.2285,1.22874,1.87,1.50
2015.09.28 02:46:57.353,1.22855,1.22876,1.37,1.87
2015.09.28 02:47:08.365,1.22855,1.22877,1.12,1.75
2015.09.28 02:47:08.890,1.22859,1.22877,1.12,1.00
2015.09.28 02:47:22.401,1.22859,1.22877,1.00,1.37
2015.09.28 02:47:22.503,1.22854,1.22877,1.12,2.62
2015.09.28 02:47:22.555,1.22856,1.22877,1.00,2.62
2015.09.28 02:47:22.607,1.22853,1.22876,1.50,1.50
2015.09.28 02:47:31.142,1.22853,1.22877,2.62,1.75
2015.09.28 02:47:31.447,1.22857,1.22879,1.12,1.87
2015.09.28 02:47:36.688,1.22853,1.22876,1.50,1.12
2015.09.28 02:47:36.739,1.22853,1.22876,1.50,3.62
2015.09.28 02:47:37.146,1.22854,1.22878,1.50,1.75
2015.09.28 02:47:37.668,1.22854,1.22878,1.50,1.12
2015.09.28 02:47:37.838,1.22855,1.22878,1.12,1.87
2015.09.28 02:47:50.803,1.22853,1.22876,1.87,2.25
2015.09.28 02:47:50.905,1.22851,1.22876,1.87,4.12
2015.09.28 02:47:55.583,1.22852,1.22873,1.00,1.50
2015.09.28 02:47:56.145,1.22849,1.22873,1.12,2.62
2015.09.28 02:48:08.839,1.22848,1.22873,2.25,1.12
2015.09.28 02:48:09.362,1.22848,1.22872,2.25,1.50
2015.09.28 02:48:12.187,1.22848,1.22872,2.25,2.87
2015.09.28 02:48:12.341,1.22851,1.22873,1.75,2.25
2015.09.28 02:48:12.787,1.22856,1.22875,1.50,1.75
2015.09.28 02:48:12.838,1.22856,1.22878,2.62,1.75
2015.09.28 02:48:13.784,1.22858,1.22878,1.00,1.75
2015.09.28 02:48:20.177,1.22857,1.22879,1.12,1.75
2015.09.28 02:48:20.466,1.22859,1.22879,1.00,1.75
2015.09.28 02:48:27.851,1.2286,1.22879,1.00,1.75
2015.09.28 02:48:28.412,1.2286,1.22881,1.12,2.25
2015.09.28 02:48:28.463,1.2286,1.22881,1.50,2.50
2015.09.28 02:48:31.305,1.2286,1.22881,1.87,1.00
2015.09.28 02:48:31.509,1.22865,1.22886,1.00,2.25
2015.09.28 02:48:32.249,1.22869,1.22888,2.25,1.50
2015.09.28 02:48:32.300,1.22869,1.22893,2.62,2.25
2015.09.28 02:48:32.832,1.2287,1.22893,1.00,1.75
2015.09.28 02:48:33.339,1.2287,1.22893,1.87,1.75
2015.09.28 02:48:33.897,1.2287,1.22893,1.12,1.75
2015.09.28 02:48:34.438,1.22871,1.22893,1.00,1.75
2015.09.28 02:48:34.988,1.2287,1.22893,2.62,1.50
2015.09.28 02:48:39.600,1.2287,1.22893,1.12,3.37
2015.09.28 02:48:39.804,1.22865,1.2289,1.75,1.50
2015.09.28 02:48:41.550,1.22866,1.2289,2.62,1.75
2015.09.28 02:48:42.854,1.22869,1.2289,1.00,3.25
2015.09.28 02:48:43.456,1.22868,1.2289,1.12,3.25
2015.09.28 02:48:44.295,1.22868,1.22889,1.12,1.00
2015.09.28 02:48:44.809,1.22866,1.22889,1.87,1.12
2015.09.28 02:48:45.317,1.22866,1.22889,1.37,2.99
2015.09.28 02:48:58.242,1.22866,1.22889,1.37,2.62
2015.09.28 02:49:13.482,1.22865,1.22887,1.37,1.12
2015.09.28 02:49:18.040,1.22865,1.22887,1.87,2.12
2015.09.28 02:49:19.555,1.22865,1.22887,1.12,1.37
2015.09.28 02:49:24.285,1.22868,1.22887,1.00,1.37
2015.09.28 02:49:33.340,1.22867,1.22887,1.12,1.37
2015.09.28 02:49:33.392,1.22868,1.22887,1.12,1.00
2015.09.28 02:49:34.368,1.22868,1.22887,1.12,1.00
2015.09.28 02:49:35.183,1.22867,1.22887,1.87,1.50
2015.09.28 02:49:35.513,1.22867,1.22888,1.87,1.12
2015.09.28 02:49:35.815,1.22867,1.22888,1.12,1.00
2015.09.28 02:49:36.406,1.22867,1.22888,1.12,1.12
2015.09.28 02:49:40.624,1.22867,1.22888,1.12,1.00
2015.09.28 02:49:41.821,1.22867,1.22888,1.12,1.00
2015.09.28 02:49:42.886,1.22869,1.22888,1.37,1.00
2015.09.28 02:49:43.091,1.2287,1.22889,1.00,1.50
2015.09.28 02:49:44.027,1.22869,1.22889,1.50,1.00
2015.09.28 02:49:44.991,1.22869,1.22889,2.25,1.00
2015.09.28 02:49:47.434,1.2287,1.22889,1.12,1.12
2015.09.28 02:49:47.485,1.22873,1.22889,1.00,1.12
2015.09.28 02:49:50.790,1.22871,1.2289,1.50,3.00
2015.09.28 02:49:50.893,1.22869,1.22889,1.00,1.50
2015.09.28 02:49:52.883,1.22869,1.22888,1.00,1.50
2015.09.28 02:49:53.410,1.22869,1.22888,1.00,1.50
2015.09.28 02:49:58.196,1.22867,1.22888,1.87,1.50
2015.09.28 02:49:58.249,1.22867,1.22888,1.00,3.00
2015.09.28 02:50:01.919,1.22865,1.22888,1.87,3.00
2015.09.28 02:50:02.450,1.22866,1.22888,1.00,3.00
2015.09.28 02:50:03.179,1.22865,1.22886,1.87,2.62
2015.09.28 02:50:05.286,1.22866,1.22886,1.00,3.99
2015.09.28 02:50:12.597,1.22865,1.22886,1.12,3.97
2015.09.28 02:50:13.193,1.22867,1.22886,1.00,1.75
2015.09.28 02:50:13.943,1.22868,1.22886,1.00,1.50
2015.09.28 02:50:14.848,1.22868,1.22886,1.50,2.50
2015.09.28 02:50:15.651,1.22868,1.22886,1.50,1.75
2015.09.28 02:50:33.383,1.22868,1.22886,1.00,1.75
2015.09.28 02:50:35.344,1.22867,1.22886,1.50,1.75
2015.09.28 02:50:39.280,1.22866,1.22886,1.37,1.75
2015.09.28 02:50:39.331,1.22869,1.22888,1.12,1.75
2015.09.28 02:50:39.383,1.22869,1.2289,1.50,2.25
2015.09.28 02:50:39.434,1.2287,1.2289,1.75,1.37
2015.09.28 02:50:39.486,1.22874,1.22893,1.12,1.75
2015.09.28 02:50:56.812,1.22876,1.22895,1.00,1.75
2015.09.28 02:50:56.863,1.22875,1.22895,1.87,1.75
2015.09.28 02:51:13.095,1.22875,1.22895,1.87,1.75
2015.09.28 02:51:13.198,1.22879,1.22895,1.00,1.12
2015.09.28 02:51:13.300,1.22878,1.22895,1.12,1.12
2015.09.28 02:51:13.558,1.22882,1.229,1.37,1.00
2015.09.28 02:51:17.192,1.22882,1.229,1.37,1.00
2015.09.28 02:51:27.257,1.22882,1.229,1.87,1.00
2015.09.28 02:51:53.400,1.22881,1.22901,3.37,1.00
2015.09.28 02:52:30.169,1.22884,1.22906,4.12,1.75
2015.09.28 02:52:31.279,1.22886,1.22906,1.87,1.00
2015.09.28 02:52:31.643,1.22886,1.22906,1.37,1.00
2015.09.28 02:52:39.676,1.22886,1.22906,1.87,1.00
2015.09.28 02:52:49.123,1.22886,1.22907,1.12,1.75
2015.09.28 02:52:51.273,1.22884,1.22905,1.12,1.50
2015.09.28 02:52:51.520,1.22883,1.22905,1.37,2.62
2015.09.28 02:52:57.809,1.22883,1.22903,1.00,1.50
2015.09.28 02:52:59.778,1.22878,1.22898,1.00,1.50
2015.09.28 02:53:01.681,1.22878,1.22898,1.00,1.00
2015.09.28 02:53:01.938,1.22874,1.22898,2.25,1.75
2015.09.28 02:53:02.041,1.22875,1.22898,1.00,2.12
2015.09.28 02:53:13.847,1.22875,1.22897,1.37,1.50
2015.09.28 02:53:15.783,1.22875,1.22896,1.00,1.50
2015.09.28 02:53:18.031,1.2287,1.22893,1.75,1.50
2015.09.28 02:53:18.235,1.2287,1.22893,1.12,3.37
2015.09.28 02:53:20.273,1.22868,1.22893,1.75,2.87
2015.09.28 02:53:20.375,1.2287,1.22893,2.25,1.12
2015.09.28 02:53:21.140,1.22872,1.22892,1.75,1.12
2015.09.28 02:53:21.682,1.2287,1.22892,1.12,2.12
2015.09.28 02:53:24.395,1.22869,1.22892,1.12,2.12
2015.09.28 02:53:24.548,1.22873,1.22892,1.37,2.12
2015.09.28 02:53:25.415,1.22871,1.22892,1.12,1.87
2015.09.28 02:53:26.175,1.22873,1.22892,1.37,2.12
2015.09.28 02:53:26.277,1.22873,1.22892,1.37,1.87
2015.09.28 02:53:38.082,1.22873,1.22892,1.12,1.12
2015.09.28 02:53:41.332,1.22875,1.22892,1.00,1.00
2015.09.28 02:53:42.788,1.22875,1.22892,1.00,2.62
2015.09.28 02:53:42.891,1.22869,1.22891,1.75,1.12
2015.09.28 02:53:44.016,1.22869,1.22891,1.37,2.25
2015.09.28 02:53:44.068,1.22864,1.22887,1.50,1.00
2015.09.28 02:53:45.104,1.22865,1.22887,1.00,1.00
2015.09.28 02:53:45.685,1.22864,1.22887,1.00,3.25
2015.09.28 02:53:50.513,1.22865,1.22887,1.00,2.87
2015.09.28 02:53:51.039,1.22866,1.22886,1.00,1.50
2015.09.28 02:53:51.256,1.22864,1.22886,1.12,2.50
2015.09.28 02:53:53.514,1.22865,1.22886,1.00,2.50
2015.09.28 02:53:53.616,1.22865,1.22886,1.37,1.37
2015.09.28 02:53:53.719,1.22866,1.22886,1.75,1.12
2015.09.28 02:53:55.641,1.22862,1.22885,1.75,2.12
2015.09.28 02:53:55.794,1.22861,1.22885,1.12,3.25
2015.09.28 02:53:57.076,1.22863,1.22886,1.37,1.75
2015.09.28 02:53:58.313,1.22862,1.22885,1.75,3.25
2015.09.28 02:53:58.846,1.2286,1.22883,1.75,1.87
2015.09.28 02:54:10.954,1.22865,1.22886,1.00,1.75
2015.09.28 02:54:14.285,1.2286,1.22883,1.12,2.62
2015.09.28 02:54:14.489,1.2286,1.22883,1.12,2.62
2015.09.28 02:54:14.896,1.2286,1.22883,1.37,1.50
2015.09.28 02:54:14.947,1.2286,1.22883,1.37,1.75
2015.09.28 02:54:30.924,1.22859,1.22883,1.12,1.75
2015.09.28 02:54:31.437,1.22862,1.22881,1.00,3.00
2015.09.28 02:54:50.109,1.22861,1.22884,1.12,3.00
2015.09.28 02:54:50.746,1.22861,1.22884,1.12,3.00
2015.09.28 02:55:07.243,1.22863,1.22884,1.00,5.12
2015.09.28 02:55:23.185,1.22858,1.22884,1.87,4.37
2015.09.28 02:55:23.943,1.22862,1.22884,1.00,4.37
2015.09.28 02:55:44.185,1.2286,1.22884,1.12,3.25
2015.09.28 02:56:10.354,1.22861,1.22883,1.37,1.50
2015.09.28 02:56:40.407,1.22859,1.22883,1.87,2.25
2015.09.28 02:56:48.545,1.2286,1.22883,2.62,1.75
2015.09.28 02:56:54.023,1.22862,1.22883,1.00,1.75
2015.09.28 02:56:58.083,1.22862,1.22883,1.37,1.75
2015.09.28 02:56:58.134,1.22863,1.22883,1.00,1.00
2015.09.28 02:57:13.437,1.2286,1.22883,1.87,3.00
2015.09.28 02:57:14.182,1.22862,1.22882,1.00,1.50
2015.09.28 02:57:19.098,1.22862,1.22882,1.37,1.00
2015.09.28 02:57:26.113,1.22862,1.22882,1.12,1.00
2015.09.28 02:57:31.040,1.22862,1.22882,1.12,1.75
2015.09.28 02:57:53.394,1.22863,1.22882,1.00,1.37
2015.09.28 02:57:55.467,1.22861,1.22883,3.37,1.75
2015.09.28 02:57:55.570,1.22864,1.22883,1.12,1.12
2015.09.28 02:57:56.326,1.22866,1.22883,1.00,1.50
2015.09.28 02:57:56.380,1.22862,1.22883,1.87,1.00
2015.09.28 02:57:56.684,1.22863,1.22883,1.37,1.00
2015.09.28 02:57:57.200,1.22864,1.22883,1.37,1.00
2015.09.28 02:57:58.110,1.22866,1.22886,1.87,1.75
2015.09.28 02:57:58.618,1.22866,1.22888,2.62,1.75
2015.09.28 02:58:00.395,1.22867,1.22888,1.50,1.75
2015.09.28 02:58:10.651,1.22868,1.22889,1.50,1.75
2015.09.28 02:58:11.570,1.22868,1.22889,1.00,1.75
2015.09.28 02:58:13.399,1.22867,1.22889,1.75,1.75
2015.09.28 02:58:13.501,1.22868,1.22889,1.37,1.75
2015.09.28 02:58:15.474,1.22868,1.22889,1.12,1.75
2015.09.28 02:58:23.174,1.22869,1.2289,1.50,1.75
2015.09.28 02:58:53.477,1.22868,1.22891,1.87,2.25
2015.09.28 02:59:00.678,1.22868,1.22891,1.87,3.75
2015.09.28 02:59:13.418,1.22868,1.22891,1.00,4.00
2015.09.28 02:59:22.617,1.2287,1.22891,1.50,1.75
2015.09.28 02:59:24.782,1.22871,1.22893,3.00,2.25
2015.09.28 02:59:24.935,1.22876,1.22893,1.12,1.50
2015.09.28 02:59:25.459,1.22877,1.22893,1.00,1.00
2015.09.28 02:59:34.326,1.22876,1.22893,1.12,1.00
2015.09.28 02:59:34.828,1.22874,1.22897,1.75,2.62
2015.09.28 02:59:41.100,1.22873,1.22896,2.25,2.12
2015.09.28 02:59:47.870,1.2287,1.22896,1.75,4.87
2015.09.28 02:59:56.731,1.22872,1.22896,1.75,5.24
2015.09.28 02:59:57.977,1.22872,1.22895,1.75,1.50
2015.09.28 02:59:58.497,1.22875,1.22895,1.00,2.62
2015.09.28 02:59:59.707,1.22873,1.22895,1.50,2.62
