2014.07.04 19:00:00.688,1.14087,1.14106,1.00,1.15
2014.07.04 19:00:11.875,1.14087,1.14107,1.00,1.00
2014.07.04 19:00:13.527,1.14087,1.14104,1.00,1.00
2014.07.04 19:00:23.575,1.14086,1.14104,1.00,1.00
2014.07.04 19:01:07.647,1.14087,1.14104,1.00,1.00
2014.07.04 19:01:14.743,1.14087,1.14108,1.00,1.00
2014.07.04 19:01:41.491,1.14087,1.14108,1.00,1.19
2014.07.04 19:01:42.095,1.14087,1.14108,1.00,1.00
2014.07.04 19:02:31.341,1.14086,1.14109,1.00,1.00
2014.07.04 19:02:36.536,1.14086,1.14106,1.00,1.00
2014.07.04 19:02:44.906,1.14087,1.14106,1.00,1.00
2014.07.04 19:02:47.547,1.14086,1.14106,1.00,1.00
2014.07.04 19:03:21.721,1.14087,1.14106,1.00,1.00
2014.07.04 19:03:37.267,1.14087,1.14108,1.00,1.00
2014.07.04 19:04:10.140,1.14086,1.14109,1.00,1.25
2014.07.04 19:04:24.589,1.14086,1.14109,1.00,1.19
2014.07.04 19:04:28.105,1.14086,1.14109,1.00,1.00
2014.07.04 19:04:29.920,1.14086,1.14109,1.00,1.19
2014.07.04 19:04:33.823,1.14086,1.14109,1.00,1.25
2014.07.04 19:04:48.134,1.14086,1.14109,1.00,1.19
2014.07.04 19:04:49.389,1.14086,1.14109,1.00,1.25
2014.07.04 19:04:50.070,1.14087,1.14108,1.00,1.00
2014.07.04 19:05:29.279,1.14086,1.14109,1.00,1.00
2014.07.04 19:05:48.619,1.14086,1.14109,1.00,1.19
2014.07.04 19:05:49.123,1.14086,1.14109,1.00,1.00
2014.07.04 19:05:57.148,1.14086,1.14109,1.00,1.19
2014.07.04 19:05:59.175,1.14086,1.14109,1.00,1.25
2014.07.04 19:06:07.560,1.14087,1.14108,1.00,1.00
2014.07.04 19:08:01.078,1.14087,1.14108,1.19,1.00
2014.07.04 19:08:02.082,1.14087,1.14108,1.25,1.00
2014.07.04 19:08:03.187,1.14087,1.14108,1.19,1.00
2014.07.04 19:08:09.204,1.14087,1.14108,1.25,1.00
2014.07.04 19:08:10.097,1.14086,1.14109,1.19,1.00
2014.07.04 19:08:10.848,1.14086,1.14109,1.19,1.00
2014.07.04 19:08:12.115,1.14086,1.14109,1.25,1.00
2014.07.04 19:08:15.171,1.14088,1.14109,1.00,1.00
2014.07.04 19:08:16.811,1.14088,1.14109,1.19,1.00
2014.07.04 19:08:18.482,1.14088,1.14109,1.25,1.00
2014.07.04 19:08:20.687,1.14088,1.14109,1.19,1.00
2014.07.04 19:08:23.496,1.14088,1.14109,1.25,1.00
2014.07.04 19:08:45.615,1.14088,1.14109,1.19,1.00
2014.07.04 19:08:49.135,1.14088,1.14109,1.00,1.00
2014.07.04 19:09:14.461,1.14088,1.14109,1.19,1.00
2014.07.04 19:09:20.083,1.14088,1.14109,1.00,1.00
2014.07.04 19:09:28.876,1.14088,1.14109,1.19,1.00
2014.07.04 19:09:30.145,1.14088,1.14109,1.00,1.00
2014.07.04 19:10:14.729,1.14087,1.14109,1.00,1.00
2014.07.04 19:10:15.694,1.14086,1.14109,1.50,1.00
2014.07.04 19:10:31.777,1.14086,1.14109,1.50,1.19
2014.07.04 19:10:35.142,1.14086,1.14109,1.00,1.00
2014.07.04 19:10:48.584,1.14086,1.14109,1.19,1.00
2014.07.04 19:10:50.128,1.14087,1.14108,1.25,1.00
2014.07.04 19:10:54.786,1.14091,1.14107,1.00,1.00
2014.07.04 19:11:30.125,1.14092,1.14107,1.00,1.00
2014.07.04 19:11:55.006,1.14092,1.14113,1.00,1.50
2014.07.04 19:11:56.953,1.14092,1.14113,1.00,1.69
2014.07.04 19:11:59.164,1.14092,1.14112,1.00,1.19
2014.07.04 19:12:01.576,1.14092,1.14109,1.00,1.19
2014.07.04 19:12:02.876,1.14092,1.14111,1.00,1.19
2014.07.04 19:12:09.197,1.14092,1.14112,1.00,1.19
2014.07.04 19:12:10.054,1.14091,1.14112,1.00,1.19
2014.07.04 19:12:12.105,1.14091,1.14113,1.00,1.19
2014.07.04 19:12:13.609,1.14091,1.14113,1.00,1.25
2014.07.04 19:12:14.168,1.14091,1.14112,1.00,1.00
2014.07.04 19:12:16.014,1.14091,1.14112,1.00,1.19
2014.07.04 19:12:28.051,1.14091,1.14112,1.00,1.69
2014.07.04 19:12:34.674,1.14091,1.14112,1.00,1.19
2014.07.04 19:12:40.318,1.14091,1.14114,1.00,2.25
2014.07.04 19:12:43.427,1.14091,1.14114,1.00,2.44
2014.07.04 19:12:47.239,1.14091,1.14112,1.00,1.19
2014.07.04 19:12:48.342,1.14091,1.14114,1.00,3.19
2014.07.04 19:12:49.647,1.14091,1.14112,1.00,1.19
2014.07.04 19:12:52.458,1.14091,1.14111,1.00,1.19
2014.07.04 19:12:54.564,1.14091,1.14112,1.00,1.19
2014.07.04 19:12:58.679,1.14091,1.14114,1.00,3.19
2014.07.04 19:12:59.684,1.14091,1.14112,1.00,1.19
2014.07.04 19:13:01.087,1.14091,1.14114,1.00,3.19
2014.07.04 19:13:02.351,1.14091,1.14114,1.00,2.44
2014.07.04 19:13:05.094,1.14091,1.14114,1.00,3.19
2014.07.04 19:13:07.082,1.14091,1.14113,1.00,1.19
2014.07.04 19:13:08.987,1.14091,1.14113,1.00,1.19
2014.07.04 19:13:21.161,1.14091,1.14113,1.00,1.19
2014.07.04 19:13:23.493,1.14091,1.14113,1.00,1.19
2014.07.04 19:13:26.164,1.14091,1.14113,1.00,1.00
2014.07.04 19:13:30.479,1.14091,1.14113,1.00,1.69
2014.07.04 19:13:32.086,1.14091,1.14113,1.00,1.19
2014.07.04 19:13:33.491,1.14091,1.14113,1.00,1.19
2014.07.04 19:13:40.322,1.14091,1.14113,1.00,1.00
2014.07.04 19:13:41.327,1.14091,1.14113,1.00,1.19
2014.07.04 19:13:42.872,1.14091,1.14112,1.00,1.19
2014.07.04 19:13:44.138,1.14091,1.14113,1.00,1.19
2014.07.04 19:13:51.157,1.14091,1.14113,1.00,1.00
2014.07.04 19:13:51.560,1.14091,1.14113,1.00,1.19
2014.07.04 19:14:00.088,1.14091,1.14113,1.00,1.69
2014.07.04 19:14:01.095,1.14091,1.14113,1.00,1.19
2014.07.04 19:14:01.909,1.14091,1.14113,1.00,1.00
2014.07.04 19:14:03.160,1.14091,1.14113,1.00,1.19
2014.07.04 19:14:04.965,1.14091,1.14112,1.00,1.19
2014.07.04 19:14:10.222,1.14091,1.14114,1.00,3.12
2014.07.04 19:14:11.183,1.14091,1.14114,1.00,2.18
2014.07.04 19:14:14.392,1.14091,1.14114,1.00,2.37
2014.07.04 19:14:23.216,1.14091,1.14113,1.00,1.69
2014.07.04 19:14:24.823,1.14091,1.14113,1.00,2.44
2014.07.04 19:14:26.128,1.14091,1.14113,1.00,1.69
2014.07.04 19:14:27.191,1.14091,1.14113,1.00,1.69
2014.07.04 19:14:33.008,1.14091,1.14113,1.00,2.44
2014.07.04 19:14:34.815,1.14091,1.14113,1.00,1.69
2014.07.04 19:14:36.923,1.14091,1.14113,1.00,1.25
2014.07.04 19:14:37.926,1.14091,1.14113,1.00,1.19
2014.07.04 19:14:39.832,1.14091,1.14113,1.00,1.19
2014.07.04 19:14:43.155,1.14091,1.14113,1.00,1.00
2014.07.04 19:14:52.730,1.14091,1.14113,1.00,1.19
2014.07.04 19:15:01.451,1.14091,1.14113,1.00,1.69
2014.07.04 19:15:03.765,1.14091,1.14113,1.00,1.19
2014.07.04 19:15:04.868,1.14091,1.14113,1.00,1.69
2014.07.04 19:15:10.078,1.14091,1.14114,1.00,1.69
2014.07.04 19:15:12.090,1.14091,1.14114,1.00,1.69
2014.07.04 19:15:13.893,1.14091,1.14114,1.00,1.69
2014.07.04 19:15:16.144,1.14091,1.14112,1.00,1.19
2014.07.04 19:15:23.662,1.14091,1.14112,1.00,1.19
2014.07.04 19:15:24.170,1.14091,1.14112,1.00,1.00
2014.07.04 19:15:28.285,1.14091,1.14112,1.00,1.19
2014.07.04 19:15:30.189,1.14091,1.14112,1.00,1.69
2014.07.04 19:15:32.332,1.14091,1.1411,1.00,1.19
2014.07.04 19:15:38.113,1.14091,1.14112,1.00,1.50
2014.07.04 19:15:40.680,1.14091,1.14112,1.00,1.69
2014.07.04 19:15:42.087,1.14091,1.14112,1.00,1.69
2014.07.04 19:15:43.191,1.14091,1.14112,1.00,1.69
2014.07.04 19:15:46.700,1.14091,1.14112,1.00,1.69
2014.07.04 19:15:49.213,1.14091,1.14112,1.00,1.00
2014.07.04 19:15:50.259,1.14091,1.14112,1.00,1.69
2014.07.04 19:15:52.620,1.14091,1.14112,1.00,1.69
2014.07.04 19:15:55.063,1.14091,1.14112,1.00,1.19
2014.07.04 19:15:56.435,1.14091,1.14112,1.00,1.69
2014.07.04 19:15:59.146,1.14091,1.14112,1.00,1.25
2014.07.04 19:16:00.705,1.14091,1.14112,1.00,1.19
2014.07.04 19:16:02.611,1.14091,1.14111,1.00,1.19
2014.07.04 19:16:04.217,1.14091,1.14112,1.00,1.19
2014.07.04 19:16:08.534,1.14091,1.14112,1.00,1.69
2014.07.04 19:16:10.162,1.14092,1.14112,1.00,1.69
2014.07.04 19:16:13.948,1.14092,1.14111,1.00,1.19
2014.07.04 19:16:14.196,1.14092,1.14112,1.00,1.00
2014.07.04 19:16:17.361,1.14092,1.14112,1.00,1.19
2014.07.04 19:16:18.464,1.14092,1.14111,1.00,1.19
2014.07.04 19:16:25.736,1.14092,1.14112,1.00,1.19
2014.07.04 19:16:26.240,1.14091,1.14113,1.00,1.19
2014.07.04 19:16:26.842,1.14091,1.14113,1.00,1.69
2014.07.04 19:16:28.331,1.14097,1.14113,1.00,2.44
2014.07.04 19:16:28.763,1.14091,1.14113,1.00,1.69
2014.07.04 19:16:28.915,1.14091,1.14113,1.00,1.87
2014.07.04 19:16:29.371,1.14091,1.1411,1.00,1.25
2014.07.04 19:16:29.422,1.14091,1.14107,1.00,1.00
2014.07.04 19:16:36.184,1.14091,1.14107,1.00,1.19
2014.07.04 19:16:38.392,1.14091,1.14107,1.00,1.25
2014.07.04 19:16:39.795,1.14091,1.14107,1.00,1.19
2014.07.04 19:16:43.697,1.14091,1.14107,1.00,1.00
2014.07.04 19:16:49.592,1.14091,1.14107,1.00,1.19
2014.07.04 19:16:53.093,1.14091,1.14107,1.00,1.00
2014.07.04 19:17:29.469,1.14091,1.14112,1.00,1.69
2014.07.04 19:17:29.967,1.14091,1.14112,1.00,2.44
2014.07.04 19:17:32.532,1.14091,1.14112,1.00,1.69
2014.07.04 19:17:33.536,1.14091,1.14112,1.00,1.19
2014.07.04 19:17:35.443,1.14091,1.1411,1.00,1.19
2014.07.04 19:17:36.448,1.14091,1.14109,1.00,1.19
2014.07.04 19:17:38.663,1.14091,1.1411,1.00,1.19
2014.07.04 19:17:41.576,1.14091,1.14111,1.00,1.69
2014.07.04 19:17:42.986,1.14091,1.14111,1.00,1.69
2014.07.04 19:17:43.989,1.14091,1.14111,1.00,1.69
2014.07.04 19:17:46.751,1.14091,1.14111,1.00,1.50
2014.07.04 19:17:47.454,1.14091,1.14111,1.00,1.69
2014.07.04 19:17:49.264,1.14091,1.14111,1.00,1.69
2014.07.04 19:17:53.782,1.14091,1.14111,1.00,1.69
2014.07.04 19:17:57.396,1.14091,1.14111,1.00,1.50
2014.07.04 19:18:00.392,1.14092,1.14111,1.00,1.50
2014.07.04 19:18:00.943,1.14096,1.14113,1.00,1.69
2014.07.04 19:18:02.839,1.14096,1.14113,1.00,1.69
2014.07.04 19:18:05.288,1.14096,1.14113,1.00,1.69
2014.07.04 19:18:06.390,1.14096,1.14113,1.00,1.69
2014.07.04 19:18:07.395,1.14096,1.14113,1.00,2.44
2014.07.04 19:18:14.526,1.14096,1.14114,1.00,1.19
2014.07.04 19:18:15.878,1.14096,1.14115,1.00,1.69
2014.07.04 19:18:21.352,1.14096,1.14115,1.00,1.19
2014.07.04 19:18:29.838,1.14096,1.14114,1.00,1.19
2014.07.04 19:18:32.046,1.14096,1.14115,1.00,1.19
2014.07.04 19:18:33.050,1.14096,1.14115,1.00,1.19
2014.07.04 19:18:33.495,1.14096,1.14109,1.00,1.00
2014.07.04 19:18:38.861,1.14096,1.14105,1.00,1.00
2014.07.04 19:18:39.411,1.14097,1.14108,1.00,1.00
2014.07.04 19:19:02.531,1.14097,1.14112,1.00,1.00
2014.07.04 19:19:02.582,1.14102,1.14112,1.00,1.00
2014.07.04 19:19:03.090,1.14102,1.14115,1.00,1.19
2014.07.04 19:19:03.292,1.14102,1.14115,1.00,1.00
2014.07.04 19:19:05.069,1.14101,1.14115,1.00,1.00
2014.07.04 19:19:48.180,1.14102,1.14115,1.00,1.00
2014.07.04 19:19:53.330,1.14107,1.14115,1.00,1.00
2014.07.04 19:20:03.226,1.14107,1.14121,1.00,1.19
2014.07.04 19:20:06.312,1.14107,1.14121,1.00,1.69
2014.07.04 19:20:08.719,1.14107,1.14121,1.00,1.69
2014.07.04 19:20:11.932,1.14107,1.14121,1.00,1.19
2014.07.04 19:20:13.635,1.14107,1.14121,1.00,1.69
2014.07.04 19:20:18.154,1.14107,1.1412,1.00,1.19
2014.07.04 19:20:18.801,1.14106,1.1412,1.00,1.19
2014.07.04 19:20:21.167,1.14106,1.14121,1.00,1.00
2014.07.04 19:20:23.213,1.14106,1.14121,1.00,1.19
2014.07.04 19:20:24.209,1.14106,1.14121,1.00,1.69
2014.07.04 19:20:25.224,1.14106,1.1412,1.00,1.19
2014.07.04 19:20:28.433,1.14106,1.14121,1.00,1.69
2014.07.04 19:20:31.466,1.14106,1.14121,1.00,1.19
2014.07.04 19:20:32.450,1.14106,1.14119,1.00,1.19
2014.07.04 19:20:33.555,1.14106,1.14121,1.00,1.69
2014.07.04 19:20:34.560,1.14106,1.14121,1.00,1.25
2014.07.04 19:20:35.067,1.14106,1.14123,1.00,1.19
2014.07.04 19:20:35.610,1.14101,1.14121,1.00,1.19
2014.07.04 19:20:35.711,1.14094,1.14121,1.69,1.69
2014.07.04 19:20:35.813,1.14091,1.14121,2.44,2.44
2014.07.04 19:20:36.475,1.14091,1.14117,1.19,1.50
2014.07.04 19:20:36.796,1.14091,1.14117,1.00,2.44
2014.07.04 19:20:47.370,1.14091,1.14116,1.00,1.19
2014.07.04 19:20:48.576,1.14091,1.14117,1.00,2.44
2014.07.04 19:20:51.082,1.14091,1.14115,1.00,1.19
2014.07.04 19:20:53.087,1.14091,1.14117,1.00,1.69
2014.07.04 19:20:54.793,1.14091,1.14117,1.00,1.69
2014.07.04 19:20:56.098,1.14091,1.14116,1.00,1.19
2014.07.04 19:20:57.404,1.14091,1.14117,1.00,2.44
2014.07.04 19:21:00.666,1.14091,1.14117,1.00,1.69
2014.07.04 19:21:01.771,1.14091,1.14117,1.00,2.44
2014.07.04 19:21:03.775,1.14091,1.14116,1.00,1.19
2014.07.04 19:21:06.185,1.14091,1.14117,1.00,1.69
2014.07.04 19:21:08.890,1.14091,1.14117,1.00,1.69
2014.07.04 19:21:11.401,1.14091,1.14116,1.00,1.19
2014.07.04 19:21:19.123,1.14091,1.14117,1.00,1.69
2014.07.04 19:21:20.429,1.14091,1.14117,1.00,1.69
2014.07.04 19:21:23.437,1.14091,1.14117,1.00,2.44
2014.07.04 19:21:23.640,1.14096,1.14117,1.00,2.44
2014.07.04 19:21:24.141,1.14096,1.14117,1.00,1.50
2014.07.04 19:21:27.407,1.14096,1.14119,1.00,1.69
2014.07.04 19:21:27.937,1.14097,1.14119,1.00,1.69
2014.07.04 19:21:37.134,1.14097,1.14119,1.00,1.69
2014.07.04 19:21:38.095,1.14097,1.14119,1.00,1.50
2014.07.04 19:21:42.676,1.14097,1.14119,1.00,1.69
2014.07.04 19:21:54.161,1.14096,1.14121,1.50,1.69
2014.07.04 19:21:54.241,1.14096,1.14121,1.50,1.19
2014.07.04 19:21:57.756,1.14096,1.14121,1.50,1.19
2014.07.04 19:21:58.801,1.14096,1.14121,1.50,1.19
2014.07.04 19:21:59.765,1.14096,1.14121,1.50,1.19
2014.07.04 19:22:07.151,1.14096,1.14121,1.50,1.00
2014.07.04 19:22:12.707,1.14096,1.14121,1.50,1.69
2014.07.04 19:22:14.268,1.14096,1.14121,1.50,1.19
2014.07.04 19:22:15.274,1.14096,1.14121,1.50,1.19
2014.07.04 19:22:17.080,1.14096,1.14121,1.50,1.19
2014.07.04 19:22:25.407,1.14096,1.14121,1.69,1.25
2014.07.04 19:22:26.911,1.14096,1.14121,1.69,1.00
2014.07.04 19:22:28.116,1.14096,1.14121,2.44,1.25
2014.07.04 19:22:31.243,1.14096,1.14121,2.44,1.00
2014.07.04 19:22:35.129,1.14096,1.14121,2.44,1.00
2014.07.04 19:22:37.333,1.14096,1.14121,2.44,1.00
2014.07.04 19:22:38.336,1.14096,1.14121,3.19,1.00
2014.07.04 19:22:39.790,1.14096,1.14121,2.44,1.00
2014.07.04 19:22:40.744,1.14096,1.14121,2.44,1.25
2014.07.04 19:22:41.147,1.14096,1.14121,2.44,1.00
2014.07.04 19:22:44.052,1.14096,1.14121,2.44,1.00
2014.07.04 19:22:45.961,1.14096,1.14121,2.25,1.00
2014.07.04 19:22:47.218,1.14096,1.14126,1.69,1.69
2014.07.04 19:22:49.071,1.14096,1.14122,1.00,1.19
2014.07.04 19:22:50.174,1.14096,1.14123,1.25,1.19
2014.07.04 19:22:54.116,1.14101,1.14125,1.00,1.19
2014.07.04 19:22:55.192,1.14101,1.14126,1.43,1.19
2014.07.04 19:22:56.275,1.14101,1.14126,1.62,1.19
2014.07.04 19:22:57.255,1.14101,1.14126,1.62,1.25
2014.07.04 19:22:59.466,1.14101,1.14126,1.62,1.00
2014.07.04 19:23:00.501,1.14101,1.14126,2.37,1.00
2014.07.04 19:23:01.672,1.14102,1.14126,1.19,1.00
2014.07.04 19:23:02.676,1.14102,1.14126,1.19,1.00
2014.07.04 19:23:04.081,1.14102,1.14126,1.19,1.00
2014.07.04 19:23:05.989,1.14102,1.14126,1.69,1.00
2014.07.04 19:23:07.192,1.14102,1.14126,1.19,1.00
2014.07.04 19:23:15.370,1.14102,1.14126,1.19,1.00
2014.07.04 19:23:16.178,1.14102,1.14126,1.00,1.00
2014.07.04 19:23:20.602,1.14102,1.14126,1.32,1.00
2014.07.04 19:23:22.497,1.14103,1.14128,1.25,1.00
2014.07.04 19:23:22.548,1.14103,1.1413,1.63,1.19
2014.07.04 19:23:23.734,1.14104,1.1413,1.00,1.19
2014.07.04 19:23:24.423,1.14104,1.1413,1.19,1.19
2014.07.04 19:23:26.558,1.1411,1.14133,1.00,1.19
2014.07.04 19:23:27.998,1.1411,1.14133,1.25,1.00
2014.07.04 19:23:34.647,1.14111,1.14134,1.38,1.00
2014.07.04 19:23:34.950,1.14116,1.14134,1.38,1.00
2014.07.04 19:23:43.005,1.14116,1.14134,1.00,1.00
2014.07.04 19:24:08.417,1.14116,1.14133,1.00,1.00
2014.07.04 19:24:12.925,1.14116,1.14129,1.00,1.00
2014.07.04 19:24:14.075,1.14116,1.14134,1.00,1.00
2014.07.04 19:24:21.943,1.14116,1.14129,1.00,1.00
2014.07.04 19:24:34.681,1.14115,1.14129,1.25,1.00
2014.07.04 19:25:01.434,1.14115,1.14128,1.00,1.00
2014.07.04 19:25:35.894,1.14115,1.14128,1.19,1.00
2014.07.04 19:25:36.465,1.14115,1.14128,1.00,1.00
2014.07.04 19:25:36.714,1.14112,1.14128,1.00,1.00
2014.07.04 19:25:36.765,1.14112,1.14123,1.00,1.00
2014.07.04 19:25:36.935,1.14106,1.14123,1.00,1.00
2014.07.04 19:25:37.104,1.14108,1.14123,1.00,1.00
2014.07.04 19:25:37.409,1.14108,1.14129,1.00,1.00
2014.07.04 19:25:37.510,1.14106,1.14129,3.12,1.00
2014.07.04 19:25:37.561,1.14111,1.14129,1.00,1.00
2014.07.04 19:25:54.879,1.14111,1.14133,1.00,1.00
2014.07.04 19:25:54.930,1.14115,1.14133,1.00,1.00
2014.07.04 19:26:07.084,1.14115,1.14128,1.00,1.00
2014.07.04 19:26:50.094,1.14115,1.14129,1.00,1.00
2014.07.04 19:26:55.222,1.14112,1.14129,1.68,1.00
2014.07.04 19:27:06.152,1.14112,1.14129,1.87,1.00
2014.07.04 19:27:08.361,1.14113,1.14129,1.15,1.00
2014.07.04 19:27:23.166,1.14112,1.14129,1.87,1.00
2014.07.04 19:27:25.330,1.14113,1.14129,1.15,1.00
2014.07.04 19:27:26.182,1.14113,1.14128,1.15,1.00
2014.07.04 19:27:27.266,1.14112,1.14128,1.87,1.00
2014.07.04 19:27:30.554,1.14113,1.14128,1.15,1.00
2014.07.04 19:27:31.191,1.14114,1.14128,1.00,1.00
2014.07.04 19:27:43.125,1.14114,1.14134,1.00,1.00
2014.07.04 19:27:45.107,1.14114,1.14129,1.00,1.00
2014.07.04 19:28:31.347,1.14113,1.14129,1.43,1.00
2014.07.04 19:28:53.969,1.14113,1.14129,1.62,1.00
2014.07.04 19:28:55.777,1.14113,1.14129,1.62,1.00
2014.07.04 19:29:07.960,1.14113,1.14128,1.62,1.00
2014.07.04 19:29:21.398,1.14113,1.14133,1.43,1.00
2014.07.04 19:29:21.449,1.14115,1.14133,1.00,1.00
2014.07.04 19:29:21.837,1.14117,1.14133,1.00,1.00
2014.07.04 19:29:31.026,1.14114,1.14133,1.19,1.00
2014.07.04 19:29:31.625,1.14114,1.14134,1.19,1.00
2014.07.04 19:29:32.154,1.14114,1.14134,1.00,1.00
2014.07.04 19:29:45.108,1.14114,1.14134,1.19,1.00
2014.07.04 19:29:46.714,1.14114,1.14134,1.25,1.00
2014.07.04 19:29:47.874,1.14114,1.14133,1.25,1.00
2014.07.04 19:29:52.070,1.14114,1.14134,1.00,1.00
2014.07.04 19:30:23.762,1.14114,1.14138,1.00,1.19
2014.07.04 19:30:25.374,1.14114,1.14138,1.25,1.25
2014.07.04 19:30:30.508,1.14114,1.14138,1.25,1.19
2014.07.04 19:30:31.466,1.14111,1.14138,1.62,1.25
2014.07.04 19:30:32.470,1.1411,1.14138,2.37,1.00
2014.07.04 19:30:33.774,1.14111,1.14138,1.62,1.25
2014.07.04 19:30:35.489,1.14111,1.14138,1.15,1.00
2014.07.04 19:30:37.589,1.1411,1.14138,1.87,1.00
2014.07.04 19:30:39.238,1.14112,1.14138,1.19,1.00
2014.07.04 19:30:43.109,1.14112,1.14138,1.19,1.00
2014.07.04 19:30:43.609,1.1411,1.14138,1.87,1.25
2014.07.04 19:30:44.613,1.1411,1.14138,2.37,1.19
2014.07.04 19:30:45.920,1.1411,1.14138,1.87,1.00
2014.07.04 19:30:46.966,1.14112,1.14138,1.19,1.00
2014.07.04 19:30:50.940,1.14112,1.14139,1.19,1.25
2014.07.04 19:30:52.397,1.14111,1.14139,1.62,1.00
2014.07.04 19:31:01.626,1.14111,1.14139,1.19,1.19
2014.07.04 19:31:03.837,1.14111,1.14139,1.19,1.00
2014.07.04 19:31:04.139,1.1411,1.14139,1.62,1.00
2014.07.04 19:31:05.242,1.14111,1.14139,1.19,1.00
2014.07.04 19:31:13.714,1.14112,1.14133,1.19,1.00
2014.07.04 19:31:15.015,1.14111,1.14133,1.87,1.00
2014.07.04 19:31:20.230,1.1411,1.14133,1.87,1.00
2014.07.04 19:31:23.441,1.14111,1.14133,1.87,1.00
2014.07.04 19:31:32.092,1.14111,1.14138,1.87,1.25
2014.07.04 19:31:32.970,1.14111,1.14138,1.87,1.25
2014.07.04 19:31:33.485,1.14111,1.14138,1.87,1.25
2014.07.04 19:31:34.489,1.1411,1.14138,1.87,1.00
2014.07.04 19:31:34.612,1.1411,1.14138,1.19,1.68
2014.07.04 19:31:34.833,1.1411,1.14138,1.19,1.00
2014.07.04 19:31:37.601,1.14111,1.14138,1.19,1.19
2014.07.04 19:31:39.203,1.14111,1.14138,1.25,1.19
2014.07.04 19:31:40.734,1.14111,1.14138,1.19,1.25
2014.07.04 19:31:44.220,1.14111,1.14138,1.19,1.19
2014.07.04 19:31:50.248,1.14111,1.14138,1.19,1.19
2014.07.04 19:31:54.246,1.14109,1.14138,1.69,1.25
2014.07.04 19:31:55.375,1.14109,1.14138,1.69,1.19
2014.07.04 19:31:57.457,1.14109,1.14138,1.69,1.25
2014.07.04 19:31:59.186,1.14109,1.14138,1.19,1.19
2014.07.04 19:32:05.533,1.14109,1.14138,1.69,1.19
2014.07.04 19:32:06.813,1.14111,1.14138,1.19,1.25
2014.07.04 19:32:08.923,1.14109,1.14138,1.19,1.19
2014.07.04 19:32:12.640,1.14108,1.14137,1.19,1.25
2014.07.04 19:32:13.644,1.14108,1.14137,1.19,1.25
2014.07.04 19:32:16.715,1.14109,1.14137,1.19,1.25
2014.07.04 19:32:17.619,1.14108,1.14137,1.19,1.25
2014.07.04 19:32:24.893,1.14111,1.14139,1.19,2.44
2014.07.04 19:32:26.148,1.1411,1.14139,1.19,2.44
2014.07.04 19:32:27.668,1.14109,1.14139,1.69,2.44
2014.07.04 19:32:28.028,1.1411,1.14135,1.19,1.00
2014.07.04 19:32:29.189,1.1411,1.14135,1.00,1.25
2014.07.04 19:32:31.269,1.1411,1.14135,1.25,1.19
2014.07.04 19:32:33.881,1.1411,1.14135,1.00,1.19
2014.07.04 19:32:37.239,1.1411,1.14135,1.00,1.25
2014.07.04 19:32:38.246,1.1411,1.14135,1.19,1.25
2014.07.04 19:32:40.252,1.1411,1.14135,1.00,1.25
2014.07.04 19:32:42.258,1.1411,1.14135,1.25,1.19
2014.07.04 19:32:43.463,1.1411,1.14135,1.25,1.00
2014.07.04 19:32:44.468,1.1411,1.14135,1.00,1.19
2014.07.04 19:32:46.314,1.1411,1.14135,1.25,1.25
2014.07.04 19:32:47.478,1.1411,1.14135,1.19,1.25
2014.07.04 19:32:50.081,1.1411,1.14134,1.19,1.00
2014.07.04 19:32:54.100,1.1411,1.14134,1.25,1.00
2014.07.04 19:33:06.207,1.1411,1.14134,1.69,1.00
2014.07.04 19:33:09.117,1.1411,1.14134,1.19,1.00
2014.07.04 19:33:15.169,1.1411,1.14134,1.19,1.00
2014.07.04 19:33:16.308,1.1411,1.14134,1.00,1.00
2014.07.04 19:33:19.205,1.1411,1.14134,1.19,1.00
2014.07.04 19:33:24.417,1.1411,1.14134,1.25,1.69
2014.07.04 19:33:29.632,1.14109,1.14134,1.19,1.50
2014.07.04 19:33:30.664,1.14109,1.14133,1.19,1.00
2014.07.04 19:33:31.382,1.14109,1.14133,1.19,1.00
2014.07.04 19:33:35.275,1.14109,1.14133,1.25,1.00
2014.07.04 19:33:36.360,1.14109,1.14133,1.19,1.00
2014.07.04 19:33:44.039,1.14109,1.14133,1.25,1.00
2014.07.04 19:33:48.659,1.14109,1.14133,1.19,1.00
2014.07.04 19:33:55.886,1.14107,1.14133,1.87,1.00
2014.07.04 19:33:57.188,1.14109,1.14133,1.19,1.00
2014.07.04 19:33:59.195,1.14109,1.14134,1.19,1.00
2014.07.04 19:33:59.955,1.14107,1.14134,1.87,1.25
2014.07.04 19:34:00.980,1.14107,1.14134,1.87,1.25
2014.07.04 19:34:02.464,1.14108,1.14134,1.87,1.00
2014.07.04 19:34:04.871,1.14109,1.14134,1.62,1.00
2014.07.04 19:34:06.076,1.14109,1.14134,1.15,1.00
2014.07.04 19:34:09.082,1.14107,1.14134,1.87,1.00
2014.07.04 19:34:10.186,1.14108,1.14134,1.87,1.00
2014.07.04 19:34:15.350,1.14109,1.14134,1.62,1.19
2014.07.04 19:34:16.102,1.14109,1.14134,1.43,1.00
2014.07.04 19:34:17.105,1.14109,1.14134,1.62,1.00
2014.07.04 19:34:18.308,1.14109,1.14134,1.62,1.00
2014.07.04 19:34:30.398,1.14109,1.14134,1.62,1.00
2014.07.04 19:34:37.520,1.14109,1.14134,1.62,1.00
2014.07.04 19:34:38.123,1.14109,1.14134,1.62,1.19
2014.07.04 19:34:38.848,1.14109,1.14134,1.62,1.00
2014.07.04 19:34:42.137,1.14109,1.14134,1.62,1.00
2014.07.04 19:34:43.139,1.14109,1.14134,1.62,1.00
2014.07.04 19:34:48.749,1.14109,1.14134,1.43,1.00
2014.07.04 19:34:49.326,1.14109,1.14133,1.43,1.00
2014.07.04 19:34:52.756,1.14109,1.14133,1.62,1.00
2014.07.04 19:34:58.873,1.14109,1.14133,1.62,1.00
2014.07.04 19:35:09.127,1.14109,1.14133,1.43,1.00
2014.07.04 19:35:10.122,1.14109,1.14133,1.62,1.00
2014.07.04 19:35:17.795,1.14109,1.14133,1.62,1.00
2014.07.04 19:35:20.106,1.14107,1.14133,1.87,1.00
2014.07.04 19:35:30.134,1.14107,1.14133,2.37,1.00
2014.07.04 19:35:31.841,1.14107,1.14133,2.37,1.00
2014.07.04 19:35:32.144,1.14107,1.14133,1.93,1.00
2014.07.04 19:35:36.920,1.14107,1.14133,2.37,1.00
2014.07.04 19:35:40.230,1.14108,1.14133,1.87,1.00
2014.07.04 19:35:43.141,1.14109,1.14133,1.15,1.25
2014.07.04 19:35:43.920,1.14107,1.14133,1.87,1.00
2014.07.04 19:35:46.347,1.14109,1.14133,1.15,1.00
2014.07.04 19:35:47.550,1.14109,1.14133,1.62,1.00
2014.07.04 19:35:47.655,1.14109,1.14133,1.15,1.25
2014.07.04 19:35:48.656,1.14108,1.14133,1.87,1.00
2014.07.04 19:35:50.159,1.14107,1.14133,2.37,1.00
2014.07.04 19:35:51.163,1.14109,1.14133,1.15,1.00
2014.07.04 19:35:53.571,1.14107,1.14133,2.37,1.00
2014.07.04 19:35:57.084,1.14109,1.14133,1.15,1.00
2014.07.04 19:36:02.152,1.14107,1.14133,2.37,1.00
2014.07.04 19:36:03.957,1.14109,1.14133,1.62,1.00
2014.07.04 19:36:15.297,1.14109,1.14133,1.62,1.00
2014.07.04 19:36:17.703,1.14109,1.14133,1.62,1.00
2014.07.04 19:36:19.116,1.14109,1.14133,1.62,1.00
2014.07.04 19:36:24.403,1.14109,1.14133,1.62,1.00
2014.07.04 19:36:25.295,1.14109,1.14133,1.62,1.00
2014.07.04 19:36:26.183,1.14109,1.14133,1.62,1.00
2014.07.04 19:36:28.492,1.14109,1.14133,1.62,1.00
2014.07.04 19:36:29.740,1.14109,1.14133,1.62,1.00
2014.07.04 19:36:32.013,1.14109,1.14133,1.62,1.00
2014.07.04 19:36:33.756,1.14109,1.14133,1.62,1.00
2014.07.04 19:36:34.876,1.14109,1.14133,1.87,1.00
2014.07.04 19:36:35.660,1.1411,1.14133,1.15,1.00
2014.07.04 19:36:42.242,1.14109,1.14133,1.87,1.00
2014.07.04 19:36:43.545,1.1411,1.14133,1.15,1.00
2014.07.04 19:36:45.325,1.14109,1.14133,1.68,1.00
2014.07.04 19:36:46.296,1.14109,1.14133,1.68,1.00
2014.07.04 19:36:50.147,1.14109,1.14134,1.68,1.00
2014.07.04 19:36:51.949,1.14109,1.14134,1.87,1.00
2014.07.04 19:36:55.192,1.14109,1.14134,1.93,1.00
2014.07.04 19:37:01.917,1.14109,1.14134,2.37,1.00
2014.07.04 19:37:02.885,1.14109,1.14134,1.87,1.00
2014.07.04 19:37:11.168,1.14107,1.14134,1.68,1.00
2014.07.04 19:37:32.343,1.14109,1.14134,1.68,1.00
2014.07.04 19:37:33.285,1.14109,1.14134,1.43,1.00
2014.07.04 19:37:34.076,1.14109,1.14134,1.62,1.00
2014.07.04 19:37:40.770,1.14109,1.14134,1.87,1.00
2014.07.04 19:37:40.875,1.14109,1.14134,1.62,1.00
2014.07.04 19:37:42.705,1.14109,1.14134,1.43,1.00
2014.07.04 19:37:47.619,1.14109,1.14134,1.62,1.00
2014.07.04 19:37:51.129,1.14106,1.14134,2.37,1.00
2014.07.04 19:37:56.830,1.14106,1.14134,1.87,1.00
2014.07.04 19:37:56.982,1.14109,1.14134,1.15,1.00
2014.07.04 19:38:01.507,1.14106,1.14134,2.37,1.19
2014.07.04 19:38:03.114,1.14106,1.14134,1.87,1.00
2014.07.04 19:38:07.728,1.14107,1.14134,1.87,1.00
2014.07.04 19:38:08.190,1.14107,1.14134,1.87,1.00
2014.07.04 19:38:12.275,1.14106,1.14134,1.87,1.00
2014.07.04 19:38:17.351,1.14106,1.14134,1.87,1.00
2014.07.04 19:38:17.446,1.14106,1.14134,1.87,1.00
2014.07.04 19:38:19.931,1.14105,1.14133,2.37,1.00
2014.07.04 19:38:27.145,1.14106,1.14133,2.37,1.00
2014.07.04 19:38:28.855,1.14106,1.14133,2.37,1.00
2014.07.04 19:38:30.963,1.14109,1.14133,1.19,1.00
2014.07.04 19:38:32.096,1.14108,1.14133,1.15,1.00
2014.07.04 19:38:33.175,1.14106,1.14133,2.37,1.00
2014.07.04 19:38:34.175,1.14108,1.14133,1.15,1.00
2014.07.04 19:38:35.179,1.14106,1.14133,2.37,1.00
2014.07.04 19:38:36.189,1.14106,1.14133,2.18,1.00
2014.07.04 19:38:38.823,1.14106,1.14133,3.12,1.00
2014.07.04 19:38:41.372,1.14107,1.14133,1.87,1.00
2014.07.04 19:38:42.375,1.14108,1.14133,1.62,1.00
2014.07.04 19:38:46.789,1.14108,1.14133,1.15,1.00
2014.07.04 19:38:48.093,1.14108,1.14133,1.62,1.00
2014.07.04 19:38:49.097,1.14109,1.14133,1.15,1.25
2014.07.04 19:38:50.299,1.14107,1.14133,1.87,1.00
2014.07.04 19:38:50.886,1.14106,1.14133,3.12,1.00
2014.07.04 19:38:58.116,1.14106,1.14133,1.93,1.00
2014.07.04 19:38:58.218,1.14106,1.14133,1.93,1.00
2014.07.04 19:38:59.304,1.14106,1.14133,1.87,1.00
2014.07.04 19:39:08.105,1.14108,1.14133,1.15,1.00
2014.07.04 19:39:17.129,1.14107,1.14133,1.87,1.00
2014.07.04 19:39:17.428,1.14106,1.14133,1.68,1.00
2014.07.04 19:39:19.955,1.14106,1.14135,1.68,1.00
2014.07.04 19:39:20.828,1.14106,1.14136,1.68,1.00
2014.07.04 19:39:21.419,1.14106,1.14137,2.18,1.50
2014.07.04 19:39:22.328,1.14106,1.14137,2.37,1.69
2014.07.04 19:39:22.992,1.14109,1.14137,1.15,2.44
2014.07.04 19:39:27.458,1.14109,1.14137,1.15,1.69
2014.07.04 19:39:30.129,1.14106,1.14134,2.37,1.00
2014.07.04 19:39:31.226,1.14106,1.14134,2.18,1.00
2014.07.04 19:39:31.461,1.14106,1.14134,2.18,1.00
2014.07.04 19:39:47.283,1.14106,1.14134,1.87,1.00
2014.07.04 19:40:01.240,1.14106,1.14134,1.87,1.19
2014.07.04 19:40:02.228,1.14109,1.14134,1.15,1.19
2014.07.04 19:40:03.332,1.14106,1.14134,1.87,1.25
2014.07.04 19:40:05.239,1.14106,1.14134,1.87,1.19
2014.07.04 19:40:06.245,1.14106,1.14134,2.37,1.25
2014.07.04 19:40:26.280,1.14106,1.14134,1.87,1.00
2014.07.04 19:40:29.127,1.14106,1.14134,1.87,1.00
2014.07.04 19:40:38.279,1.14107,1.14134,1.87,1.00
2014.07.04 19:40:39.389,1.14107,1.14134,1.93,1.00
2014.07.04 19:40:41.297,1.14107,1.14134,1.87,1.19
2014.07.04 19:40:50.680,1.14108,1.14134,1.15,1.69
2014.07.04 19:41:01.258,1.14106,1.14134,1.87,1.69
2014.07.04 19:41:02.172,1.14107,1.14134,1.15,1.69
2014.07.04 19:41:02.674,1.14107,1.14134,1.15,1.69
2014.07.04 19:41:04.073,1.14106,1.14134,1.87,1.69
2014.07.04 19:41:05.078,1.14108,1.14134,1.15,1.69
2014.07.04 19:41:14.087,1.14107,1.14134,1.15,1.69
2014.07.04 19:41:14.138,1.14105,1.14134,1.87,1.69
2014.07.04 19:41:14.239,1.14107,1.14134,1.15,1.69
2014.07.04 19:41:15.089,1.14105,1.14134,1.87,1.69
2014.07.04 19:41:15.198,1.14107,1.14134,1.15,1.69
2014.07.04 19:41:15.808,1.14105,1.14134,1.68,1.50
2014.07.04 19:41:16.604,1.14105,1.14134,1.87,1.69
2014.07.04 19:41:17.810,1.14107,1.14134,1.15,1.69
2014.07.04 19:41:23.129,1.14105,1.14134,3.12,1.19
2014.07.04 19:41:24.432,1.14107,1.14134,1.15,1.19
2014.07.04 19:41:26.740,1.14105,1.14134,3.12,1.19
2014.07.04 19:41:34.420,1.14105,1.14133,2.37,1.19
2014.07.04 19:41:36.125,1.14105,1.14133,3.12,1.19
2014.07.04 19:41:36.670,1.14105,1.14133,2.37,1.00
2014.07.04 19:41:37.832,1.14108,1.14133,1.15,1.19
2014.07.04 19:41:42.146,1.14106,1.14133,1.87,1.19
2014.07.04 19:41:44.453,1.14106,1.14133,2.37,1.00
2014.07.04 19:41:44.504,1.14106,1.14129,3.12,1.00
2014.07.04 19:41:45.117,1.14114,1.14129,1.00,1.00
2014.07.04 19:41:45.168,1.14114,1.14134,1.00,1.25
2014.07.04 19:41:45.219,1.1411,1.14134,1.00,1.25
2014.07.04 19:41:58.653,1.1411,1.14134,1.00,1.69
2014.07.04 19:42:03.669,1.1411,1.14134,1.00,1.69
2014.07.04 19:42:05.174,1.1411,1.14134,1.00,1.69
2014.07.04 19:42:07.612,1.1411,1.14134,1.00,1.69
2014.07.04 19:42:08.587,1.1411,1.14134,1.00,1.69
2014.07.04 19:42:11.195,1.1411,1.14134,1.00,1.69
2014.07.04 19:42:13.602,1.1411,1.14134,1.00,1.69
2014.07.04 19:42:16.208,1.1411,1.14134,1.00,1.69
2014.07.04 19:42:16.269,1.1411,1.14129,1.00,1.00
2014.07.04 19:42:36.988,1.1411,1.14128,1.00,1.00
2014.07.04 19:42:45.215,1.14108,1.14128,1.00,1.00
2014.07.04 19:42:48.215,1.14108,1.14129,1.00,1.22
2014.07.04 19:42:48.552,1.14108,1.14132,1.00,1.19
2014.07.04 19:42:49.125,1.14108,1.14132,1.00,1.25
2014.07.04 19:42:51.338,1.14108,1.14133,1.43,1.69
2014.07.04 19:42:52.341,1.14108,1.14133,1.43,1.69
2014.07.04 19:42:53.029,1.14108,1.14128,1.00,1.00
2014.07.04 19:43:13.317,1.14107,1.14128,1.00,1.00
2014.07.04 19:43:16.768,1.14106,1.14129,1.62,1.00
2014.07.04 19:43:17.322,1.14107,1.14128,1.25,1.00
2014.07.04 19:43:21.197,1.14107,1.14129,1.00,1.25
2014.07.04 19:43:23.995,1.14107,1.14128,1.50,1.00
2014.07.04 19:43:47.919,1.14107,1.14129,1.00,1.00
2014.07.04 19:44:18.637,1.14106,1.14129,1.25,1.00
2014.07.04 19:44:24.183,1.14106,1.14129,1.19,1.00
2014.07.04 19:44:26.758,1.14106,1.14129,1.00,1.00
2014.07.04 19:44:27.862,1.14106,1.14129,1.19,1.00
2014.07.04 19:44:29.766,1.14106,1.14129,1.25,1.00
2014.07.04 19:44:31.347,1.14107,1.14128,1.00,1.00
2014.07.04 19:44:32.127,1.14104,1.14124,3.12,1.00
2014.07.04 19:44:32.776,1.14104,1.14123,1.19,1.00
2014.07.04 19:44:33.191,1.14102,1.14123,1.62,1.00
2014.07.04 19:44:34.179,1.14102,1.14123,2.37,1.00
2014.07.04 19:44:35.785,1.14102,1.14123,1.62,1.00
2014.07.04 19:44:37.005,1.14102,1.14123,1.19,1.00
2014.07.04 19:44:37.933,1.14102,1.14123,1.25,1.00
2014.07.04 19:44:39.102,1.14102,1.14123,1.19,1.00
2014.07.04 19:44:45.171,1.14102,1.14123,1.00,1.00
2014.07.04 19:44:47.103,1.141,1.14118,1.69,1.00
2014.07.04 19:44:47.904,1.14099,1.14118,1.69,1.00
2014.07.04 19:44:49.164,1.14099,1.14119,1.69,1.00
2014.07.04 19:44:49.215,1.14099,1.14119,1.69,1.00
2014.07.04 19:44:50.788,1.14097,1.14119,1.19,1.00
2014.07.04 19:44:59.109,1.14097,1.14119,1.00,1.00
2014.07.04 19:45:02.015,1.14097,1.14119,1.19,1.00
2014.07.04 19:45:03.621,1.14097,1.14119,1.19,1.00
2014.07.04 19:45:10.314,1.14097,1.14119,1.25,1.00
2014.07.04 19:45:11.215,1.14097,1.14119,1.19,1.00
2014.07.04 19:45:17.233,1.14097,1.14119,1.00,1.00
2014.07.04 19:45:20.860,1.14097,1.14119,1.19,1.00
2014.07.04 19:45:22.170,1.14097,1.14119,1.19,1.00
2014.07.04 19:45:23.160,1.14097,1.14119,1.19,1.00
2014.07.04 19:45:26.357,1.14097,1.14119,1.19,1.00
2014.07.04 19:45:34.314,1.14097,1.14119,1.00,1.00
2014.07.04 19:45:35.380,1.14097,1.14119,1.19,1.00
2014.07.04 19:45:36.383,1.14097,1.14119,1.69,1.00
2014.07.04 19:45:37.386,1.14098,1.14119,1.25,1.00
2014.07.04 19:45:40.385,1.14098,1.14119,1.19,1.00
2014.07.04 19:45:42.592,1.14098,1.14119,1.25,1.00
2014.07.04 19:45:46.099,1.14098,1.14119,1.19,1.00
2014.07.04 19:45:49.328,1.14098,1.14119,1.00,1.00
2014.07.04 19:45:51.858,1.14098,1.14119,1.19,1.00
2014.07.04 19:46:05.749,1.14098,1.14119,1.25,1.00
2014.07.04 19:46:06.754,1.14098,1.14119,1.19,1.00
2014.07.04 19:46:07.769,1.14098,1.14119,1.25,1.00
2014.07.04 19:46:29.888,1.14098,1.14119,1.19,1.00
2014.07.04 19:46:34.102,1.14098,1.14119,1.00,1.00
2014.07.04 19:46:35.437,1.14098,1.14119,1.19,1.00
2014.07.04 19:46:44.095,1.14098,1.14119,1.00,1.00
2014.07.04 19:46:49.938,1.14098,1.14119,1.19,1.00
2014.07.04 19:46:50.805,1.14098,1.14118,1.19,1.00
2014.07.04 19:46:51.661,1.14098,1.14118,1.25,1.00
2014.07.04 19:47:05.959,1.14097,1.14118,1.25,1.00
2014.07.04 19:47:07.564,1.14097,1.14118,1.19,1.00
2014.07.04 19:47:12.095,1.14097,1.14118,1.00,1.00
2014.07.04 19:47:26.327,1.14096,1.14119,1.69,1.00
2014.07.04 19:47:26.876,1.14096,1.14119,1.69,1.00
2014.07.04 19:47:27.212,1.14096,1.14114,1.19,1.00
2014.07.04 19:47:30.757,1.14096,1.14114,1.25,1.00
2014.07.04 19:47:33.871,1.14095,1.14114,1.19,1.00
2014.07.04 19:47:34.978,1.14093,1.14114,3.12,1.00
2014.07.04 19:47:43.152,1.14094,1.14114,1.15,1.00
2014.07.04 19:47:48.370,1.14093,1.14114,3.12,1.00
2014.07.04 19:47:50.076,1.14094,1.14114,1.62,1.00
2014.07.04 19:47:53.083,1.14093,1.14114,2.37,1.00
2014.07.04 19:47:54.630,1.14095,1.14114,1.19,1.00
2014.07.04 19:47:56.192,1.14093,1.14114,2.37,1.00
2014.07.04 19:47:57.900,1.14093,1.14114,2.37,1.00
2014.07.04 19:47:59.102,1.14094,1.14114,1.15,1.00
2014.07.04 19:48:02.290,1.14094,1.14114,1.62,1.00
2014.07.04 19:48:03.828,1.14093,1.14114,2.37,1.00
2014.07.04 19:48:05.926,1.14094,1.14114,1.62,1.00
2014.07.04 19:48:10.107,1.14094,1.14113,1.62,1.00
2014.07.04 19:48:13.123,1.14094,1.14113,1.15,1.00
2014.07.04 19:48:14.228,1.14095,1.14113,1.19,1.00
2014.07.04 19:48:15.232,1.14093,1.14113,2.37,1.00
2014.07.04 19:48:21.676,1.14094,1.14113,1.19,1.00
2014.07.04 19:48:23.419,1.14097,1.14118,1.25,1.00
2014.07.04 19:49:12.158,1.14096,1.14119,1.19,1.00
2014.07.04 19:49:20.755,1.14096,1.14119,1.19,1.00
2014.07.04 19:49:22.862,1.14096,1.14119,1.19,1.00
2014.07.04 19:49:29.903,1.14096,1.14119,1.25,1.00
2014.07.04 19:49:30.581,1.14096,1.14119,1.19,1.00
2014.07.04 19:49:31.786,1.14096,1.14119,1.25,1.00
2014.07.04 19:49:34.595,1.14096,1.14119,1.19,1.00
2014.07.04 19:49:40.111,1.14096,1.14119,1.00,1.00
2014.07.04 19:49:40.648,1.14094,1.14119,1.62,1.00
2014.07.04 19:49:41.836,1.14095,1.14119,1.19,1.00
2014.07.04 19:49:43.047,1.14094,1.14119,2.37,1.00
2014.07.04 19:49:44.125,1.14094,1.14119,2.37,1.00
2014.07.04 19:49:46.484,1.14094,1.14119,1.62,1.00
2014.07.04 19:49:50.195,1.14094,1.14119,1.62,1.00
2014.07.04 19:49:50.396,1.14094,1.14119,1.62,1.00
2014.07.04 19:49:51.801,1.14094,1.14119,1.62,1.00
2014.07.04 19:49:54.608,1.14095,1.14119,1.19,1.00
2014.07.04 19:49:59.121,1.14094,1.14119,1.43,1.00
2014.07.04 19:49:59.334,1.14095,1.14119,1.19,1.00
2014.07.04 19:50:29.068,1.14094,1.14119,1.15,1.00
2014.07.04 19:50:31.075,1.14094,1.14119,1.62,1.00
2014.07.04 19:50:32.482,1.14095,1.14119,1.19,1.00
2014.07.04 19:50:39.849,1.14093,1.14119,1.87,1.00
2014.07.04 19:50:41.254,1.14095,1.14119,1.69,1.00
2014.07.04 19:50:43.659,1.14095,1.14119,1.19,1.00
2014.07.04 19:50:44.662,1.14095,1.14119,1.69,1.00
2014.07.04 19:50:45.666,1.14095,1.14119,1.19,1.00
2014.07.04 19:50:51.119,1.14095,1.14119,1.25,1.00
2014.07.04 19:50:51.631,1.14095,1.14119,1.19,1.00
2014.07.04 19:51:02.815,1.14095,1.14119,1.19,1.00
2014.07.04 19:51:04.135,1.14094,1.14119,2.37,1.00
2014.07.04 19:51:06.926,1.14095,1.14119,1.19,1.00
2014.07.04 19:51:09.384,1.14094,1.14119,2.37,1.00
2014.07.04 19:51:14.805,1.14094,1.14118,1.62,1.00
2014.07.04 19:51:18.210,1.14094,1.14118,1.62,1.00
2014.07.04 19:51:19.412,1.14094,1.14118,1.62,1.00
2014.07.04 19:51:21.819,1.14095,1.14118,1.19,1.00
2014.07.04 19:51:22.725,1.14093,1.14118,2.74,1.00
2014.07.04 19:51:24.528,1.14095,1.14118,1.19,1.00
2014.07.04 19:51:34.152,1.14093,1.14118,3.30,1.00
2014.07.04 19:51:35.857,1.14093,1.14118,3.49,1.00
2014.07.04 19:51:37.611,1.14095,1.14118,1.19,1.00
2014.07.04 19:51:46.238,1.14094,1.14118,2.37,1.00
2014.07.04 19:51:50.252,1.14095,1.14118,1.19,1.00
2014.07.04 19:51:52.183,1.14094,1.14118,3.12,1.00
2014.07.04 19:51:53.160,1.14094,1.14118,2.18,1.00
2014.07.04 19:51:55.167,1.14094,1.14118,2.37,1.00
2014.07.04 19:52:01.888,1.14095,1.14118,1.19,1.00
2014.07.04 19:52:05.631,1.14094,1.14118,3.12,1.00
2014.07.04 19:52:06.852,1.14095,1.14118,1.19,1.00
2014.07.04 19:52:09.542,1.14094,1.14118,2.37,1.00
2014.07.04 19:52:10.134,1.14094,1.14119,2.37,1.00
2014.07.04 19:52:10.847,1.14095,1.14119,1.19,1.00
2014.07.04 19:52:15.561,1.14094,1.14119,3.12,1.00
2014.07.04 19:52:16.662,1.14095,1.14119,1.19,1.00
2014.07.04 19:52:19.774,1.14097,1.14119,1.19,1.00
2014.07.04 19:52:21.096,1.14097,1.14119,1.00,1.00
2014.07.04 19:52:24.586,1.14097,1.14119,1.19,1.00
2014.07.04 19:52:27.624,1.14094,1.14119,2.37,1.00
2014.07.04 19:52:29.603,1.14094,1.14119,2.37,1.00
2014.07.04 19:52:30.607,1.14094,1.14119,3.12,1.00
2014.07.04 19:52:34.475,1.14095,1.14119,1.19,1.00
2014.07.04 19:52:35.579,1.14096,1.14119,1.19,1.00
2014.07.04 19:52:36.585,1.14095,1.14119,1.19,1.00
2014.07.04 19:52:37.084,1.14094,1.14119,2.37,1.00
2014.07.04 19:52:38.488,1.14094,1.14119,2.37,1.00
2014.07.04 19:52:39.991,1.14094,1.14119,3.12,1.00
2014.07.04 19:52:43.101,1.14095,1.14119,1.19,1.00
2014.07.04 19:52:44.505,1.14094,1.14119,2.37,1.00
2014.07.04 19:52:45.618,1.14094,1.14119,2.37,1.00
2014.07.04 19:52:46.815,1.14094,1.14119,2.37,1.00
2014.07.04 19:52:49.427,1.14095,1.14119,1.00,1.00
2014.07.04 19:52:49.724,1.14095,1.14119,1.19,1.00
2014.07.04 19:52:55.137,1.14095,1.14119,1.00,1.00
2014.07.04 19:53:07.532,1.14095,1.14119,1.19,1.00
2014.07.04 19:53:08.635,1.14095,1.14119,1.19,1.00
2014.07.04 19:53:13.151,1.14095,1.14119,1.69,1.00
2014.07.04 19:53:14.151,1.14095,1.14119,1.19,1.00
2014.07.04 19:53:15.555,1.14094,1.14119,2.37,1.00
2014.07.04 19:53:17.563,1.14094,1.14119,2.37,1.00
2014.07.04 19:53:20.170,1.14095,1.14119,1.19,1.00
2014.07.04 19:53:22.276,1.14095,1.14119,1.19,1.00
2014.07.04 19:53:27.135,1.14095,1.14119,1.00,1.00
2014.07.04 19:53:28.336,1.14095,1.14119,1.19,1.00
2014.07.04 19:53:34.152,1.14095,1.14119,1.25,1.00
2014.07.04 19:53:38.087,1.14095,1.14119,1.19,1.00
2014.07.04 19:53:44.682,1.14095,1.14119,1.19,1.00
2014.07.04 19:53:46.087,1.14095,1.14119,1.19,1.00
2014.07.04 19:53:48.093,1.14095,1.14119,1.19,1.00
2014.07.04 19:53:51.906,1.14094,1.14119,2.37,1.00
2014.07.04 19:54:00.292,1.14094,1.14119,1.62,1.00
2014.07.04 19:54:03.923,1.14094,1.14119,2.37,1.00
2014.07.04 19:54:06.109,1.14094,1.14119,1.62,1.00
2014.07.04 19:54:06.842,1.14094,1.14118,1.62,1.00
2014.07.04 19:54:07.467,1.14094,1.14118,1.43,1.00
2014.07.04 19:54:08.218,1.14095,1.14118,1.19,1.00
2014.07.04 19:54:09.624,1.14094,1.14118,2.37,1.00
2014.07.04 19:54:10.725,1.14094,1.14118,1.62,1.00
2014.07.04 19:54:17.264,1.14095,1.14118,1.19,1.00
2014.07.04 19:54:18.102,1.14094,1.14118,1.62,1.00
2014.07.04 19:54:19.108,1.14094,1.14118,1.62,1.00
2014.07.04 19:54:20.229,1.14093,1.14118,1.87,1.00
2014.07.04 19:54:23.348,1.14094,1.14118,1.62,1.00
2014.07.04 19:54:25.122,1.14093,1.14118,2.37,1.00
2014.07.04 19:54:28.131,1.14093,1.14118,1.68,1.00
2014.07.04 19:54:35.151,1.14093,1.14118,2.37,1.00
2014.07.04 19:54:38.061,1.14093,1.14118,2.37,1.00
2014.07.04 19:54:39.166,1.14093,1.14118,2.37,1.00
2014.07.04 19:54:48.091,1.14093,1.14118,3.12,1.00
2014.07.04 19:54:49.085,1.14093,1.14118,2.93,1.00
2014.07.04 19:54:50.072,1.14093,1.14119,2.93,1.00
2014.07.04 19:54:52.500,1.14093,1.14119,2.37,1.00
2014.07.04 19:54:57.654,1.14094,1.14119,1.15,1.00
2014.07.04 19:54:59.820,1.14095,1.14119,1.19,1.00
2014.07.04 19:55:02.528,1.14093,1.14119,3.87,1.00
2014.07.04 19:55:05.033,1.14095,1.14119,1.19,1.00
2014.07.04 19:55:08.144,1.14093,1.14119,2.93,1.00
2014.07.04 19:55:09.145,1.14093,1.14119,3.87,1.00
2014.07.04 19:55:15.013,1.14094,1.14119,1.62,1.00
2014.07.04 19:55:18.119,1.14094,1.14119,1.43,1.00
2014.07.04 19:55:23.133,1.14094,1.14119,1.62,1.00
2014.07.04 19:55:23.664,1.14094,1.14119,1.43,1.00
2014.07.04 19:55:27.175,1.14094,1.14119,1.62,1.00
2014.07.04 19:55:36.197,1.14093,1.14119,2.18,1.00
2014.07.04 19:55:37.771,1.14093,1.14119,2.37,1.00
2014.07.04 19:55:42.083,1.14094,1.14119,1.62,1.00
2014.07.04 19:55:43.187,1.14094,1.14119,1.62,1.00
2014.07.04 19:55:46.162,1.14093,1.14119,2.37,1.00
2014.07.04 19:55:48.930,1.14094,1.14119,1.62,1.00
2014.07.04 19:55:54.147,1.14096,1.14119,1.00,1.00
2014.07.04 19:56:00.364,1.14096,1.14119,1.19,1.00
2014.07.04 19:56:02.067,1.14093,1.14119,2.37,1.00
2014.07.04 19:56:04.775,1.14093,1.14119,1.87,1.00
2014.07.04 19:56:05.878,1.14093,1.14119,1.93,1.00
2014.07.04 19:56:08.111,1.14093,1.14119,1.87,1.00
2014.07.04 19:56:10.296,1.14094,1.14119,1.15,1.00
2014.07.04 19:56:13.712,1.14093,1.14119,2.37,1.00
2014.07.04 19:56:15.119,1.14094,1.14119,1.15,1.00
2014.07.04 19:56:29.564,1.14093,1.14119,2.37,1.00
2014.07.04 19:56:32.765,1.14093,1.14119,1.87,1.00
2014.07.04 19:56:35.072,1.14094,1.14119,1.43,1.00
2014.07.04 19:56:36.682,1.14093,1.14118,1.25,1.00
2014.07.04 19:56:37.230,1.14093,1.14118,1.93,1.00
2014.07.04 19:56:37.782,1.14093,1.14118,1.43,1.00
2014.07.04 19:56:38.640,1.14093,1.14113,1.43,1.00
2014.07.04 19:56:39.688,1.1409,1.14113,1.19,1.00
2014.07.04 19:56:40.793,1.1409,1.14113,1.19,1.00
2014.07.04 19:56:41.854,1.1409,1.14113,1.19,1.00
2014.07.04 19:56:46.281,1.1409,1.14113,1.62,1.00
2014.07.04 19:56:48.071,1.1409,1.14113,2.37,1.00
2014.07.04 19:56:49.880,1.1409,1.14113,1.62,1.00
2014.07.04 19:56:50.078,1.1409,1.14113,1.43,1.00
2014.07.04 19:56:52.484,1.1409,1.14113,1.62,1.00
2014.07.04 19:56:54.090,1.14091,1.14113,1.19,1.00
2014.07.04 19:57:00.110,1.1409,1.14113,1.43,1.00
2014.07.04 19:57:02.718,1.1409,1.14113,1.62,1.00
2014.07.04 19:57:04.324,1.1409,1.14113,1.62,1.00
2014.07.04 19:57:06.514,1.14091,1.14113,1.19,1.00
2014.07.04 19:57:07.491,1.1409,1.14113,1.62,1.00
2014.07.04 19:57:08.595,1.1409,1.14113,2.37,1.00
2014.07.04 19:57:09.699,1.14091,1.14113,1.19,1.00
2014.07.04 19:57:11.104,1.1409,1.14113,1.62,1.00
2014.07.04 19:57:21.137,1.1409,1.14113,1.62,1.00
2014.07.04 19:57:24.446,1.1409,1.14113,1.62,1.00
2014.07.04 19:57:25.952,1.1409,1.14113,1.62,1.00
2014.07.04 19:57:31.125,1.1409,1.14113,1.93,1.00
2014.07.04 19:57:37.356,1.1409,1.14113,1.62,1.00
2014.07.04 19:57:40.351,1.14089,1.14113,3.12,1.00
2014.07.04 19:57:45.965,1.14091,1.14113,1.19,1.00
2014.07.04 19:57:46.970,1.1409,1.14113,1.62,1.00
2014.07.04 19:57:49.578,1.1409,1.14113,1.62,1.00
2014.07.04 19:57:51.887,1.1409,1.14113,1.62,1.00
2014.07.04 19:57:53.189,1.14089,1.14113,3.12,1.00
2014.07.04 19:57:56.352,1.1409,1.14113,1.62,1.00
2014.07.04 19:57:58.156,1.14089,1.14113,3.87,1.00
2014.07.04 19:57:58.858,1.14089,1.14113,3.12,1.00
2014.07.04 19:58:00.765,1.14089,1.14113,3.12,1.00
2014.07.04 19:58:01.869,1.14089,1.14113,3.12,1.00
2014.07.04 19:58:04.277,1.14089,1.14113,3.12,1.00
2014.07.04 19:58:05.982,1.14091,1.14113,1.19,1.00
2014.07.04 19:58:06.986,1.1409,1.14113,2.37,1.00
2014.07.04 19:58:07.987,1.14091,1.14113,1.19,1.00
2014.07.04 19:58:10.150,1.14091,1.14114,1.19,1.00
2014.07.04 19:58:15.117,1.14091,1.14114,1.15,1.00
2014.07.04 19:58:15.270,1.1409,1.14114,1.87,1.00
2014.07.04 19:58:15.709,1.14091,1.14114,1.15,1.00
2014.07.04 19:58:16.711,1.1409,1.14114,1.87,1.00
2014.07.04 19:58:18.116,1.1409,1.14114,1.62,1.00
2014.07.04 19:58:19.418,1.14091,1.14114,1.19,1.00
2014.07.04 19:58:20.779,1.1409,1.14114,1.62,1.00
2014.07.04 19:58:25.088,1.1409,1.14114,1.62,1.00
2014.07.04 19:58:28.099,1.1409,1.14114,1.62,1.00
2014.07.04 19:58:29.200,1.1409,1.14114,1.62,1.00
2014.07.04 19:58:30.139,1.14096,1.14114,1.00,1.00
2014.07.04 19:58:43.349,1.14095,1.14114,1.00,1.00
2014.07.04 19:59:40.667,1.14092,1.14114,1.25,1.00
2014.07.04 19:59:51.984,1.14092,1.14114,1.19,1.00
2014.07.04 19:59:54.896,1.14092,1.14114,1.00,1.00
