2013.04.22 06:00:00.253,1.06978,1.06999,1.13,3.15
2013.04.22 06:00:00.435,1.06977,1.06998,1.05,1.13
2013.04.22 06:00:00.502,1.06979,1.06999,1.13,1.65
2013.04.22 06:00:00.804,1.06982,1.07001,1.13,1.65
2013.04.22 06:00:01.054,1.06979,1.06999,1.88,1.65
2013.04.22 06:00:01.602,1.06978,1.06998,1.13,1.65
2013.04.22 06:00:01.783,1.06978,1.06999,1.65,3.38
2013.04.22 06:00:01.903,1.0698,1.06996,2.25,1.13
2013.04.22 06:00:02.500,1.06969,1.0699,1.65,1.13
2013.04.22 06:00:03.058,1.06968,1.06987,1.13,1.65
2013.04.22 06:00:03.354,1.06964,1.06985,1.28,1.13
2013.04.22 06:00:03.422,1.06963,1.06984,2.25,1.28
2013.04.22 06:00:03.484,1.06963,1.06984,1.65,1.65
2013.04.22 06:00:03.613,1.06965,1.06983,1.13,1.50
2013.04.22 06:00:03.794,1.06967,1.06987,1.65,1.65
2013.04.22 06:00:03.864,1.06967,1.06987,1.88,1.65
2013.04.22 06:00:03.983,1.06967,1.0699,1.13,2.25
2013.04.22 06:00:04.103,1.06966,1.06988,1.65,1.13
2013.04.22 06:00:04.524,1.06967,1.06989,1.88,1.65
2013.04.22 06:00:04.935,1.0697,1.06991,1.13,1.65
2013.04.22 06:00:05.363,1.06973,1.06993,1.13,2.78
2013.04.22 06:00:06.953,1.06973,1.06994,1.13,1.65
2013.04.22 06:00:07.254,1.06979,1.06998,1.13,1.65
2013.04.22 06:00:07.374,1.06979,1.06999,1.88,1.65
2013.04.22 06:00:07.953,1.0698,1.07,1.13,2.33
2013.04.22 06:00:08.794,1.06979,1.06997,1.13,1.50
2013.04.22 06:00:08.914,1.06978,1.06998,1.13,2.40
2013.04.22 06:00:08.984,1.06976,1.06997,1.65,1.88
2013.04.22 06:00:09.047,1.06975,1.06996,1.13,1.65
2013.04.22 06:00:09.176,1.06974,1.06995,1.65,2.40
2013.04.22 06:00:09.364,1.06972,1.06993,1.50,1.50
2013.04.22 06:00:09.565,1.06969,1.06991,1.65,4.05
2013.04.22 06:00:09.634,1.06969,1.0699,2.40,1.65
2013.04.22 06:00:09.823,1.06969,1.0699,1.65,1.65
2013.04.22 06:00:10.865,1.06971,1.06991,1.50,1.88
2013.04.22 06:00:10.933,1.06974,1.06991,1.13,1.50
2013.04.22 06:00:11.002,1.06972,1.06991,1.13,1.50
2013.04.22 06:00:12.666,1.06971,1.06991,1.65,1.88
2013.04.22 06:00:13.166,1.06968,1.06989,1.65,1.65
2013.04.22 06:00:13.355,1.06968,1.06988,1.65,1.65
2013.04.22 06:00:14.756,1.06968,1.06988,1.65,1.88
2013.04.22 06:00:15.147,1.06966,1.06988,1.65,2.03
2013.04.22 06:00:15.215,1.06965,1.06985,2.40,1.13
2013.04.22 06:00:15.773,1.06965,1.06986,1.88,1.65
2013.04.22 06:00:18.586,1.06965,1.06985,1.65,1.13
2013.04.22 06:00:18.652,1.06965,1.06987,1.88,2.40
2013.04.22 06:00:19.216,1.06966,1.06985,1.65,1.65
2013.04.22 06:00:21.112,1.06966,1.06985,1.65,1.65
2013.04.22 06:00:21.254,1.06967,1.06989,2.63,1.80
2013.04.22 06:00:21.322,1.06971,1.06989,1.13,1.80
2013.04.22 06:00:21.384,1.06971,1.06989,1.13,1.65
2013.04.22 06:00:21.754,1.06967,1.06987,1.80,1.13
2013.04.22 06:00:23.503,1.06966,1.06985,1.88,1.65
2013.04.22 06:00:23.802,1.06966,1.06985,1.88,1.65
2013.04.22 06:00:23.862,1.06968,1.06985,1.28,1.50
2013.04.22 06:00:24.163,1.0697,1.06989,1.13,1.50
2013.04.22 06:00:25.322,1.0697,1.06992,2.63,2.40
2013.04.22 06:00:25.445,1.0697,1.06992,2.63,2.40
2013.04.22 06:00:25.744,1.0697,1.06993,4.13,2.63
2013.04.22 06:00:25.813,1.06976,1.06993,1.13,1.50
2013.04.22 06:00:25.933,1.06976,1.06994,1.13,1.50
2013.04.22 06:00:26.474,1.06976,1.06998,2.63,1.32
2013.04.22 06:00:27.480,1.06976,1.06997,2.63,1.65
2013.04.22 06:00:29.424,1.06978,1.06997,1.13,1.50
2013.04.22 06:00:29.553,1.0698,1.07001,1.65,1.28
2013.04.22 06:00:29.735,1.06985,1.07004,1.13,1.28
2013.04.22 06:00:30.052,1.06982,1.07005,3.68,2.97
2013.04.22 06:00:30.233,1.06982,1.07002,1.50,1.13
2013.04.22 06:00:30.783,1.06982,1.07002,1.50,1.88
2013.04.22 06:00:31.564,1.0698,1.06998,1.65,1.13
2013.04.22 06:00:31.644,1.06978,1.06998,2.40,1.13
2013.04.22 06:00:32.113,1.06979,1.06999,2.40,1.65
2013.04.22 06:00:33.132,1.06982,1.07003,2.63,1.13
2013.04.22 06:00:33.373,1.06982,1.07002,2.25,1.13
2013.04.22 06:00:33.892,1.06981,1.07002,1.65,1.13
2013.04.22 06:00:33.954,1.06981,1.06999,1.50,1.13
2013.04.22 06:00:34.083,1.0698,1.06999,1.50,2.63
2013.04.22 06:00:34.504,1.06974,1.06994,1.13,2.40
2013.04.22 06:00:34.574,1.06974,1.06994,1.13,3.30
2013.04.22 06:00:34.643,1.06972,1.06994,1.50,3.53
2013.04.22 06:00:35.123,1.06974,1.06995,1.13,1.13
2013.04.22 06:00:35.543,1.06977,1.06997,1.65,1.47
2013.04.22 06:00:35.603,1.06978,1.06997,1.13,1.32
2013.04.22 06:00:35.783,1.06977,1.06997,1.65,1.47
2013.04.22 06:00:36.362,1.06977,1.06999,1.65,4.13
2013.04.22 06:00:36.422,1.06977,1.06996,1.50,1.13
2013.04.22 06:00:36.933,1.06976,1.06996,1.50,2.63
2013.04.22 06:00:36.995,1.06974,1.06995,1.13,1.13
2013.04.22 06:00:37.722,1.06973,1.06993,1.65,1.13
2013.04.22 06:00:38.152,1.06973,1.06992,1.13,1.50
2013.04.22 06:00:38.212,1.06973,1.06995,1.88,1.65
2013.04.22 06:00:38.742,1.06973,1.06993,1.88,1.65
2013.04.22 06:00:39.102,1.06973,1.06993,1.88,1.65
2013.04.22 06:00:40.204,1.06973,1.06993,1.88,1.65
2013.04.22 06:00:40.912,1.06973,1.06993,1.88,1.65
2013.04.22 06:00:40.974,1.06973,1.06993,1.88,1.65
2013.04.22 06:00:41.863,1.06973,1.06993,1.88,1.65
2013.04.22 06:00:43.783,1.06975,1.06993,1.13,1.50
2013.04.22 06:00:43.855,1.06978,1.06997,1.28,1.50
2013.04.22 06:00:44.105,1.0698,1.07001,1.65,2.03
2013.04.22 06:00:44.234,1.06981,1.07004,2.63,1.88
2013.04.22 06:00:45.918,1.06981,1.07003,2.63,1.65
2013.04.22 06:00:50.613,1.06978,1.06999,1.65,1.13
2013.04.22 06:00:51.324,1.06977,1.06999,2.78,1.13
2013.04.22 06:00:52.455,1.06977,1.06999,1.50,1.88
2013.04.22 06:00:52.583,1.06974,1.06997,1.65,1.88
2013.04.22 06:00:54.431,1.06974,1.06996,1.65,2.40
2013.04.22 06:00:56.123,1.06974,1.06996,1.65,2.40
2013.04.22 06:00:59.642,1.06973,1.06996,2.63,2.40
2013.04.22 06:00:59.929,1.06973,1.06996,2.63,2.40
2013.04.22 06:01:00.223,1.06973,1.06994,2.40,1.13
2013.04.22 06:01:01.254,1.06971,1.06991,1.88,1.65
2013.04.22 06:01:01.643,1.06971,1.06991,2.63,1.65
2013.04.22 06:01:01.765,1.06975,1.06991,1.05,1.50
2013.04.22 06:01:02.014,1.06978,1.07001,1.28,2.40
2013.04.22 06:01:02.552,1.06978,1.06999,1.28,1.65
2013.04.22 06:01:03.543,1.06978,1.06998,1.28,2.25
2013.04.22 06:01:04.213,1.06978,1.06998,2.03,1.50
2013.04.22 06:01:05.126,1.06978,1.06998,1.05,1.65
2013.04.22 06:01:06.625,1.06976,1.06998,1.88,1.65
2013.04.22 06:01:06.942,1.06977,1.06998,1.13,1.50
2013.04.22 06:01:07.243,1.0698,1.07001,1.13,1.65
2013.04.22 06:01:07.363,1.06982,1.07003,1.13,1.28
2013.04.22 06:01:07.423,1.06983,1.07003,1.88,1.13
2013.04.22 06:01:07.544,1.06984,1.07004,1.13,1.28
2013.04.22 06:01:07.732,1.06987,1.07006,1.05,1.65
2013.04.22 06:01:08.033,1.06989,1.07009,1.13,1.28
2013.04.22 06:01:08.093,1.06988,1.07009,1.65,1.28
2013.04.22 06:01:08.902,1.06989,1.07009,1.13,1.28
2013.04.22 06:01:09.506,1.06988,1.07009,1.28,1.65
2013.04.22 06:01:10.942,1.06988,1.07007,1.28,1.50
2013.04.22 06:01:11.243,1.06988,1.07008,2.78,1.65
2013.04.22 06:01:11.363,1.06987,1.07007,1.65,1.88
2013.04.22 06:01:11.675,1.06987,1.07007,1.88,1.65
2013.04.22 06:01:12.155,1.06986,1.07005,1.05,1.65
2013.04.22 06:01:12.224,1.06985,1.07004,1.65,1.13
2013.04.22 06:01:12.353,1.06982,1.07004,1.80,2.63
2013.04.22 06:01:12.873,1.06981,1.07002,1.13,1.65
2013.04.22 06:01:13.173,1.06979,1.07001,1.50,1.13
2013.04.22 06:01:15.876,1.06979,1.07,1.50,1.13
2013.04.22 06:01:16.442,1.06976,1.06998,1.65,1.65
2013.04.22 06:01:17.903,1.06975,1.06997,1.65,1.28
2013.04.22 06:01:18.030,1.06974,1.06996,2.40,1.13
2013.04.22 06:01:18.169,1.06974,1.06993,2.25,1.13
2013.04.22 06:01:18.494,1.06968,1.06984,1.13,2.93
2013.04.22 06:01:19.047,1.0697,1.06989,1.13,1.50
2013.04.22 06:01:19.624,1.06971,1.06991,1.65,1.65
2013.04.22 06:01:20.172,1.06972,1.06993,2.40,1.13
2013.04.22 06:01:20.411,1.06974,1.06994,3.83,1.65
2013.04.22 06:01:20.903,1.06975,1.06994,1.65,1.65
2013.04.22 06:01:21.519,1.06976,1.06997,1.65,2.03
2013.04.22 06:01:21.636,1.06976,1.06997,1.65,2.03
2013.04.22 06:01:22.415,1.06976,1.06997,1.65,2.03
2013.04.22 06:01:22.923,1.06975,1.06997,1.88,1.28
2013.04.22 06:01:22.993,1.06975,1.06997,1.88,1.65
2013.04.22 06:01:23.512,1.06975,1.06994,1.65,1.65
2013.04.22 06:01:26.282,1.06973,1.06993,1.13,1.65
2013.04.22 06:01:27.256,1.06973,1.06994,1.13,1.65
2013.04.22 06:01:27.471,1.06973,1.06993,1.13,1.65
2013.04.22 06:01:29.303,1.06973,1.06994,1.13,1.65
2013.04.22 06:01:29.373,1.06972,1.06994,1.80,1.13
2013.04.22 06:01:30.034,1.06968,1.06989,3.08,2.25
2013.04.22 06:01:30.095,1.06963,1.06985,1.80,1.13
2013.04.22 06:01:30.162,1.06965,1.06986,1.13,1.80
2013.04.22 06:01:30.463,1.06967,1.06988,1.13,2.40
2013.04.22 06:01:30.943,1.06967,1.06988,1.65,1.13
2013.04.22 06:01:31.123,1.06969,1.06989,1.65,2.78
2013.04.22 06:01:33.728,1.06968,1.06988,1.65,1.88
2013.04.22 06:01:34.298,1.06965,1.06988,1.88,4.80
2013.04.22 06:01:34.733,1.06964,1.06985,1.65,1.13
2013.04.22 06:01:34.852,1.06962,1.06983,2.40,1.13
2013.04.22 06:01:34.914,1.06962,1.06983,1.65,1.88
2013.04.22 06:01:35.472,1.06959,1.06981,1.13,2.40
2013.04.22 06:01:36.105,1.06958,1.06979,1.05,1.88
2013.04.22 06:01:36.952,1.06957,1.06979,1.88,1.88
2013.04.22 06:01:38.183,1.06961,1.06981,1.65,1.65
2013.04.22 06:01:38.422,1.06961,1.06981,1.13,1.50
2013.04.22 06:01:39.382,1.06963,1.06984,2.40,1.28
2013.04.22 06:01:39.894,1.06963,1.06984,2.40,1.28
2013.04.22 06:01:40.295,1.06966,1.06986,1.88,1.65
2013.04.22 06:01:40.683,1.06968,1.06988,1.65,1.65
2013.04.22 06:01:40.752,1.06968,1.06989,1.65,1.28
2013.04.22 06:01:40.813,1.06968,1.06989,1.65,1.28
2013.04.22 06:01:40.932,1.06968,1.06989,1.65,1.28
2013.04.22 06:01:43.004,1.06967,1.06987,1.88,1.50
2013.04.22 06:01:43.073,1.06966,1.06987,1.05,1.65
2013.04.22 06:01:43.693,1.06965,1.06985,1.65,1.13
2013.04.22 06:01:43.875,1.06962,1.06983,1.65,1.13
2013.04.22 06:01:45.393,1.06959,1.06978,1.50,1.13
2013.04.22 06:01:45.694,1.06954,1.06973,1.65,1.13
2013.04.22 06:01:45.992,1.06952,1.06973,1.50,1.88
2013.04.22 06:01:46.615,1.06951,1.06971,2.40,1.13
2013.04.22 06:01:47.375,1.06946,1.06967,1.88,1.65
2013.04.22 06:01:47.504,1.06946,1.06967,1.88,1.65
2013.04.22 06:01:51.105,1.06944,1.06965,1.28,1.65
2013.04.22 06:01:51.232,1.06943,1.06965,1.28,1.65
2013.04.22 06:01:51.422,1.06942,1.06963,2.78,1.50
2013.04.22 06:01:52.112,1.06946,1.06965,1.13,1.65
2013.04.22 06:01:55.743,1.06948,1.06966,1.13,1.50
2013.04.22 06:01:55.863,1.06948,1.0697,1.88,1.65
2013.04.22 06:01:57.495,1.06948,1.0697,2.63,1.65
2013.04.22 06:01:58.043,1.06951,1.06971,1.13,1.65
2013.04.22 06:01:58.523,1.06954,1.06975,1.13,3.23
2013.04.22 06:01:58.703,1.06956,1.06976,1.13,1.65
2013.04.22 06:01:58.943,1.06957,1.06979,1.80,1.13
2013.04.22 06:01:59.676,1.06957,1.06977,1.65,1.88
2013.04.22 06:01:59.753,1.06952,1.06973,1.88,2.63
2013.04.22 06:02:00.284,1.06952,1.06971,1.13,1.65
2013.04.22 06:02:00.344,1.06951,1.0697,1.65,1.13
2013.04.22 06:02:00.703,1.06953,1.06971,1.65,1.65
2013.04.22 06:02:00.964,1.06954,1.06974,1.65,1.65
2013.04.22 06:02:01.154,1.06958,1.06978,1.65,1.88
2013.04.22 06:02:01.283,1.0696,1.06978,1.13,1.65
2013.04.22 06:02:01.855,1.06961,1.06981,1.65,1.13
2013.04.22 06:02:02.103,1.06961,1.06981,1.50,1.28
2013.04.22 06:02:02.679,1.06959,1.06979,1.65,1.88
2013.04.22 06:02:03.642,1.06961,1.06979,1.88,1.88
2013.04.22 06:02:03.943,1.06961,1.0698,2.03,1.65
2013.04.22 06:02:04.003,1.06961,1.0698,1.88,1.13
2013.04.22 06:02:04.793,1.0696,1.06981,1.50,2.03
2013.04.22 06:02:06.050,1.06961,1.06981,2.40,1.13
2013.04.22 06:02:08.382,1.06961,1.06981,3.53,1.13
2013.04.22 06:02:08.443,1.06963,1.06982,2.40,1.88
2013.04.22 06:02:08.502,1.06963,1.06982,2.40,1.65
2013.04.22 06:02:08.863,1.06963,1.06985,1.65,1.13
2013.04.22 06:02:09.452,1.06971,1.06988,1.88,1.65
2013.04.22 06:02:09.593,1.06972,1.06993,1.65,2.78
2013.04.22 06:02:09.653,1.06974,1.06993,1.65,1.88
2013.04.22 06:02:11.930,1.06972,1.06993,3.15,2.63
2013.04.22 06:02:12.302,1.06974,1.06991,1.50,2.63
2013.04.22 06:02:12.364,1.06972,1.06991,2.25,3.38
2013.04.22 06:02:12.724,1.06969,1.06988,1.13,1.13
2013.04.22 06:02:12.794,1.06968,1.06988,2.03,1.13
2013.04.22 06:02:13.094,1.06969,1.06988,1.13,1.13
2013.04.22 06:02:13.344,1.06974,1.06993,1.65,1.50
2013.04.22 06:02:13.653,1.06977,1.06996,1.13,1.65
2013.04.22 06:02:15.334,1.06977,1.06996,1.13,1.88
2013.04.22 06:02:15.705,1.06977,1.06995,1.13,2.40
2013.04.22 06:02:15.774,1.06975,1.06995,1.43,2.40
2013.04.22 06:02:16.573,1.06975,1.06996,3.00,1.65
2013.04.22 06:02:17.234,1.06975,1.06997,3.00,1.65
2013.04.22 06:02:17.304,1.06975,1.06995,2.03,1.13
2013.04.22 06:02:20.124,1.06975,1.06994,1.13,3.38
2013.04.22 06:02:20.484,1.06972,1.06993,1.88,1.28
2013.04.22 06:02:20.984,1.06971,1.06992,2.03,1.05
2013.04.22 06:02:21.172,1.06971,1.06991,1.88,1.13
2013.04.22 06:02:21.799,1.06971,1.06991,1.50,1.13
2013.04.22 06:02:23.293,1.06967,1.06989,1.50,1.65
2013.04.22 06:02:25.982,1.06968,1.06988,1.28,1.65
2013.04.22 06:02:26.745,1.06967,1.06988,1.13,2.63
2013.04.22 06:02:27.234,1.06967,1.06982,1.13,1.13
2013.04.22 06:02:30.163,1.0696,1.06981,2.03,1.65
2013.04.22 06:02:30.474,1.0696,1.06977,1.88,1.88
2013.04.22 06:02:30.543,1.06959,1.06977,1.13,1.88
2013.04.22 06:02:31.093,1.06955,1.06976,2.03,1.13
2013.04.22 06:02:31.473,1.06957,1.06978,1.13,4.80
2013.04.22 06:02:31.656,1.06958,1.0698,1.28,1.65
2013.04.22 06:02:33.853,1.06958,1.0698,2.03,2.78
2013.04.22 06:02:34.355,1.06958,1.0698,1.88,3.53
2013.04.22 06:02:35.069,1.06957,1.0698,1.50,3.53
2013.04.22 06:02:35.573,1.06956,1.06977,2.78,1.88
2013.04.22 06:02:49.643,1.06956,1.06976,1.65,1.88
2013.04.22 06:02:53.667,1.06956,1.06974,1.50,1.13
2013.04.22 06:02:53.749,1.06951,1.06973,1.13,4.80
2013.04.22 06:02:54.613,1.0695,1.0697,1.13,1.65
2013.04.22 06:02:54.744,1.06948,1.06969,1.65,1.88
2013.04.22 06:02:54.873,1.06946,1.06967,3.68,1.13
2013.04.22 06:02:54.994,1.06946,1.06964,1.28,1.88
2013.04.22 06:02:58.222,1.06945,1.06964,1.13,2.25
2013.04.22 06:03:00.822,1.06944,1.06964,1.65,1.13
2013.04.22 06:03:01.544,1.06942,1.0696,1.50,1.28
2013.04.22 06:03:01.743,1.06937,1.06956,1.65,1.13
2013.04.22 06:03:01.932,1.06935,1.06956,1.65,1.13
2013.04.22 06:03:03.495,1.06937,1.06958,1.88,4.95
2013.04.22 06:03:07.514,1.06938,1.06958,1.65,1.13
2013.04.22 06:03:08.213,1.06938,1.06959,1.50,1.28
2013.04.22 06:03:08.274,1.06937,1.06957,1.88,1.13
2013.04.22 06:03:08.403,1.06936,1.06957,1.50,2.40
2013.04.22 06:03:08.703,1.06937,1.06953,1.13,1.28
2013.04.22 06:03:09.276,1.06938,1.06953,1.50,1.28
2013.04.22 06:03:09.404,1.06938,1.06954,1.50,1.80
2013.04.22 06:03:09.912,1.06938,1.06957,1.50,1.88
2013.04.22 06:03:10.624,1.06936,1.06957,1.65,1.88
2013.04.22 06:03:24.593,1.06938,1.06957,1.50,1.13
2013.04.22 06:03:24.773,1.06937,1.06957,1.50,1.13
2013.04.22 06:03:25.344,1.06937,1.06958,1.65,3.83
2013.04.22 06:03:25.723,1.06935,1.06955,1.13,1.50
2013.04.22 06:03:25.843,1.06933,1.06952,1.88,1.50
2013.04.22 06:03:27.544,1.06931,1.06952,1.65,2.25
2013.04.22 06:03:28.306,1.06933,1.06952,1.13,2.25
2013.04.22 06:03:28.432,1.0693,1.06952,1.65,2.40
2013.04.22 06:03:29.472,1.06933,1.06951,1.13,1.50
2013.04.22 06:03:29.654,1.06934,1.06956,1.13,2.03
2013.04.22 06:03:30.133,1.06934,1.06952,1.65,1.13
2013.04.22 06:03:30.373,1.0693,1.06952,1.28,2.63
2013.04.22 06:03:31.223,1.06928,1.06949,1.65,1.13
2013.04.22 06:03:31.764,1.06927,1.06949,1.65,1.88
2013.04.22 06:03:32.187,1.0693,1.06951,1.13,1.05
2013.04.22 06:03:32.864,1.06932,1.06953,3.08,1.65
2013.04.22 06:03:33.056,1.06929,1.06948,1.65,1.13
2013.04.22 06:03:33.124,1.06929,1.06946,1.50,1.13
2013.04.22 06:03:33.433,1.06926,1.06946,2.40,1.13
2013.04.22 06:03:33.794,1.06926,1.06948,1.88,2.03
2013.04.22 06:03:34.164,1.06929,1.06949,1.13,1.28
2013.04.22 06:03:34.294,1.06927,1.06949,1.65,1.13
2013.04.22 06:03:35.424,1.06925,1.06946,1.50,1.13
2013.04.22 06:03:35.553,1.06922,1.06944,2.25,1.28
2013.04.22 06:03:35.672,1.06921,1.06941,1.88,1.13
2013.04.22 06:03:36.572,1.06921,1.06941,1.13,1.13
2013.04.22 06:03:36.704,1.06921,1.06937,1.13,1.13
2013.04.22 06:03:36.897,1.06915,1.06937,1.88,1.88
2013.04.22 06:03:37.083,1.06915,1.06935,1.13,2.33
2013.04.22 06:03:37.748,1.06912,1.06932,1.65,1.13
2013.04.22 06:03:38.433,1.06912,1.06932,1.65,1.28
2013.04.22 06:03:38.503,1.06913,1.06934,1.13,1.80
2013.04.22 06:03:38.743,1.06914,1.06936,1.88,2.63
2013.04.22 06:03:38.982,1.06918,1.0694,1.65,1.13
2013.04.22 06:03:39.283,1.06921,1.06943,2.40,1.65
2013.04.22 06:03:39.464,1.06922,1.06945,3.15,2.03
2013.04.22 06:03:39.642,1.06925,1.06947,1.50,1.13
2013.04.22 06:03:40.003,1.06927,1.06948,1.50,2.03
2013.04.22 06:03:40.543,1.06925,1.06947,1.50,2.40
2013.04.22 06:03:41.202,1.06924,1.06947,1.13,3.15
2013.04.22 06:03:41.923,1.06922,1.06945,1.65,1.65
2013.04.22 06:03:41.983,1.06922,1.06945,2.63,2.25
2013.04.22 06:03:42.293,1.06925,1.06945,2.63,1.50
2013.04.22 06:03:42.853,1.06925,1.06946,1.28,1.50
2013.04.22 06:03:44.202,1.06925,1.06945,1.05,1.65
2013.04.22 06:03:44.943,1.06923,1.06945,1.88,1.88
2013.04.22 06:03:45.363,1.06923,1.06945,1.13,2.40
2013.04.22 06:03:45.902,1.06923,1.06943,1.28,3.00
2013.04.22 06:03:46.083,1.06918,1.06938,1.13,1.65
2013.04.22 06:03:46.142,1.06915,1.06936,3.90,1.28
2013.04.22 06:03:46.206,1.06914,1.06932,1.28,1.65
2013.04.22 06:03:46.334,1.06912,1.06931,1.58,1.13
2013.04.22 06:03:47.184,1.06911,1.06933,1.88,3.08
2013.04.22 06:03:47.554,1.06912,1.06935,1.65,1.88
2013.04.22 06:03:48.183,1.06912,1.06935,2.78,2.40
2013.04.22 06:03:48.667,1.06918,1.0694,1.28,1.50
2013.04.22 06:03:48.808,1.06918,1.06941,1.28,1.65
2013.04.22 06:03:48.875,1.06918,1.0694,1.65,1.13
2013.04.22 06:03:49.193,1.06917,1.0694,2.40,2.03
2013.04.22 06:03:49.553,1.06918,1.06939,1.13,1.28
2013.04.22 06:03:50.103,1.06921,1.06942,1.13,1.13
2013.04.22 06:03:50.660,1.06923,1.06943,1.13,1.65
2013.04.22 06:03:50.801,1.06924,1.06946,1.13,1.13
2013.04.22 06:03:52.673,1.06926,1.06948,2.63,1.88
2013.04.22 06:03:52.734,1.06926,1.06948,2.63,1.65
2013.04.22 06:03:53.274,1.06929,1.0695,1.13,1.88
2013.04.22 06:03:55.782,1.06931,1.06954,1.13,1.88
2013.04.22 06:04:00.455,1.06932,1.06955,1.13,1.65
2013.04.22 06:04:03.634,1.06931,1.06951,2.40,1.50
2013.04.22 06:04:03.703,1.06931,1.06951,1.65,2.63
2013.04.22 06:04:04.252,1.06927,1.06949,2.40,1.65
2013.04.22 06:04:04.962,1.06927,1.06949,2.03,1.88
2013.04.22 06:04:07.474,1.06927,1.06947,1.50,1.13
2013.04.22 06:04:07.833,1.06927,1.06948,1.65,1.13
2013.04.22 06:04:08.401,1.06926,1.06949,1.65,1.88
2013.04.22 06:04:11.203,1.06926,1.06947,1.65,1.13
2013.04.22 06:04:12.192,1.06925,1.06947,1.50,1.28
2013.04.22 06:04:12.493,1.06922,1.06944,2.03,1.28
2013.04.22 06:04:13.485,1.06922,1.06942,1.13,1.28
2013.04.22 06:04:13.884,1.06921,1.06942,1.50,1.28
2013.04.22 06:04:14.753,1.06921,1.06942,1.65,1.05
2013.04.22 06:04:15.123,1.06921,1.06943,2.78,1.13
2013.04.22 06:04:16.223,1.06921,1.06942,2.63,1.13
2013.04.22 06:04:16.774,1.06921,1.06942,1.50,1.28
2013.04.22 06:04:17.773,1.06921,1.06942,1.65,1.05
2013.04.22 06:04:18.072,1.06921,1.0694,1.65,1.13
2013.04.22 06:04:18.283,1.06921,1.0694,1.65,1.13
2013.04.22 06:04:18.867,1.06926,1.06942,1.50,1.65
2013.04.22 06:04:18.937,1.06934,1.06944,1.28,2.25
2013.04.22 06:04:19.007,1.06937,1.06946,1.50,2.07
2013.04.22 06:04:19.143,1.06938,1.06956,1.65,1.13
2013.04.22 06:04:19.263,1.06942,1.06961,1.13,1.50
2013.04.22 06:04:19.383,1.06942,1.06962,2.40,2.03
2013.04.22 06:04:19.503,1.06942,1.06964,2.40,1.05
2013.04.22 06:04:19.563,1.06942,1.06964,1.65,1.05
2013.04.22 06:04:19.864,1.06937,1.06959,1.50,1.28
2013.04.22 06:04:20.173,1.06937,1.06959,1.50,1.28
2013.04.22 06:04:21.203,1.06937,1.06959,1.50,2.03
2013.04.22 06:04:21.443,1.06938,1.0696,2.03,2.59
2013.04.22 06:04:21.564,1.06938,1.06959,1.65,1.88
2013.04.22 06:04:21.745,1.0694,1.06959,1.13,1.65
2013.04.22 06:04:21.813,1.0694,1.0696,1.88,1.80
2013.04.22 06:04:22.413,1.06947,1.06969,2.63,1.13
2013.04.22 06:04:22.902,1.0696,1.06969,1.13,1.50
2013.04.22 06:04:23.144,1.06967,1.06987,1.13,3.08
2013.04.22 06:04:23.525,1.06967,1.06991,1.88,1.05
2013.04.22 06:04:23.593,1.06967,1.06991,1.50,1.13
2013.04.22 06:04:23.788,1.06967,1.06992,2.63,1.13
2013.04.22 06:04:24.547,1.06969,1.06992,1.88,2.03
2013.04.22 06:04:24.854,1.06974,1.06996,1.13,1.28
2013.04.22 06:04:25.163,1.06973,1.06996,3.08,1.28
2013.04.22 06:04:25.544,1.0697,1.06992,2.03,1.28
2013.04.22 06:04:25.664,1.06967,1.06989,3.08,1.13
2013.04.22 06:04:26.022,1.06965,1.06987,2.44,3.83
2013.04.22 06:04:26.753,1.06964,1.06984,1.32,1.88
2013.04.22 06:04:26.814,1.06965,1.06984,1.32,1.50
2013.04.22 06:04:26.943,1.06963,1.06985,2.44,1.88
2013.04.22 06:04:27.182,1.06963,1.06986,1.13,1.65
2013.04.22 06:04:27.363,1.06963,1.06985,3.15,1.28
2013.04.22 06:04:27.664,1.06962,1.06983,1.65,1.13
2013.04.22 06:04:27.736,1.06963,1.06984,1.13,1.05
2013.04.22 06:04:28.283,1.06964,1.06987,3.08,3.53
2013.04.22 06:04:28.403,1.06962,1.06985,1.65,1.28
2013.04.22 06:04:29.303,1.06958,1.0698,1.88,1.13
2013.04.22 06:04:29.984,1.06956,1.06979,1.50,3.15
2013.04.22 06:04:30.344,1.06957,1.06979,2.03,2.25
2013.04.22 06:04:30.403,1.0696,1.06982,1.88,1.50
2013.04.22 06:04:30.525,1.06963,1.06984,1.13,1.65
2013.04.22 06:04:30.595,1.06963,1.06984,1.13,1.50
2013.04.22 06:04:32.053,1.06963,1.06985,1.13,4.05
2013.04.22 06:04:32.112,1.06961,1.06983,1.88,2.40
2013.04.22 06:04:32.173,1.0696,1.06983,1.13,5.33
2013.04.22 06:04:32.475,1.06957,1.0698,2.78,3.08
2013.04.22 06:04:32.902,1.06957,1.06979,2.03,1.65
2013.04.22 06:04:33.262,1.06954,1.06975,2.18,1.13
2013.04.22 06:04:33.802,1.06952,1.06973,1.50,1.65
2013.04.22 06:04:34.164,1.06955,1.06973,1.13,1.50
2013.04.22 06:04:35.463,1.06958,1.06973,1.13,1.50
2013.04.22 06:04:35.523,1.06961,1.06976,1.88,2.18
2013.04.22 06:04:35.644,1.06962,1.06982,1.13,1.65
2013.04.22 06:04:35.773,1.06964,1.06987,2.03,1.50
2013.04.22 06:04:36.263,1.06967,1.06988,3.15,1.50
2013.04.22 06:04:36.384,1.06968,1.06991,1.28,1.65
2013.04.22 06:04:36.514,1.06967,1.06991,3.15,3.30
2013.04.22 06:04:36.693,1.06965,1.06988,1.50,1.88
2013.04.22 06:04:37.004,1.0696,1.06982,1.65,1.65
2013.04.22 06:04:37.314,1.06959,1.06982,1.65,1.65
2013.04.22 06:04:37.552,1.06959,1.06981,1.28,1.28
2013.04.22 06:04:38.092,1.06956,1.06977,1.13,1.05
2013.04.22 06:04:38.393,1.06954,1.06976,1.28,1.50
2013.04.22 06:04:38.572,1.0696,1.06981,1.13,1.65
2013.04.22 06:04:39.924,1.06957,1.06978,3.08,1.28
2013.04.22 06:04:39.982,1.06956,1.06977,1.65,1.28
2013.04.22 06:04:40.102,1.06953,1.06975,1.28,1.13
2013.04.22 06:04:41.645,1.06951,1.06974,1.13,3.83
2013.04.22 06:04:41.774,1.06953,1.06974,1.13,2.63
2013.04.22 06:04:41.894,1.06954,1.06976,1.13,1.05
2013.04.22 06:04:42.073,1.06954,1.06977,1.13,3.08
2013.04.22 06:04:42.632,1.06954,1.06977,2.78,2.93
2013.04.22 06:04:43.362,1.06957,1.06977,1.28,3.08
2013.04.22 06:04:44.753,1.06956,1.06978,1.13,2.40
2013.04.22 06:04:45.122,1.06955,1.06978,1.88,1.88
2013.04.22 06:04:48.034,1.06956,1.06977,1.28,1.50
2013.04.22 06:04:48.092,1.06958,1.06978,1.05,1.13
2013.04.22 06:04:48.634,1.06955,1.06978,1.88,2.63
2013.04.22 06:04:51.733,1.06956,1.06978,1.13,2.40
2013.04.22 06:04:51.854,1.06959,1.06982,1.13,1.65
2013.04.22 06:04:51.984,1.06962,1.06984,1.13,2.40
2013.04.22 06:04:52.292,1.06961,1.06983,1.65,1.28
2013.04.22 06:04:52.683,1.06963,1.06984,1.88,2.40
2013.04.22 06:04:55.163,1.06965,1.06987,1.65,3.38
2013.04.22 06:04:56.127,1.06964,1.06987,1.65,1.13
2013.04.22 06:04:56.673,1.06967,1.06987,1.50,3.38
2013.04.22 06:04:58.503,1.06967,1.06986,1.50,2.63
2013.04.22 06:04:58.813,1.06963,1.06981,1.65,2.40
2013.04.22 06:04:59.112,1.06957,1.06978,1.65,1.65
2013.04.22 06:05:00.975,1.06954,1.06976,3.08,1.13
2013.04.22 06:05:01.225,1.06953,1.06973,1.50,1.13
2013.04.22 06:05:01.294,1.06954,1.06975,1.13,1.65
2013.04.22 06:05:01.545,1.06955,1.06977,2.40,1.09
2013.04.22 06:05:01.613,1.06956,1.06977,1.13,1.09
2013.04.22 06:05:02.524,1.06956,1.06978,1.28,1.50
2013.04.22 06:05:02.763,1.06957,1.06979,1.28,1.50
2013.04.22 06:05:02.884,1.06959,1.06981,1.28,1.65
2013.04.22 06:05:03.065,1.06962,1.06985,1.13,2.40
2013.04.22 06:05:03.373,1.06961,1.06984,2.40,1.28
2013.04.22 06:05:03.674,1.06962,1.06984,1.13,1.80
2013.04.22 06:05:04.103,1.06962,1.06984,1.28,1.65
2013.04.22 06:05:04.443,1.06962,1.06982,1.05,1.13
2013.04.22 06:05:04.953,1.06962,1.06984,1.13,1.80
2013.04.22 06:05:05.134,1.06961,1.06983,1.65,1.13
2013.04.22 06:05:05.254,1.06959,1.06981,1.28,1.28
2013.04.22 06:05:05.324,1.06959,1.06981,1.50,1.80
2013.04.22 06:05:05.632,1.06959,1.06981,2.40,1.50
2013.04.22 06:05:05.814,1.06959,1.06978,1.43,1.65
2013.04.22 06:05:06.065,1.06952,1.06973,2.03,1.50
2013.04.22 06:05:06.194,1.06952,1.06972,1.65,1.13
2013.04.22 06:05:06.744,1.0695,1.06971,1.13,1.50
2013.04.22 06:05:07.543,1.0695,1.06969,1.13,1.65
2013.04.22 06:05:08.083,1.06948,1.06969,2.03,1.50
2013.04.22 06:05:08.563,1.06949,1.06968,1.28,1.50
2013.04.22 06:05:08.865,1.06949,1.06972,2.03,2.63
2013.04.22 06:05:08.936,1.0695,1.06972,1.13,2.25
2013.04.22 06:05:10.312,1.06951,1.06971,1.80,1.13
2013.04.22 06:05:11.234,1.06949,1.06971,2.40,2.25
2013.04.22 06:05:12.133,1.06949,1.06969,2.25,1.50
2013.04.22 06:05:12.253,1.06948,1.06969,1.65,1.88
2013.04.22 06:05:12.373,1.06945,1.06967,1.28,1.13
2013.04.22 06:05:12.432,1.06946,1.06968,1.13,2.78
2013.04.22 06:05:13.093,1.06946,1.06968,2.63,1.65
2013.04.22 06:05:13.394,1.06952,1.06971,1.13,1.65
2013.04.22 06:05:13.453,1.0695,1.06971,1.05,1.65
2013.04.22 06:05:13.513,1.06951,1.06971,1.13,1.50
2013.04.22 06:05:14.216,1.06947,1.0697,1.65,1.13
2013.04.22 06:05:14.282,1.06947,1.0697,1.65,1.28
2013.04.22 06:05:14.403,1.06945,1.06967,1.50,1.65
2013.04.22 06:05:14.466,1.06946,1.06967,2.25,1.50
2013.04.22 06:05:14.993,1.06948,1.06969,1.13,1.65
2013.04.22 06:05:15.053,1.06946,1.06969,3.38,1.88
2013.04.22 06:05:15.612,1.06946,1.06968,1.13,3.08
2013.04.22 06:05:15.673,1.06945,1.06966,2.78,1.13
2013.04.22 06:05:17.254,1.06942,1.06963,1.13,1.13
2013.04.22 06:05:17.802,1.06943,1.06966,1.88,1.65
2013.04.22 06:05:18.045,1.06943,1.06965,2.40,1.88
2013.04.22 06:05:18.173,1.06943,1.06965,1.13,2.33
2013.04.22 06:05:18.532,1.06943,1.06965,1.13,1.65
2013.04.22 06:05:18.594,1.06943,1.06966,2.63,1.65
2013.04.22 06:05:18.894,1.06946,1.0697,2.78,3.15
2013.04.22 06:05:19.224,1.06946,1.06968,1.28,1.13
2013.04.22 06:05:19.793,1.06946,1.06969,1.88,1.65
2013.04.22 06:05:20.545,1.06946,1.0697,2.63,3.15
2013.04.22 06:05:22.672,1.06949,1.0697,1.13,2.40
2013.04.22 06:05:25.613,1.06951,1.06972,1.65,1.13
2013.04.22 06:05:25.973,1.06956,1.06976,1.50,2.25
2013.04.22 06:05:29.763,1.06955,1.06972,1.50,1.65
2013.04.22 06:05:29.942,1.06949,1.06972,2.25,1.88
2013.04.22 06:05:30.133,1.06949,1.06968,1.28,1.13
2013.04.22 06:05:30.193,1.0695,1.06968,1.13,1.65
2013.04.22 06:05:30.312,1.0695,1.06968,1.13,3.08
2013.04.22 06:05:30.493,1.0695,1.06968,1.13,1.65
2013.04.22 06:05:30.972,1.06946,1.06968,2.55,1.13
2013.04.22 06:05:31.033,1.06946,1.06968,1.88,1.80
2013.04.22 06:05:31.093,1.06946,1.06968,1.88,1.80
2013.04.22 06:05:31.154,1.06946,1.06968,2.03,1.65
2013.04.22 06:05:31.633,1.06948,1.06969,1.80,1.88
2013.04.22 06:05:32.553,1.06946,1.06968,1.88,2.55
2013.04.22 06:05:32.614,1.06946,1.06967,1.65,1.13
2013.04.22 06:05:33.563,1.06943,1.06964,1.88,1.65
2013.04.22 06:05:33.982,1.06942,1.06964,2.40,1.13
2013.04.22 06:05:35.324,1.06942,1.06964,2.40,1.88
2013.04.22 06:05:36.342,1.06943,1.06964,1.28,1.88
2013.04.22 06:05:36.465,1.06944,1.06964,1.13,1.65
2013.04.22 06:05:36.533,1.06947,1.06967,1.13,1.65
2013.04.22 06:05:36.713,1.06947,1.06968,1.13,1.88
2013.04.22 06:05:37.232,1.06945,1.06967,1.80,1.13
2013.04.22 06:05:38.496,1.06945,1.06967,1.65,1.13
2013.04.22 06:05:39.475,1.06946,1.06968,1.13,2.78
2013.04.22 06:05:39.963,1.06947,1.06968,1.28,1.65
2013.04.22 06:05:40.143,1.06948,1.06968,1.05,1.13
2013.04.22 06:05:40.504,1.06944,1.06967,3.15,1.88
2013.04.22 06:05:40.694,1.06943,1.06966,1.65,1.13
2013.04.22 06:05:41.052,1.06943,1.06965,1.88,2.40
2013.04.22 06:05:41.241,1.06943,1.06964,2.40,1.13
2013.04.22 06:05:45.724,1.06941,1.06961,1.88,1.80
2013.04.22 06:05:45.795,1.06938,1.06958,2.03,1.13
2013.04.22 06:05:46.104,1.06937,1.06958,1.65,1.13
2013.04.22 06:05:46.456,1.06938,1.06958,1.65,1.13
2013.04.22 06:05:46.523,1.06939,1.0696,1.88,1.28
2013.04.22 06:05:48.876,1.06942,1.06962,1.13,1.65
2013.04.22 06:05:49.212,1.06944,1.06965,1.65,1.65
2013.04.22 06:05:49.346,1.06945,1.06966,1.65,1.65
2013.04.22 06:05:49.473,1.06946,1.06968,1.65,1.28
2013.04.22 06:05:52.094,1.06948,1.06969,1.65,1.88
2013.04.22 06:05:56.562,1.06948,1.06968,1.50,1.13
2013.04.22 06:05:57.084,1.06947,1.06968,1.13,1.88
2013.04.22 06:05:58.334,1.06946,1.06968,2.63,1.88
2013.04.22 06:06:00.446,1.06947,1.06968,1.13,1.88
2013.04.22 06:06:00.993,1.06951,1.06971,1.13,1.80
2013.04.22 06:06:01.293,1.0695,1.06971,1.05,1.65
2013.04.22 06:06:01.954,1.06949,1.06971,1.13,1.65
2013.04.22 06:06:03.370,1.0696,1.06979,1.13,1.95
2013.04.22 06:06:03.437,1.0696,1.06981,1.13,1.65
2013.04.22 06:06:03.683,1.06959,1.06983,2.40,1.28
2013.04.22 06:06:04.273,1.06959,1.0698,1.65,1.13
2013.04.22 06:06:04.813,1.06957,1.06978,1.65,1.13
2013.04.22 06:06:05.114,1.06955,1.06977,1.65,1.28
2013.04.22 06:06:06.922,1.06954,1.06974,1.65,1.13
2013.04.22 06:06:07.472,1.0695,1.06971,3.30,1.13
2013.04.22 06:06:07.893,1.06949,1.0697,1.65,1.88
2013.04.22 06:06:08.073,1.06949,1.0697,1.13,1.65
2013.04.22 06:06:09.493,1.0695,1.06973,3.23,1.13
2013.04.22 06:06:09.794,1.06953,1.06977,1.28,2.25
2013.04.22 06:06:13.054,1.06956,1.06978,1.13,1.65
2013.04.22 06:06:13.472,1.06956,1.06979,1.13,1.50
2013.04.22 06:06:13.847,1.06958,1.06979,1.47,2.25
2013.04.22 06:06:14.193,1.06958,1.06979,1.47,1.50
2013.04.22 06:06:14.495,1.06957,1.06979,1.84,1.65
2013.04.22 06:06:17.283,1.06955,1.06978,1.65,1.13
2013.04.22 06:06:19.374,1.06957,1.0698,4.80,1.88
2013.04.22 06:06:19.696,1.06961,1.06983,1.13,2.25
2013.04.22 06:06:21.132,1.06957,1.06979,3.15,1.65
2013.04.22 06:06:22.323,1.06958,1.0698,2.40,1.50
2013.04.22 06:06:22.383,1.06961,1.06984,1.28,1.65
2013.04.22 06:06:22.765,1.06967,1.06984,1.28,1.50
2013.04.22 06:06:22.835,1.06967,1.0699,2.03,1.13
2013.04.22 06:06:23.084,1.06971,1.06991,1.13,1.65
2013.04.22 06:06:23.444,1.06971,1.06991,1.13,1.50
2013.04.22 06:06:24.773,1.06972,1.06991,2.03,1.50
2013.04.22 06:06:24.894,1.06978,1.06994,1.88,1.50
2013.04.22 06:06:24.953,1.06978,1.06995,2.78,2.18
2013.04.22 06:06:25.014,1.06978,1.06998,1.28,1.65
2013.04.22 06:06:25.193,1.06976,1.06998,1.69,2.40
2013.04.22 06:06:25.252,1.06976,1.06998,1.69,2.25
2013.04.22 06:06:25.553,1.06978,1.07001,2.78,1.65
2013.04.22 06:06:25.854,1.06986,1.07002,1.13,2.18
2013.04.22 06:06:25.914,1.06989,1.07004,1.65,1.50
2013.04.22 06:06:25.974,1.06989,1.07005,2.03,2.18
2013.04.22 06:06:26.044,1.06989,1.07007,2.03,1.50
2013.04.22 06:06:26.103,1.06989,1.0701,2.03,2.25
2013.04.22 06:06:26.523,1.06991,1.07009,1.13,1.65
2013.04.22 06:06:26.943,1.06988,1.07008,2.22,2.40
2013.04.22 06:06:27.003,1.06988,1.07007,1.47,1.50
2013.04.22 06:06:27.064,1.06987,1.07007,2.07,1.50
2013.04.22 06:06:27.243,1.06986,1.07005,2.40,1.65
2013.04.22 06:06:27.553,1.06982,1.07002,2.03,1.88
2013.04.22 06:06:28.114,1.06982,1.07003,1.50,1.65
2013.04.22 06:06:28.672,1.06987,1.07005,1.88,1.13
2013.04.22 06:06:29.235,1.06987,1.07006,2.63,1.28
2013.04.22 06:06:29.544,1.06985,1.07004,1.13,1.05
2013.04.22 06:06:30.463,1.06987,1.07005,1.88,1.13
2013.04.22 06:06:31.097,1.06987,1.07007,2.03,1.88
2013.04.22 06:06:31.903,1.06989,1.07007,1.13,1.50
2013.04.22 06:06:32.024,1.06992,1.07009,1.28,1.50
2013.04.22 06:06:32.214,1.06992,1.07013,1.28,1.13
2013.04.22 06:06:32.483,1.06992,1.07011,1.13,1.13
2013.04.22 06:06:32.543,1.06992,1.07013,1.28,1.13
2013.04.22 06:06:33.044,1.06991,1.07013,1.65,1.13
2013.04.22 06:06:33.109,1.06991,1.07011,1.50,1.13
2013.04.22 06:06:34.053,1.0699,1.07008,1.13,1.13
2013.04.22 06:06:34.125,1.06989,1.07008,1.13,1.13
2013.04.22 06:06:34.634,1.06987,1.07008,2.55,1.13
2013.04.22 06:06:34.705,1.06989,1.07011,1.88,2.40
2013.04.22 06:06:35.256,1.0699,1.07012,2.03,1.65
2013.04.22 06:06:35.383,1.0699,1.07011,1.28,1.13
2013.04.22 06:06:35.694,1.0699,1.07012,1.50,1.88
2013.04.22 06:06:36.703,1.0699,1.07011,1.50,2.78
2013.04.22 06:06:36.764,1.06988,1.07009,1.50,1.28
2013.04.22 06:06:39.175,1.0699,1.07008,1.13,2.25
2013.04.22 06:06:39.304,1.0699,1.07009,1.13,1.65
2013.04.22 06:06:39.484,1.06989,1.07009,1.65,1.13
2013.04.22 06:06:40.024,1.0699,1.07011,1.13,2.55
2013.04.22 06:06:40.084,1.06992,1.07011,1.13,1.50
2013.04.22 06:06:40.156,1.06992,1.07012,1.13,3.00
2013.04.22 06:06:40.404,1.06995,1.07017,1.28,1.65
2013.04.22 06:06:41.304,1.06996,1.07017,2.03,1.65
2013.04.22 06:06:41.613,1.07002,1.07021,1.13,1.65
2013.04.22 06:06:42.145,1.07002,1.07021,1.13,1.65
2013.04.22 06:06:42.453,1.06996,1.07018,1.13,4.05
2013.04.22 06:06:42.874,1.06995,1.07015,1.65,1.65
2013.04.22 06:06:43.574,1.06997,1.07015,2.40,1.65
2013.04.22 06:06:43.755,1.07002,1.0702,1.13,1.65
2013.04.22 06:06:43.945,1.06998,1.0702,1.88,1.65
2013.04.22 06:06:44.015,1.06998,1.07018,1.65,1.65
2013.04.22 06:06:44.145,1.06995,1.07016,2.03,1.13
2013.04.22 06:06:44.585,1.06996,1.07014,1.13,1.65
2013.04.22 06:06:46.033,1.06998,1.07017,1.13,1.50
2013.04.22 06:06:46.565,1.07001,1.07019,1.13,2.18
2013.04.22 06:06:46.634,1.07001,1.07022,1.13,1.65
2013.04.22 06:06:46.874,1.07001,1.07022,1.13,1.65
2013.04.22 06:06:47.843,1.07001,1.07021,1.13,1.65
2013.04.22 06:06:48.273,1.07001,1.07021,1.28,1.50
2013.04.22 06:06:48.695,1.07007,1.0702,1.13,1.50
2013.04.22 06:06:48.765,1.07007,1.07023,1.13,1.50
2013.04.22 06:06:49.033,1.07005,1.07025,1.05,3.38
2013.04.22 06:06:49.273,1.07006,1.07023,1.13,1.50
2013.04.22 06:06:49.346,1.07007,1.07026,1.13,1.50
2013.04.22 06:06:49.888,1.07006,1.07027,1.28,2.40
2013.04.22 06:06:49.965,1.07002,1.07023,1.05,1.88
2013.04.22 06:06:50.448,1.07001,1.07021,1.50,3.08
2013.04.22 06:06:51.017,1.07001,1.07021,2.25,1.65
2013.04.22 06:06:51.582,1.07003,1.07021,1.13,1.50
2013.04.22 06:06:52.404,1.07,1.07019,1.50,1.50
2013.04.22 06:06:52.605,1.06997,1.07016,1.13,1.13
2013.04.22 06:06:53.198,1.06991,1.07014,2.78,1.13
2013.04.22 06:06:54.614,1.06991,1.07011,2.03,1.50
2013.04.22 06:06:54.743,1.0699,1.07011,2.03,1.88
2013.04.22 06:06:57.015,1.0699,1.07006,1.13,2.93
2013.04.22 06:06:57.883,1.0699,1.07009,1.13,3.83
2013.04.22 06:06:58.183,1.0699,1.07011,1.13,1.13
2013.04.22 06:06:58.545,1.06989,1.07007,1.28,2.40
2013.04.22 06:06:58.857,1.06987,1.07005,1.50,1.50
2013.04.22 06:06:58.984,1.06987,1.07009,1.50,2.63
2013.04.22 06:06:59.606,1.06979,1.07003,3.08,2.03
2013.04.22 06:06:59.674,1.06975,1.06997,2.18,1.13
2013.04.22 06:06:59.744,1.06975,1.06998,2.40,1.88
2013.04.22 06:07:00.282,1.06973,1.06997,3.53,4.58
2013.04.22 06:07:00.586,1.06977,1.06998,1.28,3.08
2013.04.22 06:07:00.655,1.06978,1.07,2.03,1.13
2013.04.22 06:07:00.963,1.06981,1.07002,1.13,1.65
2013.04.22 06:07:01.693,1.06981,1.07001,1.13,1.65
2013.04.22 06:07:02.803,1.06981,1.07004,1.13,1.88
2013.04.22 06:07:03.445,1.06982,1.07004,1.13,2.40
2013.04.22 06:07:03.755,1.06986,1.07007,2.03,1.65
2013.04.22 06:07:04.423,1.06986,1.07006,2.03,1.65
2013.04.22 06:07:04.728,1.06981,1.07003,2.40,2.18
2013.04.22 06:07:04.794,1.06982,1.07003,3.38,2.18
2013.04.22 06:07:04.865,1.06982,1.07003,3.38,2.55
2013.04.22 06:07:05.113,1.06977,1.06999,1.65,1.50
2013.04.22 06:07:05.423,1.06983,1.07004,2.78,2.25
2013.04.22 06:07:06.265,1.06982,1.07005,3.90,1.65
2013.04.22 06:07:09.443,1.06982,1.07003,1.65,1.88
2013.04.22 06:07:09.625,1.06975,1.06997,2.82,1.65
2013.04.22 06:07:09.753,1.06973,1.06997,1.47,1.65
2013.04.22 06:07:12.683,1.06977,1.06997,1.13,1.50
2013.04.22 06:07:12.864,1.06978,1.07001,2.03,1.65
2013.04.22 06:07:13.104,1.06978,1.06999,1.65,1.13
2013.04.22 06:07:13.653,1.06977,1.06999,1.13,1.50
2013.04.22 06:07:13.834,1.06979,1.07001,1.28,1.65
2013.04.22 06:07:13.894,1.06979,1.07,1.13,1.13
2013.04.22 06:07:14.143,1.06976,1.06999,2.33,1.88
2013.04.22 06:07:14.262,1.06977,1.06999,1.13,2.25
2013.04.22 06:07:14.384,1.06977,1.06999,1.65,2.63
2013.04.22 06:07:14.444,1.06977,1.06999,1.05,2.63
2013.04.22 06:07:14.804,1.06979,1.07001,1.28,1.65
2013.04.22 06:07:15.155,1.06979,1.06999,1.28,1.50
2013.04.22 06:07:15.287,1.06977,1.06997,1.28,1.50
2013.04.22 06:07:15.477,1.06976,1.06997,1.13,2.63
2013.04.22 06:07:16.166,1.06973,1.06993,1.09,2.25
2013.04.22 06:07:17.037,1.06972,1.06992,1.80,1.13
2013.04.22 06:07:17.285,1.06968,1.0699,2.25,1.88
2013.04.22 06:07:17.659,1.06967,1.06989,2.63,1.65
2013.04.22 06:07:19.117,1.06967,1.06988,2.63,1.65
2013.04.22 06:07:24.537,1.06965,1.06986,1.65,1.05
2013.04.22 06:07:25.718,1.06964,1.06985,1.13,1.65
2013.04.22 06:07:26.043,1.06961,1.06983,1.50,2.78
2013.04.22 06:07:26.903,1.0696,1.06978,1.65,1.65
2013.04.22 06:07:27.545,1.06957,1.06977,3.23,1.13
2013.04.22 06:07:27.614,1.06956,1.06977,1.65,1.13
2013.04.22 06:07:27.854,1.06956,1.06978,1.50,1.88
2013.04.22 06:07:28.162,1.06951,1.06974,3.83,2.03
2013.04.22 06:07:31.024,1.0695,1.06971,2.40,1.13
2013.04.22 06:07:32.323,1.0695,1.06969,1.50,1.13
2013.04.22 06:07:33.045,1.0695,1.06969,1.50,1.13
2013.04.22 06:07:33.416,1.06951,1.06972,1.88,1.65
2013.04.22 06:07:33.723,1.06958,1.06977,1.13,1.28
2013.04.22 06:07:33.785,1.06959,1.06978,1.13,1.50
2013.04.22 06:07:34.480,1.06961,1.06981,2.03,1.50
2013.04.22 06:07:34.785,1.06961,1.06981,1.50,1.28
2013.04.22 06:07:36.953,1.06961,1.0698,3.00,1.13
2013.04.22 06:07:37.254,1.06963,1.0698,1.50,1.13
2013.04.22 06:07:37.323,1.06963,1.06985,1.65,2.63
2013.04.22 06:07:38.555,1.06962,1.06983,1.88,2.40
2013.04.22 06:07:38.684,1.0696,1.0698,1.65,1.65
2013.04.22 06:07:38.869,1.06957,1.06979,1.28,3.75
2013.04.22 06:07:39.175,1.06957,1.06977,1.13,1.65
2013.04.22 06:07:39.485,1.06956,1.06977,1.65,1.88
2013.04.22 06:07:39.853,1.06957,1.06977,1.13,1.65
2013.04.22 06:07:40.213,1.06959,1.06979,1.65,1.13
2013.04.22 06:07:40.746,1.06959,1.06981,2.63,1.80
2013.04.22 06:07:40.815,1.06959,1.06981,1.88,1.65
2013.04.22 06:07:40.947,1.06963,1.06982,1.88,1.65
2013.04.22 06:07:41.122,1.06963,1.06982,1.88,1.65
2013.04.22 06:07:42.044,1.06962,1.06982,1.65,1.88
2013.04.22 06:07:43.195,1.0696,1.06978,1.50,1.13
2013.04.22 06:07:43.326,1.06958,1.06977,1.50,1.13
2013.04.22 06:07:43.909,1.06957,1.06975,1.50,1.13
2013.04.22 06:07:44.256,1.06953,1.06974,1.28,1.13
2013.04.22 06:07:44.725,1.06954,1.06974,1.65,1.13
2013.04.22 06:07:44.854,1.06956,1.06976,1.65,1.05
2013.04.22 06:07:44.915,1.06958,1.06977,1.50,1.13
2013.04.22 06:07:45.224,1.06959,1.06979,1.65,1.13
2013.04.22 06:07:45.564,1.06959,1.06977,1.50,1.13
2013.04.22 06:07:51.575,1.0696,1.06979,1.65,1.50
2013.04.22 06:07:51.644,1.0696,1.0698,1.88,1.65
2013.04.22 06:07:51.704,1.06962,1.0698,1.13,1.50
2013.04.22 06:07:52.407,1.06966,1.06981,1.13,1.13
2013.04.22 06:07:52.621,1.06966,1.06987,1.28,1.50
2013.04.22 06:07:53.350,1.06966,1.06988,1.28,1.65
2013.04.22 06:07:53.429,1.06972,1.0699,1.28,1.13
2013.04.22 06:07:53.569,1.06972,1.06995,1.88,1.88
2013.04.22 06:07:53.778,1.06976,1.06997,1.13,2.03
2013.04.22 06:07:55.614,1.06978,1.06998,1.13,1.13
2013.04.22 06:07:55.684,1.06977,1.06998,1.13,1.50
2013.04.22 06:07:55.803,1.06979,1.06998,1.28,1.28
2013.04.22 06:07:55.863,1.06981,1.06999,1.13,1.13
2013.04.22 06:07:56.043,1.06979,1.07,1.28,2.03
2013.04.22 06:07:56.103,1.06982,1.07,1.65,1.28
2013.04.22 06:07:57.433,1.06979,1.07001,1.65,2.40
2013.04.22 06:07:58.815,1.06979,1.07,1.65,1.13
2013.04.22 06:07:59.007,1.06979,1.06998,1.50,1.28
2013.04.22 06:07:59.813,1.06974,1.06996,2.40,1.88
2013.04.22 06:08:00.534,1.06974,1.06996,1.65,1.88
2013.04.22 06:08:01.093,1.06979,1.06997,1.13,2.33
2013.04.22 06:08:01.154,1.06979,1.06999,1.13,1.65
2013.04.22 06:08:01.556,1.06982,1.06999,1.28,1.50
2013.04.22 06:08:01.803,1.06982,1.07002,1.05,1.65
2013.04.22 06:08:02.286,1.0698,1.07001,1.65,1.13
2013.04.22 06:08:05.204,1.0698,1.06999,1.65,1.13
2013.04.22 06:08:07.354,1.06977,1.06997,1.50,1.28
2013.04.22 06:08:08.483,1.06975,1.06996,2.40,1.13
2013.04.22 06:08:09.901,1.06979,1.06999,1.13,1.65
2013.04.22 06:08:10.158,1.06982,1.06999,1.13,1.50
2013.04.22 06:08:10.234,1.06977,1.06999,2.25,2.78
2013.04.22 06:08:10.423,1.06977,1.06999,2.25,2.78
2013.04.22 06:08:12.074,1.06977,1.06999,2.40,2.78
2013.04.22 06:08:16.274,1.06981,1.07,1.13,1.50
2013.04.22 06:08:16.406,1.06981,1.07004,1.13,2.63
2013.04.22 06:08:17.276,1.0698,1.07001,2.25,1.28
2013.04.22 06:08:17.585,1.06977,1.06998,1.50,1.28
2013.04.22 06:08:18.984,1.06979,1.07,1.13,1.88
2013.04.22 06:08:20.695,1.06979,1.07001,2.40,2.03
2013.04.22 06:08:20.884,1.06979,1.06999,1.50,1.28
2013.04.22 06:08:20.945,1.06979,1.06999,1.65,2.03
2013.04.22 06:08:22.433,1.06978,1.07,1.50,1.88
2013.04.22 06:08:23.333,1.06979,1.07,1.13,2.63
2013.04.22 06:08:23.393,1.06979,1.07,1.13,2.63
2013.04.22 06:08:23.883,1.06979,1.07,1.50,1.13
2013.04.22 06:08:24.123,1.06978,1.07,2.25,2.03
2013.04.22 06:08:24.244,1.06977,1.06997,1.65,1.05
2013.04.22 06:08:25.583,1.06978,1.06999,1.88,1.65
2013.04.22 06:08:25.643,1.06979,1.06999,1.65,1.65
2013.04.22 06:08:26.133,1.0698,1.07001,1.65,1.13
2013.04.22 06:08:26.734,1.06985,1.07002,1.50,1.13
2013.04.22 06:08:26.794,1.06985,1.07004,1.65,2.40
2013.04.22 06:08:27.892,1.06987,1.07007,1.65,1.13
2013.04.22 06:08:27.986,1.06978,1.06997,1.13,1.13
2013.04.22 06:08:28.293,1.06977,1.06998,1.65,1.28
2013.04.22 06:08:29.852,1.06979,1.07,1.50,1.88
2013.04.22 06:08:30.183,1.06979,1.07,1.65,1.28
2013.04.22 06:08:31.714,1.06979,1.06999,1.50,1.28
2013.04.22 06:08:37.905,1.06977,1.06997,1.65,1.28
2013.04.22 06:08:38.204,1.06979,1.06999,1.50,1.13
2013.04.22 06:08:38.624,1.06979,1.06999,1.50,1.13
2013.04.22 06:08:39.714,1.06976,1.06997,2.25,1.28
2013.04.22 06:08:40.277,1.06976,1.06998,1.50,2.03
2013.04.22 06:08:40.835,1.06976,1.06998,2.25,2.03
2013.04.22 06:08:43.023,1.06976,1.06996,2.63,1.05
2013.04.22 06:08:43.616,1.06976,1.06998,2.25,1.28
2013.04.22 06:08:44.162,1.06976,1.06996,1.50,1.28
2013.04.22 06:08:50.504,1.06974,1.06994,1.65,2.63
2013.04.22 06:08:50.810,1.06969,1.06991,1.50,1.88
2013.04.22 06:08:50.933,1.06965,1.06986,1.65,1.28
2013.04.22 06:08:51.864,1.06963,1.06985,1.65,1.13
2013.04.22 06:08:54.613,1.06967,1.06986,1.13,3.08
2013.04.22 06:08:54.696,1.06968,1.06987,1.65,1.65
2013.04.22 06:08:54.769,1.06967,1.06987,1.65,1.88
2013.04.22 06:08:54.838,1.06966,1.06985,2.25,1.13
2013.04.22 06:08:55.044,1.06963,1.06985,1.65,1.13
2013.04.22 06:08:56.054,1.06961,1.06985,2.63,1.13
2013.04.22 06:08:56.316,1.06961,1.06984,2.25,1.13
2013.04.22 06:08:56.384,1.0696,1.0698,1.50,1.13
2013.04.22 06:08:56.563,1.0696,1.06981,1.65,1.28
2013.04.22 06:08:57.257,1.0696,1.0698,1.65,1.65
2013.04.22 06:08:59.084,1.06962,1.0698,1.13,1.50
2013.04.22 06:08:59.393,1.0696,1.06981,1.65,2.03
2013.04.22 06:08:59.469,1.06959,1.06979,1.65,1.13
2013.04.22 06:08:59.907,1.0696,1.0698,1.65,1.65
2013.04.22 06:09:00.155,1.0696,1.0698,1.50,1.88
2013.04.22 06:09:00.224,1.0696,1.0698,1.65,1.65
2013.04.22 06:09:01.372,1.06962,1.06981,1.65,1.28
2013.04.22 06:09:01.449,1.06963,1.06982,1.50,1.50
2013.04.22 06:09:02.086,1.0696,1.06979,1.65,1.13
2013.04.22 06:09:03.385,1.06959,1.06979,1.65,1.13
2013.04.22 06:09:05.113,1.06962,1.06981,1.65,1.28
2013.04.22 06:09:05.614,1.06962,1.0698,1.65,1.28
2013.04.22 06:09:05.975,1.06959,1.06979,1.65,1.88
2013.04.22 06:09:06.045,1.06959,1.06979,1.65,1.88
2013.04.22 06:09:06.113,1.06959,1.06978,1.50,1.28
2013.04.22 06:09:06.474,1.06956,1.06976,1.50,1.28
2013.04.22 06:09:07.035,1.06951,1.06973,1.65,2.40
2013.04.22 06:09:07.164,1.06951,1.06973,1.65,2.40
2013.04.22 06:09:07.683,1.06956,1.06973,1.13,1.13
2013.04.22 06:09:07.743,1.06956,1.06976,1.13,1.50
2013.04.22 06:09:07.804,1.06957,1.06979,1.65,2.03
2013.04.22 06:09:08.223,1.06957,1.06979,1.65,2.25
2013.04.22 06:09:09.417,1.06957,1.06979,1.65,2.18
2013.04.22 06:09:09.487,1.0696,1.0698,1.50,1.50
2013.04.22 06:09:09.784,1.0696,1.06981,2.40,1.05
2013.04.22 06:09:12.325,1.06964,1.06979,1.50,1.13
2013.04.22 06:09:12.394,1.06964,1.06982,1.50,1.13
2013.04.22 06:09:12.643,1.0696,1.06979,1.50,1.13
2013.04.22 06:09:12.704,1.0696,1.0698,1.88,1.65
2013.04.22 06:09:12.824,1.0696,1.0698,1.88,1.65
2013.04.22 06:09:13.703,1.0696,1.0698,1.65,1.88
2013.04.22 06:09:14.067,1.06956,1.06977,1.65,1.13
2013.04.22 06:09:14.592,1.0696,1.06978,1.13,1.50
2013.04.22 06:09:14.653,1.06962,1.06978,1.13,1.50
2013.04.22 06:09:14.714,1.06963,1.06983,1.13,5.33
2013.04.22 06:09:15.195,1.06963,1.06983,1.88,1.65
2013.04.22 06:09:15.385,1.06963,1.06983,1.88,1.65
2013.04.22 06:09:15.454,1.06963,1.06983,1.88,1.65
2013.04.22 06:09:16.060,1.06963,1.06983,1.88,1.65
2013.04.22 06:09:16.385,1.06963,1.06983,1.88,1.65
2013.04.22 06:09:16.703,1.06963,1.06983,1.88,1.65
2013.04.22 06:09:21.115,1.06971,1.06991,1.65,1.13
2013.04.22 06:09:21.793,1.06971,1.06991,1.65,1.13
2013.04.22 06:09:22.345,1.06971,1.0699,1.65,1.13
2013.04.22 06:09:22.538,1.06971,1.0699,1.50,1.28
2013.04.22 06:09:32.284,1.06968,1.06988,1.65,1.13
2013.04.22 06:09:33.583,1.06969,1.06987,1.50,1.28
2013.04.22 06:09:35.764,1.06965,1.06983,1.50,1.13
2013.04.22 06:09:35.825,1.06965,1.06983,1.50,1.13
2013.04.22 06:09:36.124,1.06961,1.06983,2.40,1.28
2013.04.22 06:09:36.185,1.06961,1.06983,2.25,1.28
2013.04.22 06:09:36.674,1.06962,1.06982,1.65,1.28
2013.04.22 06:09:36.795,1.06962,1.06982,1.50,1.28
2013.04.22 06:09:37.114,1.06963,1.06983,1.50,2.78
2013.04.22 06:09:37.175,1.06962,1.06983,1.50,3.00
2013.04.22 06:09:38.434,1.0696,1.06981,1.50,1.13
2013.04.22 06:09:39.735,1.0696,1.06981,1.88,2.25
2013.04.22 06:09:39.806,1.06963,1.06981,1.65,1.50
2013.04.22 06:09:40.264,1.06963,1.0698,1.13,1.13
2013.04.22 06:09:41.306,1.06963,1.06982,1.13,1.28
2013.04.22 06:09:42.214,1.06963,1.06982,1.88,1.28
2013.04.22 06:09:44.438,1.06966,1.06982,1.65,1.28
2013.04.22 06:09:44.564,1.06966,1.06986,1.65,1.43
2013.04.22 06:09:45.293,1.06966,1.06986,1.50,2.25
2013.04.22 06:09:45.423,1.06966,1.06984,1.13,1.65
2013.04.22 06:09:46.935,1.06966,1.06986,1.88,1.28
2013.04.22 06:09:53.369,1.06975,1.0699,1.80,1.13
2013.04.22 06:09:53.496,1.06975,1.06997,1.28,2.03
2013.04.22 06:10:01.734,1.06979,1.07,1.88,1.80
2013.04.22 06:10:02.035,1.06985,1.07004,2.40,1.13
2013.04.22 06:10:02.344,1.06986,1.07006,1.65,1.13
2013.04.22 06:10:03.054,1.06987,1.07009,2.63,1.43
2013.04.22 06:10:03.355,1.06994,1.07015,1.88,1.50
2013.04.22 06:10:03.686,1.06997,1.07018,1.28,1.65
2013.04.22 06:10:03.997,1.07002,1.07024,1.65,1.80
2013.04.22 06:10:04.065,1.07001,1.07024,3.30,1.05
2013.04.22 06:10:04.196,1.07,1.07022,1.65,1.13
2013.04.22 06:10:04.444,1.06998,1.0702,1.28,1.13
2013.04.22 06:10:04.805,1.06997,1.07018,1.50,1.84
2013.04.22 06:10:04.873,1.06994,1.07016,1.65,1.28
2013.04.22 06:10:06.335,1.06993,1.0701,2.93,1.13
2013.04.22 06:10:06.405,1.06991,1.0701,1.65,1.13
2013.04.22 06:10:06.466,1.0699,1.07009,1.50,1.13
2013.04.22 06:10:06.726,1.06985,1.07007,2.03,1.28
2013.04.22 06:10:06.797,1.06985,1.07007,1.13,1.88
2013.04.22 06:10:06.865,1.06984,1.07004,1.65,1.65
2013.04.22 06:10:07.055,1.0698,1.07003,1.65,3.08
2013.04.22 06:10:07.435,1.0698,1.07002,1.28,1.88
2013.04.22 06:10:07.504,1.06978,1.07,1.50,2.33
2013.04.22 06:10:12.364,1.06979,1.06999,1.13,1.65
2013.04.22 06:10:12.544,1.06981,1.07002,1.13,2.33
2013.04.22 06:10:12.723,1.06981,1.07004,1.13,1.88
2013.04.22 06:10:13.578,1.06983,1.07004,1.13,1.50
2013.04.22 06:10:13.648,1.06983,1.07004,1.28,1.50
2013.04.22 06:10:13.715,1.06984,1.07007,1.13,1.65
2013.04.22 06:10:13.843,1.06985,1.07008,1.28,3.08
2013.04.22 06:10:16.453,1.06984,1.07005,1.13,1.65
2013.04.22 06:10:16.514,1.06982,1.07005,3.23,1.88
2013.04.22 06:10:17.318,1.06981,1.07005,1.13,4.05
2013.04.22 06:10:19.263,1.06982,1.07002,1.28,1.50
2013.04.22 06:10:20.394,1.06985,1.07005,1.13,2.40
2013.04.22 06:10:20.635,1.06988,1.07008,1.13,1.65
2013.04.22 06:10:20.884,1.06988,1.07009,1.13,1.28
2013.04.22 06:10:21.124,1.06987,1.07009,1.88,1.28
2013.04.22 06:10:22.284,1.06988,1.07009,2.03,1.13
2013.04.22 06:10:22.464,1.06992,1.07013,1.13,1.65
2013.04.22 06:10:23.116,1.06992,1.07012,1.13,1.50
2013.04.22 06:10:26.504,1.06991,1.07012,1.13,1.88
2013.04.22 06:10:26.744,1.06987,1.07008,1.13,2.40
2013.04.22 06:10:27.386,1.06985,1.07007,1.09,1.65
2013.04.22 06:10:28.944,1.06985,1.07007,2.78,2.25
2013.04.22 06:10:29.554,1.06988,1.07008,1.28,1.50
2013.04.22 06:10:29.916,1.06991,1.07011,1.13,1.50
2013.04.22 06:10:30.044,1.0699,1.07011,1.13,1.65
2013.04.22 06:10:32.384,1.06989,1.07008,1.05,1.65
2013.04.22 06:10:32.651,1.06986,1.07007,1.05,2.63
2013.04.22 06:10:32.787,1.06983,1.07005,1.09,3.08
2013.04.22 06:10:32.855,1.06982,1.07004,2.97,1.13
2013.04.22 06:10:33.583,1.06982,1.07005,1.84,4.58
2013.04.22 06:10:33.944,1.06986,1.07006,1.28,1.65
2013.04.22 06:10:34.626,1.06986,1.07007,1.28,2.03
2013.04.22 06:10:35.974,1.06986,1.07007,1.28,1.50
2013.04.22 06:10:36.634,1.06989,1.07011,1.28,1.65
2013.04.22 06:10:37.606,1.06989,1.07011,2.03,1.50
2013.04.22 06:10:37.676,1.06989,1.07011,1.28,1.65
2013.04.22 06:10:38.195,1.06988,1.07007,1.99,1.13
2013.04.22 06:10:38.325,1.06986,1.07007,2.70,1.13
2013.04.22 06:10:38.394,1.06984,1.07006,1.65,1.13
2013.04.22 06:10:38.693,1.06982,1.07004,2.25,1.28
2013.04.22 06:10:40.006,1.06978,1.07001,3.30,1.13
2013.04.22 06:10:41.423,1.06978,1.07,3.08,2.03
2013.04.22 06:10:41.543,1.06976,1.06999,1.65,1.13
2013.04.22 06:10:41.604,1.06977,1.07,1.28,3.68
2013.04.22 06:10:41.844,1.06977,1.07001,2.33,1.28
2013.04.22 06:10:42.383,1.06973,1.06997,1.65,1.65
2013.04.22 06:10:43.329,1.06976,1.06995,2.03,2.33
2013.04.22 06:10:43.634,1.06972,1.06992,1.65,1.28
2013.04.22 06:10:43.694,1.06973,1.06994,1.13,3.08
2013.04.22 06:10:44.496,1.06972,1.06995,1.80,1.13
2013.04.22 06:10:45.574,1.06973,1.06995,1.13,2.03
2013.04.22 06:10:49.243,1.06973,1.06993,1.13,1.65
2013.04.22 06:10:49.546,1.06973,1.06993,1.13,1.65
2013.04.22 06:10:49.765,1.06973,1.06993,1.13,1.65
2013.04.22 06:10:52.864,1.06974,1.06995,1.13,1.88
2013.04.22 06:10:54.914,1.06976,1.06995,1.13,1.28
2013.04.22 06:10:56.322,1.06973,1.06995,1.28,1.88
2013.04.22 06:10:58.103,1.06973,1.06995,1.13,1.50
2013.04.22 06:10:58.225,1.06975,1.06997,2.63,1.65
2013.04.22 06:10:58.287,1.06975,1.06995,1.88,1.50
2013.04.22 06:10:58.473,1.06973,1.06995,1.13,1.88
2013.04.22 06:10:58.785,1.06973,1.06995,1.13,1.88
2013.04.22 06:11:06.174,1.06972,1.06993,2.40,1.88
2013.04.22 06:11:06.475,1.06972,1.06989,1.50,1.13
2013.04.22 06:11:06.545,1.06966,1.06986,3.00,1.05
2013.04.22 06:11:06.613,1.06963,1.06986,5.55,1.28
2013.04.22 06:11:06.914,1.0696,1.06981,2.18,2.33
2013.04.22 06:11:07.473,1.06962,1.06981,1.13,3.08
2013.04.22 06:11:07.773,1.06962,1.06983,2.03,2.78
2013.04.22 06:11:07.953,1.06963,1.06983,2.03,1.50
2013.04.22 06:11:08.013,1.06963,1.06984,2.03,1.13
2013.04.22 06:11:08.373,1.06963,1.06985,1.13,2.40
2013.04.22 06:11:08.433,1.06963,1.06985,1.13,2.40
2013.04.22 06:11:08.614,1.06962,1.06982,1.28,1.65
2013.04.22 06:11:10.564,1.06962,1.06983,1.13,1.65
2013.04.22 06:11:11.425,1.06962,1.06983,1.88,1.50
2013.04.22 06:11:12.019,1.06964,1.06986,1.28,1.65
2013.04.22 06:11:14.114,1.06966,1.06986,1.28,1.50
2013.04.22 06:11:14.244,1.0697,1.06989,1.13,2.63
2013.04.22 06:11:14.303,1.06967,1.06987,3.15,1.13
2013.04.22 06:11:14.363,1.06967,1.06989,3.15,1.50
2013.04.22 06:11:15.104,1.06968,1.06989,1.13,1.65
2013.04.22 06:11:15.934,1.06969,1.0699,1.65,1.88
2013.04.22 06:11:15.994,1.06971,1.0699,1.13,1.65
2013.04.22 06:11:16.299,1.06972,1.06991,1.13,1.13
2013.04.22 06:11:16.908,1.06972,1.06991,1.13,1.13
2013.04.22 06:11:18.224,1.06972,1.06993,1.28,3.53
2013.04.22 06:11:18.534,1.06976,1.06996,1.65,2.25
2013.04.22 06:11:18.594,1.06977,1.06996,1.65,2.03
2013.04.22 06:11:18.713,1.06978,1.06996,1.65,1.28
2013.04.22 06:11:19.146,1.06977,1.06997,1.65,1.50
2013.04.22 06:11:19.214,1.06977,1.06997,1.65,1.28
2013.04.22 06:11:19.574,1.06977,1.06998,1.88,1.65
2013.04.22 06:11:20.114,1.06977,1.07001,1.65,2.07
2013.04.22 06:11:25.945,1.06977,1.06997,1.50,1.88
2013.04.22 06:11:26.415,1.06977,1.06997,1.13,1.50
2013.04.22 06:11:26.544,1.06978,1.06998,1.13,1.05
2013.04.22 06:11:26.666,1.06977,1.06999,2.40,1.88
2013.04.22 06:11:26.976,1.06977,1.06997,1.65,1.88
2013.04.22 06:11:27.044,1.06975,1.06997,1.88,1.65
2013.04.22 06:11:27.226,1.06974,1.06996,2.03,1.88
2013.04.22 06:11:27.353,1.06976,1.06996,1.13,1.65
2013.04.22 06:11:27.473,1.06973,1.06996,2.40,2.33
2013.04.22 06:11:27.533,1.06976,1.06998,1.13,4.80
2013.04.22 06:11:30.513,1.06977,1.06998,2.78,4.43
2013.04.22 06:11:30.573,1.06977,1.06998,2.40,4.58
2013.04.22 06:11:31.805,1.06977,1.06997,2.03,1.50
2013.04.22 06:11:31.924,1.06977,1.06998,1.65,1.13
2013.04.22 06:11:36.575,1.06976,1.06999,1.69,2.25
2013.04.22 06:11:36.634,1.06977,1.06999,1.05,1.88
2013.04.22 06:11:37.193,1.06976,1.06998,2.22,1.65
2013.04.22 06:11:37.394,1.06977,1.06998,2.40,1.65
2013.04.22 06:11:37.719,1.06976,1.06999,4.47,1.65
2013.04.22 06:11:37.784,1.06976,1.06998,3.90,1.13
2013.04.22 06:11:38.914,1.06974,1.06996,1.88,1.88
2013.04.22 06:11:39.273,1.06968,1.06992,2.40,1.88
2013.04.22 06:11:39.334,1.06968,1.06991,2.18,1.13
2013.04.22 06:11:39.513,1.06968,1.06989,1.28,3.08
2013.04.22 06:11:40.153,1.06968,1.06988,1.43,1.65
2013.04.22 06:11:40.492,1.06967,1.0699,2.25,1.65
2013.04.22 06:11:41.035,1.06967,1.06988,1.50,1.65
2013.04.22 06:11:42.164,1.06981,1.06988,1.13,1.50
2013.04.22 06:11:42.285,1.06982,1.06994,1.13,1.50
2013.04.22 06:11:42.344,1.06982,1.06999,1.13,1.95
2013.04.22 06:11:42.409,1.06982,1.07001,1.13,1.65
2013.04.22 06:11:43.257,1.06982,1.07003,1.88,1.88
2013.04.22 06:11:43.834,1.06982,1.07004,1.65,1.50
2013.04.22 06:11:44.014,1.06983,1.07007,3.08,1.65
2013.04.22 06:11:46.404,1.06984,1.07006,1.88,1.88
2013.04.22 06:11:50.774,1.06983,1.07004,3.08,1.13
2013.04.22 06:11:50.893,1.06981,1.07002,2.55,1.13
2013.04.22 06:11:51.135,1.06978,1.07,1.28,1.88
2013.04.22 06:11:51.205,1.06977,1.06998,2.18,1.13
2013.04.22 06:11:51.563,1.06973,1.06994,1.13,1.13
2013.04.22 06:11:55.404,1.0697,1.06992,1.13,1.13
2013.04.22 06:11:55.483,1.06969,1.06992,2.03,2.03
2013.04.22 06:11:55.620,1.06969,1.06989,1.88,3.75
2013.04.22 06:11:55.960,1.06956,1.06977,1.28,1.50
2013.04.22 06:11:56.266,1.06955,1.06976,2.78,1.50
2013.04.22 06:11:56.517,1.06955,1.06979,1.28,3.15
2013.04.22 06:11:57.395,1.06955,1.06977,1.28,2.25
2013.04.22 06:11:57.470,1.06955,1.06977,1.28,1.50
2013.04.22 06:11:57.608,1.06954,1.06976,2.40,2.18
2013.04.22 06:11:59.645,1.06959,1.06977,1.13,3.00
2013.04.22 06:11:59.715,1.06959,1.06977,1.13,1.50
2013.04.22 06:11:59.785,1.06962,1.06981,1.28,1.65
2013.04.22 06:11:59.844,1.06962,1.06982,1.28,1.50
2013.04.22 06:12:00.384,1.0696,1.0698,1.28,1.50
2013.04.22 06:12:00.885,1.0696,1.06979,1.28,1.50
2013.04.22 06:12:01.195,1.06966,1.06988,1.88,1.28
2013.04.22 06:12:01.267,1.06966,1.06988,1.13,2.70
2013.04.22 06:12:01.926,1.06965,1.06985,1.13,1.50
2013.04.22 06:12:02.318,1.06962,1.06983,1.13,2.63
2013.04.22 06:12:02.444,1.06961,1.06983,1.28,2.40
2013.04.22 06:12:02.515,1.06961,1.06983,1.28,2.63
2013.04.22 06:12:03.245,1.06961,1.06983,1.13,2.63
2013.04.22 06:12:03.317,1.06957,1.06979,2.03,1.50
2013.04.22 06:12:03.385,1.06957,1.06979,2.03,2.25
2013.04.22 06:12:03.705,1.06962,1.0698,1.88,1.50
2013.04.22 06:12:03.774,1.0696,1.0698,2.03,1.50
2013.04.22 06:12:04.753,1.0696,1.06978,1.13,1.50
2013.04.22 06:12:04.815,1.06959,1.06978,1.80,1.65
2013.04.22 06:12:04.944,1.06958,1.06978,1.88,1.65
2013.04.22 06:12:05.794,1.06957,1.06977,1.28,1.65
2013.04.22 06:12:06.035,1.06953,1.06973,2.40,1.13
2013.04.22 06:12:06.104,1.06952,1.06973,1.05,1.13
2013.04.22 06:12:06.405,1.0695,1.06972,1.50,1.50
2013.04.22 06:12:06.834,1.06951,1.06974,1.28,3.15
2013.04.22 06:12:06.894,1.06955,1.06974,2.03,3.00
2013.04.22 06:12:07.135,1.06955,1.06975,2.78,2.25
2013.04.22 06:12:08.193,1.06957,1.06978,1.28,1.65
2013.04.22 06:12:08.254,1.06957,1.06977,1.28,1.65
2013.04.22 06:12:08.987,1.06955,1.06976,2.55,1.13
2013.04.22 06:12:09.486,1.06955,1.06977,1.13,3.15
2013.04.22 06:12:09.556,1.06953,1.06975,2.03,2.25
2013.04.22 06:12:09.744,1.06953,1.06975,1.28,1.88
2013.04.22 06:12:09.863,1.06953,1.06975,1.13,1.88
2013.04.22 06:12:10.115,1.06953,1.06975,1.13,1.88
2013.04.22 06:12:10.256,1.0695,1.06972,1.88,2.03
2013.04.22 06:12:10.399,1.06945,1.06966,1.13,1.13
2013.04.22 06:12:10.525,1.06942,1.06964,1.65,1.50
2013.04.22 06:12:10.846,1.06942,1.06964,1.65,2.40
2013.04.22 06:12:11.807,1.06943,1.06965,2.40,2.25
2013.04.22 06:12:11.881,1.06944,1.06962,1.05,1.65
2013.04.22 06:12:11.947,1.06941,1.06961,1.05,1.88
2013.04.22 06:12:12.015,1.06939,1.06959,2.59,1.65
2013.04.22 06:12:12.193,1.06939,1.06958,1.47,1.50
2013.04.22 06:12:12.495,1.06939,1.06956,1.09,1.50
2013.04.22 06:12:12.625,1.06937,1.06959,2.03,2.40
2013.04.22 06:12:13.644,1.06937,1.06959,1.13,1.65
2013.04.22 06:12:15.365,1.06937,1.06958,1.88,1.65
2013.04.22 06:12:15.426,1.06937,1.06958,1.88,1.50
2013.04.22 06:12:15.495,1.06938,1.06958,1.13,1.50
2013.04.22 06:12:15.564,1.06938,1.06958,1.28,1.50
2013.04.22 06:12:15.686,1.06941,1.06959,1.28,1.50
2013.04.22 06:12:15.814,1.06941,1.06959,1.05,1.65
2013.04.22 06:12:16.626,1.06941,1.0696,1.13,1.50
2013.04.22 06:12:16.874,1.06941,1.06961,1.88,1.50
2013.04.22 06:12:16.995,1.06941,1.06963,2.03,2.63
2013.04.22 06:12:18.553,1.06941,1.06961,1.88,1.50
2013.04.22 06:12:19.190,1.06941,1.06963,2.78,2.40
2013.04.22 06:12:22.334,1.06941,1.06962,2.03,1.65
2013.04.22 06:12:22.396,1.06941,1.06962,2.03,2.25
2013.04.22 06:12:22.855,1.06941,1.06961,1.28,2.93
2013.04.22 06:12:23.606,1.06944,1.06963,1.28,1.50
2013.04.22 06:12:23.794,1.06944,1.06964,1.28,1.50
2013.04.22 06:12:24.195,1.06944,1.06964,1.13,1.65
2013.04.22 06:12:25.003,1.06944,1.06963,1.13,1.65
2013.04.22 06:12:28.333,1.06944,1.06963,1.13,1.65
2013.04.22 06:12:28.855,1.06944,1.06964,1.13,1.65
2013.04.22 06:12:30.414,1.06942,1.06963,1.28,3.15
2013.04.22 06:12:30.774,1.06942,1.06961,1.13,1.50
2013.04.22 06:12:30.835,1.06941,1.06961,1.88,1.65
2013.04.22 06:12:31.695,1.06939,1.06956,1.28,1.13
2013.04.22 06:12:32.124,1.06933,1.06955,1.50,1.65
2013.04.22 06:12:32.495,1.06933,1.06954,1.28,1.13
2013.04.22 06:12:33.107,1.06931,1.06951,2.03,1.65
2013.04.22 06:12:33.414,1.06928,1.06948,1.13,1.65
2013.04.22 06:12:33.904,1.06927,1.06948,2.18,1.88
2013.04.22 06:12:35.633,1.06925,1.06945,2.03,2.40
2013.04.22 06:12:35.694,1.06925,1.06944,1.13,1.13
2013.04.22 06:12:35.755,1.06921,1.06943,3.53,1.88
2013.04.22 06:12:36.296,1.06921,1.06944,2.63,2.40
2013.04.22 06:12:36.364,1.06924,1.06944,1.28,1.50
2013.04.22 06:12:36.725,1.06925,1.06945,1.65,1.13
2013.04.22 06:12:37.087,1.06924,1.06946,1.88,1.88
2013.04.22 06:12:37.236,1.06924,1.06946,1.88,1.88
2013.04.22 06:12:37.426,1.06926,1.06946,1.50,3.53
2013.04.22 06:12:37.494,1.06924,1.06944,1.50,1.28
2013.04.22 06:12:37.615,1.06921,1.06944,3.83,1.28
2013.04.22 06:12:37.684,1.06924,1.06944,1.50,1.28
2013.04.22 06:12:38.294,1.06924,1.06945,1.65,1.88
2013.04.22 06:12:38.475,1.06924,1.06942,1.65,1.13
2013.04.22 06:12:38.535,1.06924,1.06944,1.65,1.65
2013.04.22 06:12:38.776,1.06924,1.06944,1.80,2.40
2013.04.22 06:12:39.137,1.06926,1.06946,1.65,1.65
2013.04.22 06:12:39.265,1.06926,1.06946,1.65,1.65
2013.04.22 06:12:39.843,1.06932,1.06946,1.13,1.50
2013.04.22 06:12:39.935,1.06929,1.06946,1.13,1.50
2013.04.22 06:12:40.495,1.06929,1.06951,1.88,1.88
2013.04.22 06:12:40.796,1.06934,1.06956,1.88,4.43
2013.04.22 06:12:40.924,1.06937,1.06956,3.15,1.13
2013.04.22 06:12:40.984,1.06937,1.06957,2.40,1.65
2013.04.22 06:12:41.294,1.06942,1.06964,1.65,1.80
2013.04.22 06:12:41.536,1.06946,1.06967,1.50,1.28
2013.04.22 06:12:41.843,1.06947,1.06968,1.65,1.13
2013.04.22 06:12:41.904,1.06948,1.06969,2.93,1.65
2013.04.22 06:12:42.443,1.06951,1.06971,1.65,2.25
2013.04.22 06:12:42.986,1.06948,1.06971,4.05,1.13
2013.04.22 06:12:46.416,1.06946,1.06967,1.43,1.13
2013.04.22 06:12:46.973,1.06943,1.06964,1.84,1.65
2013.04.22 06:12:47.097,1.06942,1.06963,1.28,1.88
2013.04.22 06:12:47.404,1.06936,1.06958,1.09,3.08
2013.04.22 06:12:48.572,1.06937,1.0696,1.28,1.65
2013.04.22 06:12:48.656,1.06939,1.0696,1.47,1.50
2013.04.22 06:12:48.914,1.06937,1.0696,2.22,1.65
2013.04.22 06:12:48.972,1.06937,1.0696,2.22,1.50
2013.04.22 06:12:49.348,1.06942,1.06964,1.13,2.63
2013.04.22 06:12:49.563,1.06944,1.06964,1.88,1.50
2013.04.22 06:12:49.743,1.06947,1.06969,1.28,1.65
2013.04.22 06:12:49.808,1.06947,1.0697,1.28,1.13
2013.04.22 06:12:50.418,1.06948,1.06971,3.08,1.13
2013.04.22 06:12:50.964,1.06947,1.0697,1.13,1.88
2013.04.22 06:12:52.584,1.06949,1.0697,1.28,2.40
2013.04.22 06:12:54.855,1.06956,1.0697,1.13,1.50
2013.04.22 06:12:55.164,1.06959,1.06978,1.13,4.35
2013.04.22 06:12:55.344,1.06961,1.0698,1.13,1.50
2013.04.22 06:12:55.524,1.06961,1.06982,1.13,2.40
2013.04.22 06:12:55.590,1.06961,1.06984,1.13,2.40
2013.04.22 06:12:55.735,1.06961,1.06984,1.13,3.15
2013.04.22 06:12:56.905,1.06961,1.06982,1.13,1.65
2013.04.22 06:12:57.266,1.06961,1.06979,1.13,1.50
2013.04.22 06:12:57.573,1.06961,1.06979,1.13,1.50
2013.04.22 06:12:58.844,1.06961,1.06979,1.13,1.50
2013.04.22 06:12:58.905,1.0696,1.06979,1.05,1.65
2013.04.22 06:12:59.105,1.06956,1.06978,2.25,1.65
2013.04.22 06:12:59.224,1.06956,1.06975,1.65,2.63
2013.04.22 06:12:59.526,1.06949,1.0697,1.28,1.13
2013.04.22 06:12:59.834,1.06952,1.06969,1.13,1.50
2013.04.22 06:13:00.614,1.06947,1.06969,1.65,1.65
2013.04.22 06:13:01.723,1.06951,1.06969,1.13,1.50
2013.04.22 06:13:01.783,1.06951,1.0697,1.13,1.65
2013.04.22 06:13:02.164,1.06949,1.0697,1.28,1.65
2013.04.22 06:13:02.803,1.06949,1.06967,1.28,1.13
2013.04.22 06:13:03.112,1.06944,1.06959,1.32,1.13
2013.04.22 06:13:03.354,1.06942,1.06959,1.32,1.88
2013.04.22 06:13:03.414,1.06942,1.06958,1.47,1.50
2013.04.22 06:13:03.533,1.0694,1.06958,1.28,1.13
2013.04.22 06:13:03.713,1.0694,1.0696,1.28,1.65
2013.04.22 06:13:03.964,1.06936,1.06958,3.53,1.50
2013.04.22 06:13:04.084,1.06936,1.06957,2.03,1.65
2013.04.22 06:13:04.144,1.06936,1.06954,1.13,2.25
2013.04.22 06:13:04.204,1.06935,1.06954,1.43,1.65
2013.04.22 06:13:04.265,1.06934,1.06954,1.43,1.65
2013.04.22 06:13:04.394,1.06933,1.06953,1.13,1.50
2013.04.22 06:13:04.514,1.06933,1.06955,1.88,2.40
2013.04.22 06:13:05.455,1.06936,1.06958,1.13,2.03
2013.04.22 06:13:05.784,1.06943,1.06963,1.13,1.50
2013.04.22 06:13:05.963,1.06945,1.06966,1.13,2.03
2013.04.22 06:13:07.145,1.06945,1.06963,1.13,1.50
2013.04.22 06:13:07.333,1.06941,1.06963,2.03,2.40
2013.04.22 06:13:07.574,1.06941,1.06962,1.13,1.50
2013.04.22 06:13:08.275,1.06941,1.0696,1.88,1.50
2013.04.22 06:13:09.113,1.06941,1.06963,2.63,1.65
2013.04.22 06:13:09.173,1.06943,1.06963,1.13,1.50
2013.04.22 06:13:09.354,1.06946,1.06968,1.65,1.28
2013.04.22 06:13:10.854,1.06946,1.06965,1.50,1.13
2013.04.22 06:13:10.923,1.06946,1.06968,1.65,1.88
2013.04.22 06:13:11.465,1.06944,1.06966,1.88,2.40
2013.04.22 06:13:12.393,1.06944,1.06964,1.13,1.50
2013.04.22 06:13:12.454,1.06942,1.06962,1.88,1.65
2013.04.22 06:13:13.214,1.0694,1.06959,2.03,1.50
2013.04.22 06:13:13.666,1.06939,1.06959,2.07,1.65
2013.04.22 06:13:13.736,1.06939,1.06957,1.65,1.65
2013.04.22 06:13:13.805,1.06937,1.06955,1.65,1.13
2013.04.22 06:13:14.734,1.06931,1.06953,1.05,1.88
2013.04.22 06:13:16.734,1.06929,1.0695,2.55,1.13
2013.04.22 06:13:17.224,1.06932,1.0695,1.50,1.13
2013.04.22 06:13:19.777,1.06931,1.06951,2.40,1.88
2013.04.22 06:13:20.476,1.06928,1.0695,3.30,1.13
2013.04.22 06:13:21.525,1.06928,1.06949,1.13,1.65
2013.04.22 06:13:23.743,1.06926,1.06948,2.55,1.13
2013.04.22 06:13:23.983,1.06926,1.06949,1.88,1.65
2013.04.22 06:13:28.233,1.06927,1.06949,1.13,1.88
2013.04.22 06:13:30.554,1.06929,1.0695,1.28,2.40
2013.04.22 06:13:31.592,1.06929,1.06951,1.28,1.65
2013.04.22 06:13:33.944,1.06929,1.06951,1.28,1.65
2013.04.22 06:13:35.404,1.06926,1.06948,2.78,1.65
2013.04.22 06:13:35.713,1.06924,1.06945,2.59,1.50
2013.04.22 06:13:35.774,1.06924,1.06946,1.84,1.50
2013.04.22 06:13:38.763,1.06927,1.06948,1.13,1.65
2013.04.22 06:13:40.175,1.06928,1.06948,1.65,1.65
2013.04.22 06:13:40.855,1.06928,1.06948,1.65,1.28
2013.04.22 06:13:40.984,1.0693,1.06949,1.28,1.13
2013.04.22 06:13:43.335,1.06929,1.06948,1.13,1.13
2013.04.22 06:13:43.595,1.06925,1.06943,1.05,1.50
2013.04.22 06:13:44.994,1.06921,1.06943,1.88,1.65
2013.04.22 06:13:45.907,1.06921,1.06942,1.50,1.13
2013.04.22 06:13:46.253,1.06914,1.06934,2.03,1.50
2013.04.22 06:13:46.573,1.06914,1.06934,3.53,1.50
2013.04.22 06:13:47.143,1.06916,1.06938,2.03,1.65
2013.04.22 06:13:48.045,1.06916,1.06938,1.05,2.63
2013.04.22 06:13:48.355,1.06913,1.06934,1.65,2.63
2013.04.22 06:13:48.429,1.06913,1.0693,1.50,1.13
2013.04.22 06:13:48.499,1.06908,1.0693,1.88,1.13
2013.04.22 06:13:48.685,1.06907,1.06926,1.13,1.50
2013.04.22 06:13:48.996,1.06905,1.06919,1.32,1.13
2013.04.22 06:13:49.315,1.06911,1.06928,1.28,1.13
2013.04.22 06:13:49.744,1.06911,1.06927,1.28,1.50
2013.04.22 06:13:49.984,1.06911,1.06928,1.28,1.88
2013.04.22 06:13:51.150,1.06911,1.06929,1.28,1.50
2013.04.22 06:13:51.334,1.06909,1.0692,1.50,1.50
2013.04.22 06:13:51.395,1.06905,1.06921,1.65,1.65
2013.04.22 06:13:51.577,1.06901,1.06919,1.28,2.25
2013.04.22 06:13:52.243,1.06904,1.06923,1.28,3.68
2013.04.22 06:13:53.344,1.06905,1.06923,1.13,1.50
2013.04.22 06:13:53.953,1.06905,1.06925,1.13,1.28
2013.04.22 06:13:56.955,1.06906,1.06927,1.88,1.50
2013.04.22 06:13:57.444,1.06907,1.06924,1.28,1.13
2013.04.22 06:13:57.979,1.06906,1.06919,1.65,1.65
2013.04.22 06:13:58.053,1.06895,1.06914,1.13,1.65
2013.04.22 06:13:58.118,1.06892,1.06913,1.84,1.65
2013.04.22 06:13:58.443,1.06892,1.06913,2.59,1.50
2013.04.22 06:13:58.624,1.06893,1.06916,1.47,2.03
2013.04.22 06:14:01.184,1.06896,1.06917,2.03,2.03
2013.04.22 06:14:01.544,1.069,1.06918,1.13,1.88
2013.04.22 06:14:02.275,1.06902,1.06921,1.13,1.13
2013.04.22 06:14:02.633,1.06902,1.06921,1.13,1.13
2013.04.22 06:14:03.495,1.06898,1.06919,1.28,1.50
2013.04.22 06:14:03.854,1.06896,1.06915,1.09,1.50
2013.04.22 06:14:04.413,1.06896,1.06915,1.09,2.25
2013.04.22 06:14:04.864,1.06893,1.06914,1.05,1.88
2013.04.22 06:14:05.394,1.06891,1.06914,1.65,1.50
2013.04.22 06:14:05.989,1.0689,1.06912,1.65,1.13
2013.04.22 06:14:07.453,1.0689,1.0691,1.50,1.13
2013.04.22 06:14:07.813,1.06888,1.0691,3.00,1.69
2013.04.22 06:14:08.064,1.06885,1.06907,1.65,1.28
2013.04.22 06:14:08.484,1.06887,1.06908,1.65,1.65
2013.04.22 06:14:11.595,1.06886,1.06907,1.88,1.05
2013.04.22 06:14:12.304,1.06887,1.06908,1.13,1.88
2013.04.22 06:14:13.206,1.06887,1.06907,1.50,1.13
2013.04.22 06:14:13.574,1.06885,1.06907,1.50,2.78
2013.04.22 06:14:14.265,1.06885,1.06905,1.50,1.28
2013.04.22 06:14:14.395,1.06886,1.06905,1.13,2.40
2013.04.22 06:14:14.706,1.06889,1.06908,1.13,1.65
2013.04.22 06:14:14.955,1.06889,1.06907,1.65,1.13
2013.04.22 06:14:15.526,1.06887,1.06906,1.50,1.13
2013.04.22 06:14:16.013,1.06882,1.06905,1.65,2.03
2013.04.22 06:14:17.603,1.06882,1.06902,1.13,1.50
2013.04.22 06:14:20.206,1.06884,1.06906,1.65,3.00
2013.04.22 06:14:20.715,1.06884,1.06906,2.40,3.00
2013.04.22 06:14:22.395,1.06884,1.06906,2.40,1.28
2013.04.22 06:14:22.863,1.06883,1.06905,1.50,1.28
2013.04.22 06:14:23.210,1.06877,1.06899,1.50,2.03
2013.04.22 06:14:23.281,1.06876,1.06899,1.50,2.03
2013.04.22 06:14:23.421,1.06874,1.06896,1.65,1.28
2013.04.22 06:14:24.806,1.06874,1.06896,1.13,1.05
2013.04.22 06:14:25.115,1.06877,1.06898,1.13,2.03
2013.04.22 06:14:25.834,1.06876,1.06897,1.88,1.13
2013.04.22 06:14:26.195,1.06877,1.06898,1.88,1.50
2013.04.22 06:14:26.444,1.06883,1.06901,1.13,1.13
2013.04.22 06:14:26.744,1.06885,1.06908,1.65,3.15
2013.04.22 06:14:27.255,1.06881,1.06903,1.65,1.13
2013.04.22 06:14:27.505,1.06875,1.06897,1.88,1.65
2013.04.22 06:14:27.933,1.06873,1.06895,1.88,1.50
2013.04.22 06:14:29.254,1.06871,1.06892,1.80,1.13
2013.04.22 06:14:30.073,1.06872,1.06892,1.88,2.03
2013.04.22 06:14:32.475,1.06874,1.06892,1.65,2.03
2013.04.22 06:14:32.784,1.06875,1.06892,1.13,1.88
2013.04.22 06:14:33.455,1.06878,1.06892,1.13,1.13
2013.04.22 06:14:33.514,1.06878,1.06896,1.13,1.13
2013.04.22 06:14:33.635,1.06876,1.06896,2.40,1.28
2013.04.22 06:14:37.358,1.06878,1.06896,1.13,1.13
2013.04.22 06:14:37.423,1.06878,1.06897,1.13,1.28
2013.04.22 06:14:41.024,1.06879,1.06898,1.50,3.00
2013.04.22 06:14:41.084,1.06876,1.06896,2.40,1.50
2013.04.22 06:14:41.143,1.06876,1.06896,2.63,1.43
2013.04.22 06:14:41.534,1.06876,1.06897,4.43,1.13
2013.04.22 06:14:42.144,1.06877,1.06897,1.13,1.13
2013.04.22 06:14:42.645,1.06877,1.06898,1.13,1.28
2013.04.22 06:14:47.305,1.06876,1.06898,4.73,1.50
2013.04.22 06:14:47.495,1.06877,1.06897,1.13,1.13
2013.04.22 06:14:47.675,1.06877,1.06897,2.40,1.28
2013.04.22 06:14:47.985,1.0688,1.06899,4.65,1.28
2013.04.22 06:14:48.177,1.06883,1.06903,1.13,1.65
2013.04.22 06:14:48.788,1.06886,1.06904,1.65,1.28
2013.04.22 06:14:49.140,1.06887,1.06904,1.13,1.13
2013.04.22 06:14:49.663,1.06888,1.06906,1.65,1.28
2013.04.22 06:14:49.965,1.06892,1.06911,1.13,1.28
2013.04.22 06:14:50.266,1.06898,1.06915,1.13,1.69
2013.04.22 06:14:50.514,1.06898,1.0692,1.13,1.13
2013.04.22 06:14:50.696,1.06898,1.06922,1.28,2.78
2013.04.22 06:14:50.766,1.06898,1.0692,1.13,1.13
2013.04.22 06:14:50.953,1.06898,1.06922,1.28,2.78
2013.04.22 06:14:53.145,1.06898,1.0692,1.13,1.88
2013.04.22 06:14:53.455,1.06899,1.06921,1.13,1.65
2013.04.22 06:14:53.574,1.06899,1.06922,1.65,1.28
2013.04.22 06:14:54.138,1.06895,1.06915,3.15,1.50
2013.04.22 06:14:54.469,1.06892,1.06911,1.65,1.50
2013.04.22 06:14:54.535,1.06891,1.0691,1.88,2.93
2013.04.22 06:14:55.075,1.06889,1.0691,1.13,3.08
2013.04.22 06:14:55.784,1.0689,1.06911,1.13,1.13
2013.04.22 06:14:57.003,1.06891,1.06912,1.13,1.50
2013.04.22 06:15:01.025,1.06892,1.06912,2.55,1.13
2013.04.22 06:15:01.565,1.06889,1.06911,1.88,1.65
2013.04.22 06:15:02.172,1.06887,1.06909,1.65,1.88
2013.04.22 06:15:02.294,1.06886,1.06909,1.65,1.28
2013.04.22 06:15:02.355,1.06887,1.06903,1.50,1.50
2013.04.22 06:15:02.674,1.06881,1.06896,1.13,1.50
2013.04.22 06:15:02.734,1.06879,1.06896,1.50,1.65
2013.04.22 06:15:02.854,1.06875,1.06895,1.80,1.13
2013.04.22 06:15:02.975,1.06874,1.06895,1.65,1.13
2013.04.22 06:15:03.039,1.06872,1.06894,2.25,2.33
2013.04.22 06:15:03.194,1.06872,1.06892,1.32,2.33
2013.04.22 06:15:03.338,1.06871,1.0689,1.69,1.88
2013.04.22 06:15:03.863,1.06867,1.06888,1.13,1.65
2013.04.22 06:15:04.425,1.06872,1.06889,1.13,1.13
2013.04.22 06:15:04.616,1.06874,1.06895,2.63,1.13
2013.04.22 06:15:04.744,1.06875,1.06896,1.13,1.13
2013.04.22 06:15:05.104,1.06882,1.06902,1.28,2.63
2013.04.22 06:15:05.418,1.0688,1.06901,1.28,1.88
2013.04.22 06:15:05.746,1.06879,1.06897,1.13,1.13
2013.04.22 06:15:05.935,1.06878,1.06897,1.13,1.13
2013.04.22 06:15:05.998,1.06877,1.06896,1.13,1.13
2013.04.22 06:15:06.187,1.06873,1.06884,1.50,1.50
2013.04.22 06:15:06.256,1.0687,1.06884,1.50,1.13
2013.04.22 06:15:06.325,1.06863,1.06885,1.50,1.88
2013.04.22 06:15:06.395,1.06862,1.06879,1.69,1.13
2013.04.22 06:15:06.636,1.06862,1.06879,1.09,1.65
2013.04.22 06:15:06.705,1.06862,1.06879,1.09,2.40
2013.04.22 06:15:07.065,1.06859,1.06881,1.47,1.28
2013.04.22 06:15:07.194,1.06861,1.06883,1.28,1.88
2013.04.22 06:15:07.435,1.06866,1.06888,3.15,1.50
2013.04.22 06:15:07.623,1.06866,1.06888,3.30,1.50
2013.04.22 06:15:07.683,1.06869,1.06888,1.13,1.50
2013.04.22 06:15:07.984,1.06866,1.06889,4.28,4.58
2013.04.22 06:15:08.103,1.06866,1.06889,2.78,4.58
2013.04.22 06:15:08.404,1.06866,1.06889,2.63,2.93
2013.04.22 06:15:10.768,1.06867,1.06889,1.28,3.68
2013.04.22 06:15:11.193,1.06867,1.06884,1.13,1.50
2013.04.22 06:15:11.314,1.06867,1.06884,1.13,1.50
2013.04.22 06:15:12.056,1.06864,1.06884,1.13,2.25
2013.04.22 06:15:12.685,1.06862,1.06883,1.88,2.25
2013.04.22 06:15:12.973,1.06862,1.06883,1.88,2.25
2013.04.22 06:15:13.094,1.06864,1.06883,1.13,2.25
2013.04.22 06:15:13.625,1.06862,1.06882,1.28,1.50
2013.04.22 06:15:14.077,1.06858,1.06878,2.33,1.13
2013.04.22 06:15:14.148,1.06857,1.06876,2.40,1.65
2013.04.22 06:15:14.275,1.06851,1.06873,2.93,1.13
2013.04.22 06:15:14.346,1.06851,1.06873,1.50,3.00
2013.04.22 06:15:14.534,1.06847,1.06868,1.65,1.88
2013.04.22 06:15:14.715,1.06847,1.06869,1.13,2.03
2013.04.22 06:15:16.785,1.06849,1.06868,1.65,1.50
2013.04.22 06:15:16.964,1.06846,1.06868,1.65,1.88
2013.04.22 06:15:17.204,1.06846,1.06866,1.65,1.65
2013.04.22 06:15:17.444,1.06842,1.06864,1.13,2.40
2013.04.22 06:15:17.685,1.06841,1.06862,1.65,1.13
2013.04.22 06:15:18.045,1.06838,1.06859,1.65,1.65
2013.04.22 06:15:18.105,1.06836,1.06859,2.63,3.83
2013.04.22 06:15:18.234,1.06836,1.06857,1.65,1.13
2013.04.22 06:15:18.430,1.06836,1.06858,1.13,2.40
2013.04.22 06:15:18.734,1.06838,1.06858,1.13,1.50
2013.04.22 06:15:20.245,1.06841,1.06863,1.28,3.00
2013.04.22 06:15:20.423,1.06842,1.06863,1.13,1.50
2013.04.22 06:15:21.164,1.06844,1.06864,1.88,1.50
2013.04.22 06:15:22.729,1.06844,1.06864,1.50,2.40
2013.04.22 06:15:23.408,1.06844,1.06864,2.63,1.50
2013.04.22 06:15:25.047,1.06845,1.06864,1.65,1.50
2013.04.22 06:15:25.118,1.06848,1.06864,1.13,1.50
2013.04.22 06:15:25.505,1.06848,1.06868,2.25,1.13
2013.04.22 06:15:26.044,1.06848,1.06869,3.15,1.65
2013.04.22 06:15:26.104,1.06848,1.0687,3.15,1.65
2013.04.22 06:15:26.593,1.06849,1.06869,1.50,1.13
2013.04.22 06:15:29.483,1.06848,1.06867,2.25,1.13
2013.04.22 06:15:29.663,1.06846,1.06864,1.50,1.13
2013.04.22 06:15:30.204,1.06842,1.06864,1.88,1.88
2013.04.22 06:15:33.604,1.06845,1.06865,1.13,1.65
2013.04.22 06:15:34.389,1.06845,1.06869,2.63,2.40
2013.04.22 06:15:34.844,1.06849,1.06869,1.88,2.25
2013.04.22 06:15:34.904,1.0685,1.0687,1.13,1.65
2013.04.22 06:15:35.055,1.0685,1.0687,1.50,1.65
2013.04.22 06:15:35.114,1.06851,1.06871,1.50,1.13
2013.04.22 06:15:35.234,1.06849,1.0687,2.40,1.65
2013.04.22 06:15:35.554,1.06849,1.0687,3.15,2.40
2013.04.22 06:15:36.104,1.0685,1.06869,1.50,1.13
2013.04.22 06:15:36.464,1.06848,1.06867,2.25,1.13
2013.04.22 06:15:36.654,1.06846,1.06867,1.65,1.13
2013.04.22 06:15:36.994,1.06846,1.06868,1.65,1.88
2013.04.22 06:15:37.504,1.06846,1.06867,1.65,1.13
2013.04.22 06:15:38.274,1.06846,1.06868,1.65,1.13
2013.04.22 06:15:39.094,1.06846,1.06868,1.50,1.13
2013.04.22 06:15:39.154,1.06845,1.06866,2.40,1.13
2013.04.22 06:15:39.875,1.06843,1.06864,1.88,1.13
2013.04.22 06:15:40.414,1.06845,1.06866,1.13,1.65
2013.04.22 06:15:42.244,1.06845,1.06867,1.13,1.88
2013.04.22 06:15:42.964,1.06847,1.06869,1.65,1.88
2013.04.22 06:15:43.555,1.06848,1.06869,1.50,1.50
2013.04.22 06:15:43.615,1.06849,1.06871,1.50,1.50
2013.04.22 06:15:43.973,1.06854,1.06873,1.50,1.13
2013.04.22 06:15:44.334,1.06854,1.06874,1.50,1.13
2013.04.22 06:15:44.574,1.06851,1.06873,3.00,2.03
2013.04.22 06:15:44.694,1.06851,1.06871,1.50,1.13
2013.04.22 06:15:44.874,1.0685,1.06869,1.50,1.13
2013.04.22 06:15:44.993,1.06849,1.06868,1.50,1.13
2013.04.22 06:15:45.054,1.06848,1.06868,1.50,1.88
2013.04.22 06:15:45.234,1.06843,1.06863,1.50,1.13
2013.04.22 06:15:45.416,1.06842,1.06861,1.65,1.13
2013.04.22 06:15:46.144,1.0684,1.06861,1.13,1.88
2013.04.22 06:15:46.222,1.06844,1.06864,1.28,1.50
2013.04.22 06:15:46.524,1.06847,1.06867,2.03,1.50
2013.04.22 06:15:46.825,1.06847,1.06869,2.03,1.50
2013.04.22 06:15:46.955,1.06847,1.06869,2.78,1.50
2013.04.22 06:15:47.028,1.0685,1.0687,2.03,1.50
2013.04.22 06:15:47.155,1.06853,1.06873,1.13,1.50
2013.04.22 06:15:47.704,1.06855,1.06877,1.13,2.25
2013.04.22 06:15:48.004,1.06856,1.0688,2.63,1.65
2013.04.22 06:15:48.517,1.06857,1.06879,1.50,1.13
2013.04.22 06:15:49.014,1.06857,1.0688,1.13,1.65
2013.04.22 06:15:49.943,1.06856,1.06874,1.13,3.00
2013.04.22 06:15:50.183,1.06854,1.06875,1.88,1.50
2013.04.22 06:15:50.304,1.06851,1.06873,3.15,1.50
2013.04.22 06:15:52.333,1.06852,1.06875,2.40,1.65
2013.04.22 06:15:53.473,1.06854,1.06876,1.13,2.40
2013.04.22 06:15:53.894,1.06857,1.06879,1.13,2.25
2013.04.22 06:15:54.196,1.06862,1.06882,1.88,1.50
2013.04.22 06:15:54.447,1.06863,1.06886,2.78,1.65
2013.04.22 06:15:54.578,1.06863,1.06885,1.65,1.13
2013.04.22 06:15:54.826,1.06859,1.06883,2.63,2.40
2013.04.22 06:15:54.894,1.06859,1.06881,3.38,2.18
2013.04.22 06:15:55.074,1.06859,1.0688,1.65,2.40
2013.04.22 06:15:58.919,1.06859,1.06878,1.50,1.13
2013.04.22 06:15:59.403,1.06859,1.06879,1.50,2.63
2013.04.22 06:15:59.704,1.06861,1.06879,1.13,2.25
2013.04.22 06:16:00.064,1.06861,1.06882,1.88,4.43
2013.04.22 06:16:00.624,1.06861,1.06882,1.88,4.43
2013.04.22 06:16:00.984,1.06861,1.06882,1.88,1.50
2013.04.22 06:16:01.908,1.06862,1.06882,1.05,1.50
2013.04.22 06:16:01.975,1.06863,1.06884,2.03,1.50
2013.04.22 06:16:02.047,1.06867,1.06885,1.13,2.25
2013.04.22 06:16:02.268,1.06868,1.06888,1.13,1.65
2013.04.22 06:16:02.986,1.06868,1.0689,1.13,1.50
2013.04.22 06:16:08.874,1.06868,1.06889,1.13,1.88
2013.04.22 06:16:09.114,1.06865,1.06887,2.18,1.50
2013.04.22 06:16:09.176,1.06862,1.06883,2.97,1.50
2013.04.22 06:16:09.753,1.0686,1.0688,1.88,1.50
2013.04.22 06:16:09.835,1.06856,1.06879,1.88,1.13
2013.04.22 06:16:11.183,1.06858,1.06879,1.65,1.88
2013.04.22 06:16:11.724,1.06856,1.06878,1.13,4.58
2013.04.22 06:16:12.255,1.06859,1.06878,1.13,3.68
2013.04.22 06:16:12.445,1.06859,1.06879,1.13,2.40
2013.04.22 06:16:12.624,1.06861,1.06879,1.13,1.50
2013.04.22 06:16:12.695,1.06861,1.06882,3.53,1.50
2013.04.22 06:16:12.874,1.06863,1.06882,1.13,1.50
2013.04.22 06:16:13.328,1.06866,1.06886,1.13,1.50
2013.04.22 06:16:13.469,1.06863,1.06885,1.05,1.13
2013.04.22 06:16:13.595,1.06862,1.06884,2.40,1.88
2013.04.22 06:16:13.667,1.06861,1.06882,1.88,1.65
2013.04.22 06:16:15.005,1.06862,1.06882,1.65,1.65
2013.04.22 06:16:15.133,1.06862,1.06884,2.40,1.13
2013.04.22 06:16:15.675,1.06862,1.06882,2.40,1.65
2013.04.22 06:16:15.745,1.06862,1.06878,1.50,1.50
2013.04.22 06:16:15.994,1.06855,1.06877,1.65,2.25
2013.04.22 06:16:16.114,1.06857,1.06877,1.13,1.50
2013.04.22 06:16:16.356,1.06857,1.0688,1.50,1.13
2013.04.22 06:16:16.544,1.06858,1.06881,1.13,3.00
2013.04.22 06:16:16.974,1.06858,1.06881,1.88,2.25
2013.04.22 06:16:17.985,1.06859,1.06879,1.13,1.65
2013.04.22 06:16:18.165,1.06858,1.06878,1.13,1.50
2013.04.22 06:16:18.345,1.06853,1.06876,1.88,1.13
2013.04.22 06:16:18.404,1.06854,1.06877,1.13,1.65
2013.04.22 06:16:18.776,1.06853,1.06876,1.13,2.33
2013.04.22 06:16:19.845,1.06853,1.06873,1.65,1.13
2013.04.22 06:16:20.085,1.06851,1.06873,1.88,1.13
2013.04.22 06:16:20.205,1.06851,1.06874,1.28,2.40
2013.04.22 06:16:23.016,1.06851,1.06873,1.13,1.65
2013.04.22 06:16:23.144,1.06848,1.06869,1.80,1.65
2013.04.22 06:16:23.215,1.06848,1.06867,1.05,1.50
2013.04.22 06:16:23.545,1.06844,1.06865,1.13,2.93
2013.04.22 06:16:23.664,1.06844,1.06866,1.50,1.65
2013.04.22 06:16:23.786,1.06842,1.06863,2.25,1.50
2013.04.22 06:16:23.975,1.06841,1.06861,1.50,2.93
2013.04.22 06:16:24.096,1.06838,1.0686,1.65,1.50
2013.04.22 06:16:24.643,1.06836,1.0686,1.88,1.88
2013.04.22 06:16:24.914,1.06836,1.06858,1.65,1.13
2013.04.22 06:16:25.274,1.06835,1.06857,1.65,1.88
2013.04.22 06:16:26.444,1.06836,1.06857,1.13,1.50
2013.04.22 06:16:26.945,1.06835,1.06856,2.63,1.13
2013.04.22 06:16:28.404,1.06837,1.06857,1.13,1.65
2013.04.22 06:16:28.524,1.06837,1.06859,1.88,3.38
2013.04.22 06:16:30.038,1.06838,1.06859,1.88,1.50
2013.04.22 06:16:30.285,1.06846,1.06866,1.13,1.65
2013.04.22 06:16:30.344,1.06846,1.06866,1.13,1.50
2013.04.22 06:16:32.055,1.06852,1.06871,1.13,1.50
2013.04.22 06:16:32.116,1.06852,1.06873,2.78,1.50
2013.04.22 06:16:32.185,1.06855,1.06874,1.28,1.50
2013.04.22 06:16:32.247,1.06856,1.06877,1.28,1.50
2013.04.22 06:16:33.082,1.06857,1.06878,2.03,1.50
2013.04.22 06:16:34.225,1.06859,1.06878,1.84,1.50
2013.04.22 06:16:34.415,1.06867,1.06887,1.88,1.50
2013.04.22 06:16:34.547,1.06867,1.06887,1.88,1.50
2013.04.22 06:16:34.619,1.06867,1.0689,2.03,3.08
2013.04.22 06:16:34.685,1.06867,1.0689,2.03,2.93
2013.04.22 06:16:34.746,1.0687,1.06891,1.13,1.65
2013.04.22 06:16:35.455,1.06868,1.06891,1.05,1.88
2013.04.22 06:16:35.525,1.06867,1.06889,1.28,1.65
2013.04.22 06:16:35.715,1.0687,1.06891,1.50,1.88
2013.04.22 06:16:36.224,1.06869,1.06893,1.88,2.93
2013.04.22 06:16:36.345,1.06871,1.06894,2.40,1.50
2013.04.22 06:16:36.414,1.06876,1.06895,1.13,1.50
2013.04.22 06:16:36.535,1.06876,1.06896,2.63,1.50
2013.04.22 06:16:36.606,1.06876,1.06896,1.50,1.13
2013.04.22 06:16:36.796,1.06875,1.06894,1.28,1.50
2013.04.22 06:16:37.046,1.06875,1.06895,1.28,1.50
2013.04.22 06:16:37.175,1.06873,1.06895,1.65,3.15
2013.04.22 06:16:37.235,1.06873,1.06894,1.65,1.65
2013.04.22 06:16:37.423,1.06872,1.06894,1.88,1.65
2013.04.22 06:16:37.628,1.06872,1.06894,2.63,2.40
2013.04.22 06:16:38.504,1.06872,1.06894,2.63,2.40
2013.04.22 06:16:38.805,1.06872,1.06895,1.28,1.50
2013.04.22 06:16:39.044,1.06875,1.06894,1.28,1.50
2013.04.22 06:16:39.166,1.06872,1.06894,2.55,1.50
2013.04.22 06:16:39.242,1.06872,1.06893,1.65,1.50
2013.04.22 06:16:39.307,1.06872,1.06891,1.50,1.50
2013.04.22 06:16:39.495,1.06866,1.06888,1.84,1.50
2013.04.22 06:16:39.556,1.06865,1.06887,1.65,2.18
2013.04.22 06:16:40.218,1.06864,1.06884,1.88,1.50
2013.04.22 06:16:41.067,1.06864,1.06884,2.63,1.50
2013.04.22 06:16:41.574,1.06864,1.06884,1.13,1.50
2013.04.22 06:16:45.745,1.06864,1.06884,1.88,1.50
2013.04.22 06:16:46.120,1.06867,1.06888,2.25,2.25
2013.04.22 06:16:47.196,1.06868,1.06888,1.13,1.50
2013.04.22 06:16:47.386,1.06867,1.06888,3.15,1.50
2013.04.22 06:16:48.405,1.06867,1.06887,2.40,1.50
2013.04.22 06:16:48.886,1.06869,1.06887,1.13,1.50
2013.04.22 06:16:49.014,1.06871,1.06889,1.65,1.50
2013.04.22 06:16:49.134,1.06871,1.06891,2.63,1.50
2013.04.22 06:16:49.684,1.06873,1.06894,1.13,1.65
2013.04.22 06:16:50.971,1.06874,1.06894,1.13,1.50
2013.04.22 06:16:51.048,1.06874,1.06894,1.88,1.50
2013.04.22 06:16:54.245,1.06874,1.06894,1.50,1.65
2013.04.22 06:16:54.315,1.06872,1.06888,1.50,1.13
2013.04.22 06:16:54.794,1.06865,1.06888,1.65,1.88
2013.04.22 06:16:55.994,1.06864,1.06887,3.30,2.40
2013.04.22 06:16:56.813,1.06867,1.06887,1.50,2.40
2013.04.22 06:16:58.444,1.06862,1.06885,1.65,1.88
2013.04.22 06:17:01.265,1.06862,1.06884,1.65,1.65
2013.04.22 06:17:09.722,1.06862,1.06883,1.65,1.65
2013.04.22 06:17:10.084,1.0686,1.06883,1.13,3.08
2013.04.22 06:17:10.623,1.06859,1.0688,1.13,1.65
2013.04.22 06:17:13.205,1.06859,1.0688,1.13,2.40
2013.04.22 06:17:14.453,1.06857,1.06879,6.15,1.13
2013.04.22 06:17:17.995,1.06857,1.06877,3.15,1.05
2013.04.22 06:17:18.114,1.06857,1.06878,2.40,1.80
2013.04.22 06:17:19.595,1.06857,1.06879,3.15,1.88
2013.04.22 06:17:21.707,1.06858,1.06879,1.65,1.13
2013.04.22 06:17:22.208,1.06857,1.06878,2.40,1.65
2013.04.22 06:17:23.341,1.06857,1.06878,2.40,1.65
2013.04.22 06:17:32.604,1.06857,1.06876,2.25,1.13
2013.04.22 06:17:32.909,1.06852,1.06871,1.50,1.13
2013.04.22 06:17:33.046,1.0685,1.0687,1.65,1.65
2013.04.22 06:17:33.115,1.06847,1.06869,1.13,3.83
2013.04.22 06:17:33.294,1.06846,1.06869,1.65,4.05
2013.04.22 06:17:33.614,1.06846,1.06869,2.63,3.83
2013.04.22 06:17:35.484,1.06848,1.06867,1.13,1.50
2013.04.22 06:17:35.674,1.06849,1.06869,1.13,2.25
2013.04.22 06:17:36.154,1.06848,1.06869,1.88,2.40
2013.04.22 06:17:37.245,1.06848,1.06869,1.88,2.55
2013.04.22 06:17:37.304,1.06848,1.06869,1.13,1.80
2013.04.22 06:17:37.604,1.06844,1.06865,1.65,1.13
2013.04.22 06:17:38.204,1.06845,1.06867,1.65,1.88
2013.04.22 06:17:40.754,1.06843,1.06864,1.50,1.13
2013.04.22 06:17:40.814,1.06842,1.06863,2.25,1.13
2013.04.22 06:17:41.375,1.06842,1.06863,1.50,1.13
2013.04.22 06:17:42.295,1.06838,1.06861,1.50,1.65
2013.04.22 06:17:42.717,1.06838,1.06859,1.50,1.13
2013.04.22 06:17:42.791,1.06836,1.06857,1.50,1.13
2013.04.22 06:17:43.383,1.06836,1.06858,1.50,1.50
2013.04.22 06:17:45.196,1.06836,1.06857,2.25,1.50
2013.04.22 06:17:45.939,1.06836,1.06856,1.50,2.93
2013.04.22 06:17:46.395,1.06833,1.06854,1.50,1.50
2013.04.22 06:17:47.138,1.06833,1.06853,2.25,3.90
2013.04.22 06:17:47.323,1.06829,1.0685,1.50,1.50
2013.04.22 06:17:47.506,1.06828,1.06848,1.50,1.13
2013.04.22 06:17:47.944,1.06827,1.06848,2.25,1.88
2013.04.22 06:17:48.004,1.06827,1.06848,2.25,1.88
2013.04.22 06:17:48.246,1.06827,1.06843,1.50,1.13
2013.04.22 06:17:48.506,1.06824,1.06843,1.50,1.13
2013.04.22 06:17:49.067,1.06822,1.06843,2.40,1.13
2013.04.22 06:17:50.626,1.06823,1.06846,1.13,3.53
2013.04.22 06:17:52.034,1.06824,1.06844,3.83,1.65
2013.04.22 06:17:52.654,1.06826,1.06848,1.50,1.13
2013.04.22 06:17:53.013,1.06829,1.06848,1.65,1.13
2013.04.22 06:17:54.105,1.06829,1.06848,1.65,1.88
2013.04.22 06:17:54.224,1.06829,1.06848,1.65,1.88
2013.04.22 06:17:54.344,1.06829,1.06848,1.50,1.88
2013.04.22 06:17:54.465,1.06829,1.06848,1.65,1.13
2013.04.22 06:17:59.786,1.06836,1.06853,1.13,1.50
2013.04.22 06:17:59.915,1.06838,1.06855,1.65,1.50
2013.04.22 06:18:00.045,1.06839,1.06861,3.15,1.50
2013.04.22 06:18:00.174,1.06842,1.06864,1.65,1.50
2013.04.22 06:18:00.354,1.06843,1.06864,1.50,1.50
2013.04.22 06:18:00.485,1.06844,1.06868,1.50,2.25
2013.04.22 06:18:02.566,1.06844,1.06864,1.50,1.50
2013.04.22 06:18:02.685,1.06841,1.06864,2.25,2.25
2013.04.22 06:18:03.104,1.06841,1.06863,1.50,1.65
2013.04.22 06:18:03.224,1.0684,1.0686,1.50,1.50
2013.04.22 06:18:03.413,1.06837,1.06858,2.18,2.78
2013.04.22 06:18:03.474,1.06836,1.06858,1.50,3.53
2013.04.22 06:18:03.654,1.06835,1.06858,1.32,1.88
2013.04.22 06:18:03.954,1.06837,1.06858,1.13,1.65
2013.04.22 06:18:04.015,1.06837,1.06859,1.88,1.50
2013.04.22 06:18:04.435,1.06839,1.06862,1.88,1.88
2013.04.22 06:18:04.554,1.06843,1.06862,1.13,1.65
2013.04.22 06:18:04.795,1.06847,1.06868,1.88,1.50
2013.04.22 06:18:05.154,1.06849,1.06871,1.65,2.63
2013.04.22 06:18:06.606,1.06847,1.06869,1.88,1.65
2013.04.22 06:18:06.954,1.06847,1.0687,1.88,1.65
2013.04.22 06:18:07.466,1.06847,1.06869,2.63,1.65
2013.04.22 06:18:08.674,1.06848,1.06869,1.13,1.50
2013.04.22 06:18:10.164,1.06848,1.0687,2.63,1.13
2013.04.22 06:18:10.535,1.0685,1.06871,1.13,1.65
2013.04.22 06:18:12.324,1.06848,1.0687,2.63,1.13
2013.04.22 06:18:13.150,1.0685,1.06872,1.13,2.40
2013.04.22 06:18:13.222,1.0685,1.06872,1.13,2.40
2013.04.22 06:18:13.555,1.06851,1.06874,2.93,2.25
2013.04.22 06:18:14.874,1.06851,1.06873,3.83,1.88
2013.04.22 06:18:15.010,1.0685,1.06871,1.88,1.65
2013.04.22 06:18:16.214,1.0685,1.0687,1.65,1.13
2013.04.22 06:18:16.333,1.0685,1.06869,1.50,1.13
2013.04.22 06:18:16.885,1.06847,1.06869,1.65,1.88
2013.04.22 06:18:17.764,1.06847,1.06869,2.63,1.65
2013.04.22 06:18:17.825,1.0685,1.06869,1.13,1.50
2013.04.22 06:18:18.196,1.06854,1.06875,2.25,2.18
2013.04.22 06:18:18.324,1.06858,1.06878,1.13,1.65
2013.04.22 06:18:18.444,1.06859,1.0688,1.13,2.25
2013.04.22 06:18:18.874,1.06859,1.06881,1.65,1.13
2013.04.22 06:18:19.335,1.06857,1.06878,1.13,1.88
2013.04.22 06:18:19.395,1.06856,1.06877,2.25,1.65
2013.04.22 06:18:19.513,1.06854,1.06873,1.50,1.13
2013.04.22 06:18:19.577,1.06854,1.06873,1.50,1.13
2013.04.22 06:18:19.705,1.06849,1.06872,3.08,1.88
2013.04.22 06:18:19.826,1.06849,1.06871,1.65,1.13
2013.04.22 06:18:20.155,1.06848,1.06871,3.08,1.88
2013.04.22 06:18:20.276,1.06851,1.06873,1.50,2.25
2013.04.22 06:18:20.345,1.06851,1.06873,1.50,1.50
2013.04.22 06:18:20.415,1.06853,1.06874,1.50,1.50
2013.04.22 06:18:20.895,1.06854,1.06869,1.50,1.13
2013.04.22 06:18:20.954,1.06854,1.0687,1.50,1.13
2013.04.22 06:18:21.075,1.06849,1.0687,1.65,1.13
2013.04.22 06:18:21.258,1.0685,1.0687,1.13,1.05
2013.04.22 06:18:21.325,1.06851,1.0687,1.13,1.65
2013.04.22 06:18:21.855,1.06851,1.06871,1.13,1.65
2013.04.22 06:18:23.025,1.06853,1.06872,1.65,1.88
2013.04.22 06:18:23.085,1.06853,1.06873,1.65,2.25
2013.04.22 06:18:23.145,1.06856,1.06875,1.50,1.65
2013.04.22 06:18:23.326,1.0686,1.0688,1.65,1.28
2013.04.22 06:18:23.456,1.06862,1.06881,1.50,1.13
2013.04.22 06:18:24.234,1.06862,1.06884,1.50,3.15
2013.04.22 06:18:24.354,1.06862,1.06886,1.50,2.25
2013.04.22 06:18:24.474,1.06862,1.06885,1.50,1.13
2013.04.22 06:18:24.787,1.06861,1.06881,1.50,1.13
2013.04.22 06:18:27.086,1.06861,1.06882,1.65,2.25
2013.04.22 06:18:27.155,1.06861,1.06882,1.65,1.50
2013.04.22 06:18:27.474,1.06863,1.06884,1.50,1.50
2013.04.22 06:18:27.533,1.06863,1.06885,1.50,1.50
2013.04.22 06:18:28.574,1.06863,1.06884,1.50,2.25
2013.04.22 06:18:29.954,1.06864,1.06884,1.50,1.50
2013.04.22 06:18:30.695,1.06863,1.06884,1.50,2.25
2013.04.22 06:18:32.355,1.06863,1.06884,1.50,2.63
2013.04.22 06:18:32.665,1.06859,1.06879,1.65,1.50
2013.04.22 06:18:32.735,1.06858,1.06879,1.65,1.88
2013.04.22 06:18:32.924,1.06859,1.06879,1.13,1.65
2013.04.22 06:18:34.226,1.06859,1.06879,1.50,1.88
2013.04.22 06:18:35.446,1.0686,1.06881,2.25,2.03
2013.04.22 06:18:36.074,1.0686,1.06881,2.78,2.03
2013.04.22 06:18:36.195,1.06863,1.06882,1.13,1.50
2013.04.22 06:18:36.325,1.06866,1.06884,1.28,2.40
2013.04.22 06:18:36.905,1.06866,1.06886,1.28,1.88
2013.04.22 06:18:38.765,1.06866,1.06886,1.50,1.50
2013.04.22 06:18:39.304,1.06867,1.06886,1.13,1.50
2013.04.22 06:18:39.844,1.06866,1.06886,3.15,1.88
2013.04.22 06:18:39.904,1.06866,1.06886,2.03,1.88
2013.04.22 06:18:40.805,1.06867,1.06886,1.28,1.88
2013.04.22 06:18:41.484,1.06866,1.06886,1.28,1.88
2013.04.22 06:18:41.544,1.06866,1.06886,1.28,1.88
2013.04.22 06:18:41.725,1.06865,1.06883,1.13,1.13
2013.04.22 06:18:42.356,1.06864,1.06881,1.28,1.65
2013.04.22 06:18:43.086,1.06862,1.06881,2.25,1.65
2013.04.22 06:18:43.915,1.06864,1.06881,1.28,1.65
2013.04.22 06:18:44.842,1.06863,1.06881,1.28,1.65
2013.04.22 06:18:45.264,1.06858,1.0688,1.28,1.50
2013.04.22 06:18:45.629,1.06862,1.0688,1.13,1.50
2013.04.22 06:18:45.946,1.06866,1.06881,1.28,1.50
2013.04.22 06:18:46.016,1.06866,1.06883,1.28,1.50
2013.04.22 06:18:46.209,1.06867,1.06888,2.03,2.59
2013.04.22 06:18:46.456,1.06868,1.06888,1.28,1.65
2013.04.22 06:18:47.925,1.06868,1.06888,1.28,2.40
2013.04.22 06:18:48.314,1.06866,1.06886,2.03,1.13
2013.04.22 06:18:48.686,1.06865,1.06883,1.50,1.50
2013.04.22 06:18:49.538,1.06865,1.06884,2.25,2.40
2013.04.22 06:18:49.867,1.06867,1.06889,1.50,1.50
2013.04.22 06:18:50.011,1.0687,1.06892,1.28,2.40
2013.04.22 06:18:50.582,1.0687,1.06893,1.28,1.88
2013.04.22 06:18:50.645,1.0687,1.06892,1.28,1.65
2013.04.22 06:18:52.223,1.0687,1.06892,2.03,1.65
2013.04.22 06:18:53.048,1.06871,1.06893,1.65,1.13
2013.04.22 06:18:57.554,1.0687,1.06892,2.78,1.65
2013.04.22 06:18:58.644,1.06873,1.06892,1.13,1.50
2013.04.22 06:18:58.826,1.06882,1.06896,1.65,1.50
2013.04.22 06:18:58.955,1.06882,1.06903,2.78,1.88
2013.04.22 06:18:59.027,1.06886,1.06903,1.13,1.13
2013.04.22 06:18:59.335,1.06897,1.06917,1.13,1.65
2013.04.22 06:18:59.634,1.06899,1.0692,2.63,1.65
2013.04.22 06:19:01.441,1.06899,1.06922,1.13,1.13
2013.04.22 06:19:01.654,1.06898,1.0692,3.00,1.50
2013.04.22 06:19:02.685,1.06897,1.06918,2.25,1.50
2013.04.22 06:19:02.935,1.06897,1.06917,1.50,1.13
2013.04.22 06:19:03.486,1.06897,1.06918,1.65,2.25
2013.04.22 06:19:03.615,1.06901,1.06918,2.63,1.50
2013.04.22 06:19:03.736,1.06903,1.06923,2.78,3.00
2013.04.22 06:19:03.806,1.06907,1.06924,1.13,1.50
2013.04.22 06:19:04.465,1.06907,1.06927,1.88,1.50
2013.04.22 06:19:04.607,1.06907,1.06927,1.88,1.88
2013.04.22 06:19:05.154,1.06906,1.06927,1.88,1.88
2013.04.22 06:19:05.634,1.06907,1.06929,1.28,2.40
2013.04.22 06:19:05.695,1.06909,1.06929,1.13,2.40
2013.04.22 06:19:06.066,1.0691,1.0693,1.50,1.50
2013.04.22 06:19:06.197,1.06912,1.06934,1.50,2.25
2013.04.22 06:19:06.265,1.06912,1.06934,3.00,1.50
2013.04.22 06:19:06.506,1.06916,1.06936,2.63,1.65
2013.04.22 06:19:06.837,1.06917,1.06938,1.13,1.13
2013.04.22 06:19:07.146,1.06919,1.06939,1.50,2.40
2013.04.22 06:19:07.455,1.06919,1.06939,1.50,1.65
2013.04.22 06:19:07.646,1.06919,1.06939,1.13,1.88
2013.04.22 06:19:07.955,1.06915,1.06934,1.50,1.13
2013.04.22 06:19:09.553,1.06915,1.06935,3.00,1.13
2013.04.22 06:19:10.105,1.06914,1.06933,1.13,1.88
2013.04.22 06:19:10.466,1.06914,1.06934,1.50,2.40
2013.04.22 06:19:10.539,1.06912,1.06932,1.13,3.15
2013.04.22 06:19:10.606,1.06912,1.06929,1.13,1.28
2013.04.22 06:19:10.795,1.06912,1.06929,1.13,1.65
2013.04.22 06:19:10.855,1.06907,1.06929,2.25,1.65
2013.04.22 06:19:11.275,1.06913,1.0693,1.13,2.93
2013.04.22 06:19:11.395,1.06913,1.06933,1.88,2.40
2013.04.22 06:19:11.584,1.06913,1.06933,1.88,1.50
2013.04.22 06:19:11.825,1.06913,1.06933,1.50,1.88
2013.04.22 06:19:12.209,1.06914,1.06932,1.28,1.50
2013.04.22 06:19:12.595,1.06913,1.06932,1.28,1.50
2013.04.22 06:19:13.644,1.06912,1.06932,1.88,1.65
2013.04.22 06:19:14.685,1.0691,1.0693,1.13,1.50
2013.04.22 06:19:15.355,1.0691,1.0693,1.65,1.88
2013.04.22 06:19:15.874,1.06909,1.06928,1.13,1.65
2013.04.22 06:19:18.106,1.06913,1.06933,3.38,1.50
2013.04.22 06:19:18.414,1.06916,1.06935,1.13,1.50
2013.04.22 06:19:18.474,1.06916,1.06938,3.38,2.93
2013.04.22 06:19:18.606,1.06918,1.06939,1.28,1.50
2013.04.22 06:19:21.385,1.06918,1.06938,2.63,1.50
2013.04.22 06:19:21.544,1.06918,1.06939,2.63,1.50
2013.04.22 06:19:22.145,1.06918,1.06938,2.40,1.65
2013.04.22 06:19:22.454,1.06918,1.06938,2.63,3.68
2013.04.22 06:19:22.635,1.06918,1.06939,4.28,1.50
2013.04.22 06:19:26.906,1.06919,1.0694,1.28,1.50
2013.04.22 06:19:26.976,1.0693,1.0694,1.65,1.50
2013.04.22 06:19:27.727,1.06925,1.06948,3.15,2.40
2013.04.22 06:19:27.805,1.06925,1.06946,1.13,1.28
2013.04.22 06:19:28.886,1.06923,1.06944,1.65,1.28
2013.04.22 06:19:29.864,1.06922,1.06944,1.88,2.03
2013.04.22 06:19:30.805,1.06922,1.06943,1.50,2.25
2013.04.22 06:19:30.864,1.06921,1.06942,2.25,3.68
2013.04.22 06:19:35.145,1.06921,1.06943,1.50,1.50
2013.04.22 06:19:37.036,1.06915,1.06936,1.88,1.13
2013.04.22 06:19:37.265,1.06915,1.06936,1.13,1.13
2013.04.22 06:19:37.385,1.06914,1.06935,1.50,1.88
2013.04.22 06:19:37.566,1.06911,1.06933,1.50,1.50
2013.04.22 06:19:37.636,1.06909,1.06931,1.65,1.13
2013.04.22 06:19:37.884,1.06908,1.0693,1.65,1.50
2013.04.22 06:19:37.944,1.06909,1.0693,1.13,1.50
2013.04.22 06:19:38.124,1.0691,1.0693,1.65,2.40
2013.04.22 06:19:38.365,1.06908,1.0693,3.53,1.50
2013.04.22 06:19:38.425,1.06912,1.06931,1.13,1.65
2013.04.22 06:19:38.844,1.06913,1.06933,1.65,1.13
2013.04.22 06:19:39.274,1.06915,1.06938,3.38,1.65
2013.04.22 06:19:40.784,1.06917,1.06938,1.65,1.65
2013.04.22 06:19:40.964,1.06918,1.06942,3.90,1.50
2013.04.22 06:19:41.566,1.0692,1.0694,1.50,1.13
2013.04.22 06:19:41.697,1.06918,1.06938,1.50,1.13
2013.04.22 06:19:41.765,1.06918,1.06934,1.50,1.13
2013.04.22 06:19:41.964,1.06912,1.06933,1.13,1.65
2013.04.22 06:19:44.176,1.06911,1.06933,4.28,1.50
2013.04.22 06:19:44.425,1.06915,1.06938,1.13,2.40
2013.04.22 06:19:44.615,1.06914,1.06936,1.50,1.13
2013.04.22 06:19:44.974,1.06916,1.06937,1.65,1.13
2013.04.22 06:19:45.154,1.06916,1.06938,1.88,4.58
2013.04.22 06:19:46.218,1.06916,1.06936,1.13,1.13
2013.04.22 06:19:46.905,1.06916,1.06937,1.88,1.88
2013.04.22 06:19:47.386,1.06916,1.06939,2.63,3.53
2013.04.22 06:19:47.934,1.06918,1.06939,1.65,1.28
2013.04.22 06:19:48.041,1.06919,1.06939,1.13,1.13
2013.04.22 06:19:48.405,1.06921,1.06942,2.40,1.50
2013.04.22 06:19:48.526,1.06923,1.06945,2.25,1.50
2013.04.22 06:19:48.584,1.06924,1.06946,2.18,1.50
2013.04.22 06:19:48.885,1.06927,1.06948,1.88,2.40
2013.04.22 06:19:49.244,1.06927,1.06947,1.65,1.13
2013.04.22 06:19:49.864,1.06926,1.06946,1.13,1.65
2013.04.22 06:19:52.954,1.06926,1.06946,1.88,1.50
2013.04.22 06:19:53.636,1.06926,1.06946,1.88,1.65
2013.04.22 06:19:55.075,1.06926,1.06944,1.13,1.50
2013.04.22 06:19:55.614,1.06922,1.06944,3.00,1.50
2013.04.22 06:19:55.914,1.06922,1.06944,1.65,1.65
2013.04.22 06:19:56.842,1.06922,1.06943,3.00,1.50
2013.04.22 06:20:00.354,1.06923,1.06943,1.13,1.50
2013.04.22 06:20:00.654,1.06927,1.06949,1.13,3.15
2013.04.22 06:20:01.074,1.06927,1.06949,1.28,2.25
2013.04.22 06:20:01.315,1.0693,1.0695,1.88,1.50
2013.04.22 06:20:01.901,1.06929,1.06949,1.32,1.50
2013.04.22 06:20:04.354,1.06928,1.06949,1.13,1.65
2013.04.22 06:20:04.414,1.06927,1.06947,3.15,1.13
2013.04.22 06:20:04.476,1.06927,1.06947,2.40,1.13
2013.04.22 06:20:04.787,1.06924,1.06946,1.50,2.25
2013.04.22 06:20:04.914,1.06923,1.06944,1.50,1.65
2013.04.22 06:20:04.974,1.06922,1.06944,2.25,3.08
2013.04.22 06:20:05.154,1.06921,1.06944,2.40,3.83
2013.04.22 06:20:05.504,1.06921,1.06944,2.63,3.68
2013.04.22 06:20:06.064,1.06926,1.06944,1.88,2.93
2013.04.22 06:20:06.125,1.06926,1.06946,1.88,1.50
2013.04.22 06:20:06.436,1.06927,1.06947,2.03,1.50
2013.04.22 06:20:06.564,1.06927,1.06948,2.03,1.50
2013.04.22 06:20:14.325,1.06927,1.06948,1.13,1.50
2013.04.22 06:20:14.383,1.06926,1.06948,2.40,1.88
2013.04.22 06:20:14.980,1.06927,1.06949,1.88,3.15
2013.04.22 06:20:15.044,1.06926,1.06947,1.88,1.13
2013.04.22 06:20:17.824,1.06926,1.06948,1.50,1.65
2013.04.22 06:20:17.884,1.06925,1.06947,1.50,2.25
2013.04.22 06:20:18.313,1.06922,1.06944,3.15,1.50
2013.04.22 06:20:31.535,1.06922,1.06944,3.15,2.25
2013.04.22 06:20:31.836,1.06922,1.06943,1.88,1.65
2013.04.22 06:20:32.169,1.06926,1.06944,1.13,1.50
2013.04.22 06:20:32.234,1.06925,1.06944,1.13,1.50
2013.04.22 06:20:32.295,1.06926,1.06944,1.13,1.50
2013.04.22 06:20:32.775,1.06926,1.06946,1.13,1.65
2013.04.22 06:20:32.954,1.06925,1.06945,1.50,1.13
2013.04.22 06:20:33.075,1.06922,1.06944,1.88,1.65
2013.04.22 06:20:33.553,1.06922,1.06943,1.88,1.65
2013.04.22 06:20:34.113,1.06921,1.06943,1.50,1.50
2013.04.22 06:20:34.991,1.06919,1.0694,2.78,1.50
2013.04.22 06:20:35.185,1.06919,1.0694,3.53,1.50
2013.04.22 06:20:36.314,1.06919,1.0694,3.00,1.50
2013.04.22 06:20:36.494,1.06917,1.0694,1.65,2.25
2013.04.22 06:20:37.034,1.06913,1.06933,1.50,1.50
2013.04.22 06:20:37.154,1.06912,1.06933,1.50,1.50
2013.04.22 06:20:39.065,1.06912,1.06933,1.50,2.25
2013.04.22 06:20:39.606,1.0691,1.06931,1.50,1.50
2013.04.22 06:20:39.964,1.06911,1.06933,1.65,1.65
2013.04.22 06:20:40.085,1.06913,1.06933,1.13,1.65
2013.04.22 06:20:40.385,1.06912,1.06933,1.65,1.88
2013.04.22 06:20:40.891,1.06913,1.06933,1.65,1.88
2013.04.22 06:20:41.758,1.06912,1.06933,2.40,1.88
2013.04.22 06:20:43.144,1.06913,1.06933,1.50,3.00
2013.04.22 06:20:43.833,1.06911,1.06932,1.50,2.25
2013.04.22 06:20:44.144,1.06911,1.0693,1.50,1.50
2013.04.22 06:20:44.604,1.06911,1.06932,2.25,1.50
2013.04.22 06:20:45.125,1.06911,1.06931,1.50,1.50
2013.04.22 06:20:46.943,1.06911,1.06932,2.25,1.50
2013.04.22 06:20:48.143,1.06911,1.06931,1.50,1.50
2013.04.22 06:20:49.273,1.06911,1.06932,2.25,1.50
2013.04.22 06:20:49.626,1.06911,1.06931,1.50,1.50
2013.04.22 06:20:50.057,1.06907,1.06929,1.65,1.65
2013.04.22 06:20:50.123,1.06906,1.06927,1.13,1.50
2013.04.22 06:20:50.304,1.06908,1.06929,1.65,1.65
2013.04.22 06:20:50.805,1.0691,1.06929,1.50,1.88
2013.04.22 06:20:51.045,1.06905,1.06925,1.65,1.13
2013.04.22 06:20:51.644,1.06905,1.06925,2.40,1.13
2013.04.22 06:20:52.006,1.06905,1.06925,2.40,1.13
2013.04.22 06:20:52.254,1.06909,1.06925,1.50,1.50
2013.04.22 06:20:52.794,1.06909,1.06931,1.50,1.88
2013.04.22 06:20:55.111,1.0691,1.06931,2.25,1.88
2013.04.22 06:20:56.205,1.06912,1.06931,3.00,1.50
2013.04.22 06:20:56.564,1.06919,1.06936,1.50,1.13
2013.04.22 06:20:56.640,1.06919,1.06938,1.50,3.49
2013.04.22 06:20:57.195,1.06921,1.06941,1.50,4.50
2013.04.22 06:20:57.435,1.06916,1.06939,1.65,2.78
2013.04.22 06:20:58.304,1.06917,1.06938,1.13,1.13
2013.04.22 06:20:59.573,1.06917,1.06938,1.13,1.13
2013.04.22 06:21:00.949,1.06917,1.06934,1.13,1.50
2013.04.22 06:21:01.019,1.06915,1.06934,1.65,1.65
2013.04.22 06:21:01.205,1.06913,1.06934,2.25,1.13
2013.04.22 06:21:01.385,1.06912,1.06932,1.50,1.13
2013.04.22 06:21:01.445,1.06913,1.06934,2.18,3.00
2013.04.22 06:21:01.993,1.06913,1.06933,3.08,1.13
2013.04.22 06:21:02.316,1.06911,1.06932,2.40,1.13
2013.04.22 06:21:04.035,1.06911,1.06933,1.50,1.65
2013.04.22 06:21:04.808,1.06911,1.06933,1.88,1.88
2013.04.22 06:21:08.855,1.06911,1.06932,1.65,1.13
2013.04.22 06:21:08.975,1.0691,1.0693,1.65,1.13
2013.04.22 06:21:09.286,1.06907,1.06929,2.93,2.78
2013.04.22 06:21:09.584,1.06906,1.06928,1.50,1.13
2013.04.22 06:21:10.161,1.06905,1.06928,1.50,1.13
2013.04.22 06:21:10.404,1.06906,1.06928,1.88,1.50
2013.04.22 06:21:10.645,1.06909,1.0693,1.50,1.65
2013.04.22 06:21:11.003,1.0691,1.06932,2.25,1.13
2013.04.22 06:21:11.184,1.06911,1.06932,1.50,3.00
2013.04.22 06:21:11.364,1.0691,1.06931,1.50,2.63
2013.04.22 06:21:12.308,1.0691,1.06931,1.50,1.88
