2012.08.29 21:00:00.182,0.82106,0.82134,0.75,0.75
2012.08.29 21:00:00.485,0.82101,0.82134,0.75,0.75
2012.08.29 21:00:02.566,0.82103,0.82134,0.75,0.75
2012.08.29 21:00:07.645,0.82119,0.82134,0.75,0.75
2012.08.29 21:00:08.525,0.82118,0.82134,0.75,0.75
2012.08.29 21:00:58.285,0.82118,0.82133,0.75,0.75
2012.08.29 21:01:08.594,0.82107,0.82133,0.75,0.75
2012.08.29 21:01:17.276,0.82118,0.82133,0.75,0.75
2012.08.29 21:01:17.594,0.82121,0.82133,0.75,0.75
2012.08.29 21:01:34.516,0.82121,0.82139,0.75,0.75
2012.08.29 21:01:35.128,0.82121,0.82134,0.75,0.75
2012.08.29 21:01:49.657,0.82121,0.82133,0.75,0.75
2012.08.29 21:02:17.627,0.82102,0.82133,0.75,0.75
2012.08.29 21:02:29.595,0.82106,0.82139,0.75,0.75
2012.08.29 21:02:30.145,0.82102,0.82133,0.75,0.75
2012.08.29 21:02:31.531,0.82112,0.82138,0.75,0.75
2012.08.29 21:02:32.015,0.82101,0.82134,0.75,0.75
2012.08.29 21:02:47.545,0.82117,0.82134,0.75,0.75
2012.08.29 21:03:27.583,0.82117,0.82124,0.75,0.75
2012.08.29 21:03:28.618,0.82117,0.82129,0.75,0.75
2012.08.29 21:03:29.135,0.82117,0.82128,0.75,0.75
2012.08.29 21:03:32.248,0.82117,0.82124,0.75,0.75
2012.08.29 21:03:32.827,0.82117,0.82123,0.75,0.75
2012.08.29 21:03:37.837,0.82117,0.82128,0.75,0.75
2012.08.29 21:03:37.896,0.82117,0.82124,0.75,0.75
2012.08.29 21:03:47.557,0.82096,0.82124,0.75,0.75
2012.08.29 21:03:50.529,0.82091,0.82124,0.75,0.75
2012.08.29 21:03:51.037,0.82096,0.82124,0.75,0.75
2012.08.29 21:03:57.029,0.82092,0.82123,0.75,0.75
2012.08.29 21:03:57.485,0.82096,0.82124,0.75,0.75
2012.08.29 21:03:59.658,0.82092,0.82123,0.75,0.75
2012.08.29 21:04:02.302,0.82089,0.82138,1.50,0.98
2012.08.29 21:04:04.398,0.82089,0.82138,1.50,0.98
2012.08.29 21:04:58.437,0.8211,0.8213,4.50,1.50
2012.08.29 21:05:04.495,0.8211,0.82133,4.50,4.50
2012.08.29 21:05:09.548,0.82109,0.82132,4.50,4.50
2012.08.29 21:05:10.129,0.82109,0.82129,4.50,1.50
2012.08.29 21:05:54.747,0.82102,0.8214,4.50,1.50
2012.08.29 21:06:03.666,0.82102,0.8214,4.50,1.50
2012.08.29 21:06:12.579,0.82102,0.8214,4.50,1.50
2012.08.29 21:06:16.220,0.82102,0.8214,4.50,1.50
2012.08.29 21:06:16.717,0.82102,0.8214,4.50,1.50
2012.08.29 21:06:30.345,0.82102,0.8214,4.50,1.50
2012.08.29 21:06:31.002,0.82102,0.8214,4.50,1.50
2012.08.29 21:06:32.982,0.82102,0.8214,4.50,1.50
2012.08.29 21:06:33.479,0.82102,0.8214,4.50,1.50
2012.08.29 21:06:34.956,0.82102,0.8214,4.50,1.50
2012.08.29 21:06:35.620,0.82102,0.8214,4.50,1.50
2012.08.29 21:06:37.379,0.82102,0.8214,4.50,1.50
2012.08.29 21:06:37.959,0.82102,0.8214,4.50,1.50
2012.08.29 21:06:39.859,0.82102,0.8214,4.50,1.50
2012.08.29 21:06:42.028,0.82102,0.8214,4.50,1.50
2012.08.29 21:06:44.259,0.82102,0.8214,4.50,1.50
2012.08.29 21:06:55.173,0.8208,0.82144,2.78,2.03
2012.08.29 21:07:04.549,0.8208,0.82144,2.78,2.03
2012.08.29 21:07:26.927,0.82075,0.82138,1.73,1.50
2012.08.29 21:07:38.719,0.82073,0.82138,2.03,1.50
2012.08.29 21:07:47.918,0.82106,0.82133,0.75,1.50
2012.08.29 21:07:48.552,0.82074,0.82133,2.78,1.50
2012.08.29 21:07:58.618,0.82083,0.82151,2.03,2.03
2012.08.29 21:08:32.898,0.82123,0.82155,0.75,2.03
2012.08.29 21:08:34.981,0.82106,0.82155,1.50,2.03
2012.08.29 21:08:38.318,0.82112,0.82155,1.50,2.03
2012.08.29 21:08:39.132,0.82107,0.82155,1.50,2.03
2012.08.29 21:08:39.989,0.82111,0.82155,1.50,2.03
2012.08.29 21:08:43.149,0.82084,0.82144,2.03,1.80
2012.08.29 21:08:44.147,0.82078,0.82143,2.03,1.05
2012.08.29 21:08:47.338,0.82088,0.82103,0.98,1.05
2012.08.29 21:08:47.648,0.8206,0.82089,1.50,4.50
2012.08.29 21:08:48.019,0.82058,0.82089,4.50,4.50
2012.08.29 21:08:48.153,0.82069,0.82143,1.50,1.05
2012.08.29 21:08:48.219,0.82069,0.82161,1.50,1.05
2012.08.29 21:08:48.289,0.82102,0.82161,0.75,1.80
2012.08.29 21:09:23.489,0.82101,0.82138,1.50,1.50
2012.08.29 21:09:53.638,0.82102,0.82138,1.50,1.50
2012.08.29 21:10:01.298,0.82097,0.82138,1.50,1.50
2012.08.29 21:10:01.609,0.82097,0.82136,1.50,1.50
2012.08.29 21:10:02.699,0.82097,0.82136,1.50,1.50
2012.08.29 21:10:02.889,0.82097,0.82134,1.50,1.50
2012.08.29 21:10:13.070,0.82097,0.82134,1.50,1.50
2012.08.29 21:10:37.939,0.82098,0.82133,1.50,1.50
2012.08.29 21:10:45.929,0.82098,0.82138,1.50,1.50
2012.08.29 21:10:46.007,0.82097,0.82138,1.50,1.50
2012.08.29 21:10:46.080,0.821,0.82148,1.50,1.73
2012.08.29 21:10:46.149,0.82102,0.82148,1.80,1.50
2012.08.29 21:10:54.259,0.82103,0.82148,1.05,1.50
2012.08.29 21:11:06.016,0.82102,0.82148,1.05,1.50
2012.08.29 21:11:06.731,0.82101,0.82148,1.80,1.50
2012.08.29 21:11:07.634,0.82101,0.82148,1.05,1.50
2012.08.29 21:11:16.150,0.82101,0.82147,1.80,1.50
2012.08.29 21:11:21.818,0.82092,0.82143,1.50,1.50
2012.08.29 21:11:23.714,0.82097,0.82147,2.55,1.50
2012.08.29 21:11:24.030,0.82092,0.82143,1.50,1.50
2012.08.29 21:11:24.340,0.82088,0.82139,1.50,1.50
2012.08.29 21:11:25.414,0.82096,0.82139,1.50,1.50
2012.08.29 21:11:25.600,0.82087,0.82139,2.55,1.73
2012.08.29 21:11:26.530,0.82096,0.82139,1.50,1.50
2012.08.29 21:11:27.083,0.82095,0.82139,1.50,1.50
2012.08.29 21:11:31.600,0.82095,0.82138,1.50,1.50
2012.08.29 21:11:31.672,0.82094,0.82138,1.50,1.50
2012.08.29 21:11:31.921,0.82093,0.82138,1.50,1.50
2012.08.29 21:11:35.670,0.82097,0.82147,1.50,2.03
2012.08.29 21:11:35.805,0.82097,0.82147,1.50,1.80
2012.08.29 21:11:38.893,0.82091,0.82146,1.50,1.50
2012.08.29 21:11:40.179,0.82097,0.82147,1.50,1.80
2012.08.29 21:11:45.791,0.82091,0.82146,1.50,1.50
2012.08.29 21:11:47.271,0.82096,0.82149,1.50,1.50
2012.08.29 21:11:47.339,0.82096,0.8215,1.50,1.50
2012.08.29 21:11:51.321,0.82092,0.8215,2.55,1.50
2012.08.29 21:11:51.459,0.82092,0.8215,2.55,1.50
2012.08.29 21:11:51.591,0.82096,0.8215,1.50,1.50
2012.08.29 21:11:51.888,0.82092,0.8215,1.80,1.50
2012.08.29 21:12:02.840,0.82102,0.8215,1.50,1.50
2012.08.29 21:12:15.192,0.82096,0.8215,1.50,1.50
2012.08.29 21:12:15.634,0.82097,0.8215,1.50,1.50
2012.08.29 21:12:19.838,0.82097,0.82144,1.50,1.50
2012.08.29 21:12:22.296,0.82097,0.82144,1.50,1.50
2012.08.29 21:12:27.789,0.82102,0.82144,1.50,1.50
2012.08.29 21:12:28.593,0.82102,0.82148,1.50,1.50
2012.08.29 21:12:42.109,0.82101,0.82149,1.50,1.50
2012.08.29 21:12:46.550,0.82097,0.82144,2.25,1.50
2012.08.29 21:12:54.530,0.82101,0.82148,1.50,1.50
2012.08.29 21:13:00.383,0.82097,0.82144,1.50,1.50
2012.08.29 21:13:01.087,0.82101,0.82148,1.50,1.50
2012.08.29 21:13:09.030,0.82097,0.82148,1.50,1.50
2012.08.29 21:13:14.590,0.82102,0.82146,1.50,1.80
2012.08.29 21:13:19.710,0.82104,0.82146,1.50,1.80
2012.08.29 21:13:27.942,0.82108,0.82146,1.50,1.80
2012.08.29 21:13:28.251,0.82116,0.82147,1.50,1.05
2012.08.29 21:13:28.321,0.82116,0.82159,1.50,2.25
2012.08.29 21:13:28.751,0.82117,0.82153,1.50,1.50
2012.08.29 21:13:35.350,0.82111,0.82153,1.50,1.50
2012.08.29 21:13:35.880,0.82111,0.82149,1.50,1.50
2012.08.29 21:13:39.840,0.82115,0.82149,1.50,1.50
2012.08.29 21:13:48.956,0.82112,0.82146,1.50,1.50
2012.08.29 21:13:49.120,0.82115,0.82149,1.50,1.50
2012.08.29 21:14:09.752,0.82114,0.82149,1.50,1.50
2012.08.29 21:14:30.911,0.82115,0.82154,2.63,1.50
2012.08.29 21:14:30.982,0.82117,0.82157,1.50,1.50
2012.08.29 21:15:00.903,0.82117,0.82158,1.50,1.50
2012.08.29 21:15:07.582,0.82114,0.82152,1.50,7.13
2012.08.29 21:15:07.659,0.82108,0.82149,1.50,1.50
2012.08.29 21:15:07.731,0.82104,0.82149,1.50,1.50
2012.08.29 21:15:09.815,0.82104,0.82149,1.50,2.25
2012.08.29 21:15:14.462,0.82105,0.82142,1.50,1.50
2012.08.29 21:15:16.828,0.82105,0.82148,1.50,1.50
2012.08.29 21:15:17.141,0.8211,0.82149,1.50,3.38
2012.08.29 21:15:18.914,0.8211,0.82143,1.50,4.50
2012.08.29 21:15:20.802,0.82107,0.82142,1.50,1.50
2012.08.29 21:15:20.931,0.82107,0.82149,1.50,2.63
2012.08.29 21:15:21.001,0.82108,0.82149,1.50,2.63
2012.08.29 21:15:21.522,0.82115,0.82158,1.88,1.80
2012.08.29 21:15:21.591,0.82115,0.82158,2.63,1.80
2012.08.29 21:15:23.813,0.82114,0.82155,1.50,2.63
2012.08.29 21:15:24.011,0.82112,0.82149,1.50,1.50
2012.08.29 21:15:25.802,0.82114,0.82158,2.63,2.03
2012.08.29 21:15:25.872,0.82114,0.82158,2.63,1.80
2012.08.29 21:15:25.941,0.82114,0.82158,2.63,1.80
2012.08.29 21:15:29.962,0.82115,0.82157,1.50,1.50
2012.08.29 21:15:30.212,0.82113,0.82151,1.50,1.50
2012.08.29 21:15:31.981,0.8211,0.82146,1.50,1.50
2012.08.29 21:15:32.111,0.82112,0.82153,1.50,1.73
2012.08.29 21:15:32.241,0.82111,0.82153,2.25,1.73
2012.08.29 21:15:32.373,0.82111,0.8215,1.50,1.50
2012.08.29 21:15:32.622,0.8211,0.82147,2.25,1.73
2012.08.29 21:15:34.271,0.82111,0.82154,1.50,1.73
2012.08.29 21:15:34.341,0.82111,0.82154,1.50,1.73
2012.08.29 21:15:34.471,0.8211,0.82147,2.25,1.50
2012.08.29 21:15:35.000,0.8211,0.82148,1.50,1.73
2012.08.29 21:15:36.231,0.82115,0.82148,1.88,1.50
2012.08.29 21:15:36.362,0.82115,0.82157,1.88,1.80
2012.08.29 21:15:36.582,0.82111,0.82149,2.25,1.50
2012.08.29 21:15:36.902,0.82111,0.82148,1.50,1.73
2012.08.29 21:15:38.672,0.82114,0.82153,1.88,1.50
2012.08.29 21:15:38.741,0.82114,0.82162,1.88,2.85
2012.08.29 21:15:40.104,0.82111,0.82148,1.50,1.50
2012.08.29 21:15:40.443,0.82112,0.82149,1.50,1.73
2012.08.29 21:15:40.572,0.82111,0.82149,1.50,1.73
2012.08.29 21:15:42.256,0.82111,0.82149,1.50,2.48
2012.08.29 21:15:46.325,0.82111,0.82144,5.25,1.50
2012.08.29 21:15:46.521,0.82114,0.82144,1.50,1.50
2012.08.29 21:15:47.672,0.82116,0.8215,1.50,1.50
2012.08.29 21:15:50.387,0.82114,0.8215,4.50,1.50
2012.08.29 21:15:50.462,0.82114,0.82144,4.50,1.50
2012.08.29 21:15:51.663,0.82114,0.8215,4.50,1.50
2012.08.29 21:15:51.793,0.82114,0.8215,5.25,1.50
2012.08.29 21:15:52.712,0.8212,0.82154,1.88,1.50
2012.08.29 21:15:52.781,0.8212,0.82154,1.88,1.50
2012.08.29 21:16:00.891,0.82114,0.82153,1.88,1.50
2012.08.29 21:16:08.090,0.82115,0.82154,1.50,2.63
2012.08.29 21:16:11.832,0.82115,0.8216,2.63,2.03
2012.08.29 21:16:23.553,0.82115,0.82159,2.63,1.80
2012.08.29 21:16:24.603,0.82115,0.82159,2.63,1.80
2012.08.29 21:16:24.791,0.82111,0.82154,1.50,2.25
2012.08.29 21:16:32.302,0.82112,0.82154,1.50,1.50
2012.08.29 21:16:32.792,0.82115,0.82158,2.63,1.50
2012.08.29 21:16:33.764,0.82115,0.82153,2.63,1.50
2012.08.29 21:16:33.951,0.82112,0.82153,1.50,2.25
2012.08.29 21:16:34.412,0.82111,0.82153,1.50,2.25
2012.08.29 21:16:35.293,0.82111,0.82154,1.50,1.50
2012.08.29 21:16:35.489,0.82114,0.82156,2.63,1.50
2012.08.29 21:16:40.564,0.82112,0.82155,1.50,2.63
2012.08.29 21:16:40.752,0.82111,0.82153,1.50,1.50
2012.08.29 21:16:42.643,0.82115,0.82153,2.63,1.50
2012.08.29 21:16:43.152,0.82115,0.82158,2.63,4.50
2012.08.29 21:16:43.791,0.82115,0.82161,3.38,3.38
2012.08.29 21:16:43.861,0.82115,0.82161,3.38,2.63
2012.08.29 21:16:47.602,0.82115,0.82154,2.63,5.25
2012.08.29 21:16:47.672,0.82114,0.82154,1.50,5.25
2012.08.29 21:16:50.732,0.82112,0.82155,1.50,2.63
2012.08.29 21:16:58.641,0.82115,0.82153,3.38,4.50
2012.08.29 21:16:58.715,0.82114,0.82153,1.50,4.50
2012.08.29 21:17:02.351,0.82113,0.82155,1.50,7.13
2012.08.29 21:17:02.542,0.82115,0.82155,2.63,4.50
2012.08.29 21:17:03.482,0.82123,0.82162,5.25,1.50
2012.08.29 21:17:03.551,0.82126,0.82162,1.50,1.50
2012.08.29 21:17:04.941,0.82115,0.8216,3.00,2.63
2012.08.29 21:17:05.262,0.82117,0.8216,1.50,3.38
2012.08.29 21:17:07.503,0.82123,0.82159,4.50,1.88
2012.08.29 21:17:07.571,0.82116,0.82159,1.50,1.88
2012.08.29 21:17:07.822,0.82119,0.82162,2.63,1.50
2012.08.29 21:17:07.902,0.82117,0.8216,1.50,1.88
2012.08.29 21:17:07.971,0.82119,0.8216,1.50,1.88
2012.08.29 21:17:14.101,0.82119,0.8216,1.50,2.63
2012.08.29 21:17:14.292,0.82114,0.82159,2.63,2.25
2012.08.29 21:17:14.421,0.82114,0.82159,2.63,1.50
2012.08.29 21:17:14.552,0.82114,0.82158,2.63,1.50
2012.08.29 21:17:14.680,0.82114,0.82158,1.88,1.50
2012.08.29 21:17:16.252,0.82112,0.82155,1.50,2.63
2012.08.29 21:17:16.382,0.82111,0.82154,1.50,1.50
2012.08.29 21:17:16.690,0.82111,0.82155,1.50,2.63
2012.08.29 21:17:17.992,0.82115,0.82159,2.63,2.63
2012.08.29 21:17:18.120,0.82115,0.82159,2.63,1.88
2012.08.29 21:17:18.441,0.82118,0.82159,1.50,2.63
2012.08.29 21:17:18.511,0.82115,0.82159,2.63,2.63
2012.08.29 21:17:19.672,0.82114,0.82154,1.50,1.88
2012.08.29 21:17:19.801,0.82114,0.82154,1.50,1.88
2012.08.29 21:17:24.002,0.82112,0.82154,1.50,2.63
2012.08.29 21:17:24.192,0.82112,0.82153,1.50,2.25
2012.08.29 21:17:24.451,0.82111,0.82153,1.50,2.25
2012.08.29 21:17:26.913,0.82114,0.82153,1.50,2.25
2012.08.29 21:17:32.811,0.82112,0.82152,1.50,1.50
2012.08.29 21:17:33.010,0.82112,0.82151,1.50,1.50
2012.08.29 21:17:33.352,0.82112,0.82152,1.50,1.50
2012.08.29 21:17:33.542,0.82112,0.82153,1.50,1.50
2012.08.29 21:17:35.990,0.82103,0.82152,1.50,1.50
2012.08.29 21:17:36.511,0.82106,0.82154,1.50,1.50
2012.08.29 21:17:40.800,0.82111,0.82153,1.50,1.50
2012.08.29 21:17:41.111,0.82112,0.82153,1.50,1.50
2012.08.29 21:17:41.882,0.82102,0.82152,1.05,1.50
2012.08.29 21:17:42.010,0.82102,0.82154,1.80,1.50
2012.08.29 21:17:45.020,0.82109,0.82153,1.50,1.50
2012.08.29 21:17:45.402,0.82102,0.82152,1.80,1.50
2012.08.29 21:17:46.213,0.82102,0.82153,2.55,1.50
2012.08.29 21:17:48.801,0.82099,0.8215,1.50,1.50
2012.08.29 21:17:48.932,0.82099,0.8215,1.50,1.50
2012.08.29 21:17:50.114,0.82101,0.82154,1.50,1.50
2012.08.29 21:17:50.243,0.82094,0.8215,1.80,1.50
2012.08.29 21:17:50.383,0.82092,0.82131,1.50,1.50
2012.08.29 21:17:50.453,0.82088,0.82131,2.63,1.50
2012.08.29 21:17:50.522,0.82088,0.82133,2.63,1.50
2012.08.29 21:17:50.592,0.82092,0.82136,1.50,1.73
2012.08.29 21:17:53.181,0.82092,0.82136,1.50,1.73
2012.08.29 21:17:53.912,0.82092,0.82136,2.55,1.50
2012.08.29 21:17:53.982,0.82092,0.82138,3.30,1.50
2012.08.29 21:17:54.052,0.82102,0.82143,1.50,1.50
2012.08.29 21:18:01.191,0.82107,0.8214,1.50,1.50
2012.08.29 21:18:15.162,0.82109,0.8214,1.50,1.50
2012.08.29 21:18:15.662,0.82109,0.82142,1.50,1.50
2012.08.29 21:18:27.703,0.82109,0.82144,1.50,1.50
2012.08.29 21:18:30.003,0.82109,0.82142,1.50,1.50
2012.08.29 21:18:31.164,0.82117,0.82138,4.50,1.50
2012.08.29 21:19:07.122,0.82114,0.82154,1.50,1.50
2012.08.29 21:19:07.196,0.82113,0.82148,3.38,1.50
2012.08.29 21:19:07.272,0.82113,0.82157,3.38,3.38
2012.08.29 21:19:07.592,0.82118,0.82138,4.50,1.50
2012.08.29 21:19:08.905,0.8212,0.82141,4.50,4.50
2012.08.29 21:19:11.331,0.82113,0.82146,1.50,5.25
2012.08.29 21:19:11.401,0.82112,0.82144,1.50,1.50
2012.08.29 21:19:12.064,0.82112,0.82143,1.50,1.50
2012.08.29 21:19:12.821,0.82112,0.82143,2.25,1.50
2012.08.29 21:19:14.862,0.82112,0.82143,2.25,2.25
2012.08.29 21:19:20.697,0.82112,0.82143,2.25,1.50
2012.08.29 21:19:21.211,0.82112,0.82143,2.25,1.50
2012.08.29 21:19:21.400,0.82114,0.82144,1.50,1.50
2012.08.29 21:19:22.161,0.82112,0.82144,1.50,1.50
2012.08.29 21:19:28.402,0.82112,0.82143,1.50,1.50
2012.08.29 21:19:42.072,0.82112,0.82143,1.50,2.25
2012.08.29 21:19:43.971,0.82111,0.82141,1.50,1.50
2012.08.29 21:19:44.641,0.82111,0.82143,1.50,2.48
2012.08.29 21:19:46.087,0.82111,0.82141,1.50,1.50
2012.08.29 21:19:46.638,0.82111,0.82143,1.50,1.73
2012.08.29 21:19:57.222,0.82112,0.82143,1.50,1.50
2012.08.29 21:19:57.612,0.82114,0.82152,1.50,1.73
2012.08.29 21:19:59.354,0.82114,0.82135,4.50,4.50
2012.08.29 21:20:08.803,0.8211,0.82143,4.50,1.50
2012.08.29 21:20:09.052,0.82114,0.82149,1.88,1.50
2012.08.29 21:20:09.243,0.82114,0.82149,1.88,1.50
2012.08.29 21:20:09.383,0.82114,0.82149,1.88,1.50
2012.08.29 21:20:09.721,0.82114,0.82149,1.88,1.50
2012.08.29 21:20:11.616,0.82112,0.82149,2.63,1.50
2012.08.29 21:20:11.922,0.82116,0.82137,4.50,4.50
2012.08.29 21:20:21.162,0.82117,0.82138,4.50,5.25
2012.08.29 21:20:51.256,0.82117,0.82135,4.50,1.50
2012.08.29 21:20:59.051,0.82117,0.82138,4.50,4.50
2012.08.29 21:21:15.713,0.82113,0.82142,1.88,1.50
2012.08.29 21:21:15.783,0.82113,0.82138,1.88,1.50
2012.08.29 21:21:16.212,0.82113,0.82141,1.88,1.50
2012.08.29 21:21:16.522,0.82113,0.82139,1.88,1.50
2012.08.29 21:21:17.645,0.82113,0.82139,1.88,1.50
2012.08.29 21:21:22.257,0.82111,0.82141,1.88,1.50
2012.08.29 21:21:35.538,0.82111,0.82135,1.88,1.50
2012.08.29 21:21:36.144,0.82111,0.82141,1.88,1.50
2012.08.29 21:21:40.394,0.8211,0.82141,1.88,1.50
2012.08.29 21:21:44.031,0.8211,0.82141,1.88,1.50
2012.08.29 21:21:44.594,0.8211,0.82141,1.88,1.50
2012.08.29 21:21:45.142,0.8211,0.82136,1.88,1.50
2012.08.29 21:21:50.212,0.82105,0.8214,2.63,2.25
2012.08.29 21:21:50.675,0.82105,0.82139,1.88,1.50
2012.08.29 21:21:54.224,0.82105,0.82139,1.88,1.50
2012.08.29 21:21:54.781,0.82105,0.82139,2.63,1.50
2012.08.29 21:21:55.154,0.82106,0.8214,1.50,1.50
2012.08.29 21:22:00.948,0.82106,0.8214,1.50,1.50
2012.08.29 21:22:01.082,0.82106,0.8214,1.50,1.50
2012.08.29 21:22:01.212,0.82106,0.8214,1.50,1.50
2012.08.29 21:22:01.614,0.82106,0.8214,1.50,1.50
2012.08.29 21:22:02.635,0.82106,0.8214,1.50,1.50
2012.08.29 21:22:04.071,0.82106,0.8214,1.50,1.50
2012.08.29 21:22:04.141,0.82106,0.8214,1.50,1.50
2012.08.29 21:22:04.575,0.82106,0.8214,1.50,1.50
2012.08.29 21:22:08.632,0.82106,0.8214,1.50,1.50
2012.08.29 21:22:09.563,0.82106,0.8214,1.50,1.50
2012.08.29 21:22:12.901,0.82106,0.8214,1.50,1.50
2012.08.29 21:22:39.102,0.82108,0.82141,1.88,1.50
2012.08.29 21:22:39.752,0.82108,0.82146,1.88,1.50
2012.08.29 21:22:40.392,0.82108,0.82147,1.88,1.50
2012.08.29 21:22:40.660,0.82108,0.82147,2.63,1.50
2012.08.29 21:22:41.933,0.82108,0.82142,2.63,1.50
2012.08.29 21:22:44.070,0.82108,0.82143,2.63,1.50
2012.08.29 21:22:45.021,0.82108,0.82141,1.88,1.50
2012.08.29 21:22:48.580,0.82108,0.82141,1.88,1.50
2012.08.29 21:22:49.094,0.82108,0.82141,1.88,1.50
2012.08.29 21:22:51.752,0.82108,0.82144,1.88,1.50
2012.08.29 21:22:59.933,0.82107,0.82147,1.88,1.73
2012.08.29 21:23:00.893,0.82107,0.82147,2.63,1.50
2012.08.29 21:23:01.302,0.82107,0.82139,2.63,1.50
2012.08.29 21:23:03.396,0.82107,0.82138,1.88,1.50
2012.08.29 21:23:03.463,0.82107,0.82137,1.88,1.50
2012.08.29 21:23:03.532,0.82107,0.82138,1.88,2.25
2012.08.29 21:23:04.474,0.82107,0.82137,1.88,1.50
2012.08.29 21:23:04.665,0.82095,0.82133,1.80,1.50
2012.08.29 21:23:05.173,0.82095,0.82134,1.05,1.50
2012.08.29 21:23:05.704,0.82095,0.82135,2.55,1.50
2012.08.29 21:23:06.252,0.82103,0.82138,1.50,2.25
2012.08.29 21:23:09.163,0.82129,0.82138,0.75,2.25
2012.08.29 21:23:10.115,0.82124,0.82135,1.50,1.50
2012.08.29 21:23:12.414,0.82124,0.82138,1.50,1.50
2012.08.29 21:23:12.542,0.82124,0.82138,1.50,1.50
2012.08.29 21:23:12.743,0.82124,0.82138,1.50,1.50
2012.08.29 21:23:12.811,0.82124,0.82138,1.50,1.50
2012.08.29 21:23:14.124,0.82123,0.82137,1.50,1.50
2012.08.29 21:23:14.652,0.82124,0.82137,1.50,1.50
2012.08.29 21:23:14.874,0.82124,0.82138,1.50,1.50
2012.08.29 21:23:16.415,0.82124,0.82138,1.50,1.50
2012.08.29 21:23:16.482,0.82107,0.82134,2.63,1.50
2012.08.29 21:23:16.732,0.82124,0.82133,1.50,1.50
2012.08.29 21:23:20.574,0.82124,0.82137,1.50,1.50
2012.08.29 21:23:20.702,0.82124,0.82137,1.50,1.50
2012.08.29 21:23:21.522,0.82123,0.82137,1.50,1.50
2012.08.29 21:23:21.822,0.82109,0.82137,1.50,1.50
2012.08.29 21:23:22.096,0.82109,0.82139,1.50,1.50
2012.08.29 21:23:23.029,0.82109,0.82137,1.50,1.50
2012.08.29 21:23:23.873,0.82109,0.82134,1.50,1.50
2012.08.29 21:23:24.634,0.82109,0.82138,1.50,1.50
2012.08.29 21:23:24.962,0.82123,0.82138,1.50,1.50
2012.08.29 21:23:31.244,0.82121,0.82139,1.50,1.50
2012.08.29 21:23:50.332,0.82121,0.82146,1.50,1.50
2012.08.29 21:24:01.242,0.82121,0.82146,1.50,1.50
2012.08.29 21:24:16.556,0.8212,0.82146,1.50,1.50
2012.08.29 21:24:31.493,0.82127,0.82146,1.50,1.50
2012.08.29 21:24:35.691,0.82127,0.82144,1.50,1.50
2012.08.29 21:24:39.943,0.82123,0.82143,1.50,1.50
2012.08.29 21:24:40.461,0.82123,0.82141,1.50,1.50
2012.08.29 21:25:04.090,0.82123,0.82142,1.50,1.50
2012.08.29 21:25:17.410,0.82124,0.82142,1.50,1.50
2012.08.29 21:25:40.034,0.82123,0.82155,1.50,2.03
2012.08.29 21:25:40.324,0.82123,0.82155,1.50,2.03
2012.08.29 21:25:41.023,0.82123,0.82147,1.50,1.73
2012.08.29 21:25:41.892,0.82128,0.82148,1.50,1.50
2012.08.29 21:25:42.202,0.82131,0.82148,1.50,1.50
2012.08.29 21:25:42.272,0.82131,0.82148,1.50,1.50
2012.08.29 21:25:51.173,0.82131,0.8215,1.50,1.50
2012.08.29 21:25:51.753,0.82132,0.8215,1.50,1.50
2012.08.29 21:25:52.721,0.82132,0.8215,1.50,1.50
2012.08.29 21:25:55.533,0.82132,0.8215,1.50,1.50
2012.08.29 21:25:56.961,0.82132,0.8215,1.50,1.50
2012.08.29 21:26:13.034,0.82132,0.82151,1.50,1.50
2012.08.29 21:26:21.453,0.8212,0.82151,1.80,1.50
2012.08.29 21:26:21.584,0.82132,0.8214,1.50,1.50
2012.08.29 21:26:33.545,0.8212,0.8214,4.50,1.50
2012.08.29 21:26:42.121,0.8212,0.8214,4.50,1.50
2012.08.29 21:26:42.191,0.82116,0.82131,1.88,1.50
2012.08.29 21:26:42.263,0.82108,0.82129,1.43,1.50
2012.08.29 21:26:42.403,0.82102,0.82129,1.50,1.50
2012.08.29 21:26:42.594,0.82099,0.82131,1.50,1.50
2012.08.29 21:26:42.933,0.82112,0.82133,4.50,6.38
2012.08.29 21:26:51.850,0.82112,0.8213,4.50,1.50
2012.08.29 21:26:51.995,0.82106,0.8213,1.50,1.50
2012.08.29 21:26:52.122,0.82096,0.82129,1.50,1.50
2012.08.29 21:26:52.644,0.82096,0.8213,1.50,1.50
2012.08.29 21:26:53.123,0.82096,0.8213,1.50,1.50
2012.08.29 21:26:53.192,0.821,0.8213,1.80,1.50
2012.08.29 21:26:53.517,0.82112,0.82132,4.50,1.50
2012.08.29 21:26:53.597,0.82112,0.82133,4.50,2.63
2012.08.29 21:27:02.191,0.82115,0.82133,1.50,2.63
2012.08.29 21:27:02.844,0.82113,0.82135,2.25,4.50
2012.08.29 21:27:03.174,0.82115,0.82135,1.50,4.50
2012.08.29 21:27:14.335,0.82115,0.82135,1.50,4.50
2012.08.29 21:27:14.463,0.82113,0.82137,2.25,4.50
2012.08.29 21:27:14.533,0.82118,0.82136,4.50,1.50
2012.08.29 21:27:14.602,0.82118,0.82139,4.50,4.50
2012.08.29 21:27:14.793,0.82113,0.82137,1.50,4.50
2012.08.29 21:27:18.942,0.82098,0.8213,1.80,4.50
2012.08.29 21:27:22.993,0.82098,0.82134,1.80,1.50
2012.08.29 21:27:23.181,0.82097,0.82134,2.55,1.50
2012.08.29 21:27:26.752,0.82116,0.82136,5.25,1.50
2012.08.29 21:27:26.823,0.82116,0.82139,5.25,4.50
2012.08.29 21:27:31.043,0.82122,0.82139,4.50,1.88
2012.08.29 21:27:31.112,0.82122,0.82146,4.50,1.80
2012.08.29 21:27:31.182,0.82125,0.82146,1.50,1.05
2012.08.29 21:27:31.384,0.82122,0.82146,4.50,1.05
2012.08.29 21:27:37.032,0.82122,0.82146,4.50,1.80
2012.08.29 21:27:38.722,0.82121,0.82143,4.50,1.50
2012.08.29 21:28:39.131,0.82108,0.82148,1.80,1.80
2012.08.29 21:29:02.200,0.82108,0.8215,3.68,1.80
2012.08.29 21:29:16.532,0.8212,0.82143,4.50,4.50
2012.08.29 21:29:32.452,0.8212,0.8214,4.50,1.50
2012.08.29 21:29:34.191,0.8212,0.82143,4.50,5.25
2012.08.29 21:29:34.501,0.82118,0.82141,4.50,4.50
2012.08.29 21:30:34.502,0.82111,0.82143,1.50,1.50
2012.08.29 21:31:06.270,0.82112,0.82144,1.50,1.50
2012.08.29 21:31:15.460,0.82113,0.82148,1.50,1.80
2012.08.29 21:31:17.172,0.8212,0.82141,4.50,4.50
2012.08.29 21:31:23.441,0.8212,0.82143,4.50,4.50
2012.08.29 21:32:24.322,0.82115,0.82147,1.69,1.69
2012.08.29 21:32:49.593,0.82119,0.82149,1.69,1.69
2012.08.29 21:32:49.663,0.82119,0.82149,1.50,1.50
2012.08.29 21:33:29.985,0.82116,0.82148,1.50,1.50
2012.08.29 21:33:49.890,0.82115,0.82153,2.07,1.99
2012.08.29 21:33:56.671,0.82115,0.82146,2.82,1.50
2012.08.29 21:34:11.253,0.82115,0.82145,2.82,1.50
2012.08.29 21:34:16.175,0.82114,0.82145,3.38,1.50
2012.08.29 21:34:19.219,0.82114,0.82144,1.88,1.50
2012.08.29 21:34:48.604,0.82112,0.82143,3.38,1.50
2012.08.29 21:34:48.732,0.82113,0.82144,1.50,2.25
2012.08.29 21:35:00.178,0.82113,0.82143,1.69,1.50
2012.08.29 21:35:00.396,0.82115,0.82144,1.50,1.50
2012.08.29 21:35:01.285,0.82115,0.82145,2.25,1.50
2012.08.29 21:36:01.120,0.82114,0.82154,2.63,1.99
2012.08.29 21:36:01.310,0.82114,0.82154,1.88,1.99
2012.08.29 21:36:31.311,0.82114,0.82143,2.63,1.50
2012.08.29 21:36:31.604,0.82114,0.82144,3.38,2.25
2012.08.29 21:36:47.934,0.82114,0.82144,2.63,1.50
2012.08.29 21:36:48.063,0.82114,0.82144,1.50,1.50
2012.08.29 21:36:49.532,0.82114,0.82144,1.50,1.69
2012.08.29 21:36:50.080,0.82113,0.8214,1.88,1.50
2012.08.29 21:36:50.576,0.8211,0.82134,2.18,1.50
2012.08.29 21:36:50.704,0.8211,0.82139,1.13,1.50
2012.08.29 21:36:52.413,0.82109,0.82139,1.13,1.50
2012.08.29 21:36:52.654,0.8211,0.82139,1.13,1.50
2012.08.29 21:36:55.435,0.8211,0.82139,1.13,1.50
2012.08.29 21:36:58.165,0.82105,0.82138,1.50,1.50
2012.08.29 21:37:05.033,0.82107,0.82139,1.50,1.50
2012.08.29 21:37:09.668,0.82102,0.82138,3.30,1.50
2012.08.29 21:37:10.153,0.82102,0.82135,2.55,1.50
2012.08.29 21:37:23.874,0.82104,0.8214,1.50,1.50
2012.08.29 21:37:26.278,0.82104,0.8214,1.50,1.50
2012.08.29 21:37:29.025,0.82104,0.8214,1.50,1.50
2012.08.29 21:37:29.744,0.82104,0.8214,1.50,1.50
2012.08.29 21:37:52.227,0.82103,0.82141,1.50,2.55
2012.08.29 21:38:10.271,0.82103,0.82141,1.50,2.55
2012.08.29 21:38:20.261,0.82103,0.82141,1.50,1.50
2012.08.29 21:38:21.744,0.82103,0.82141,1.50,1.50
2012.08.29 21:38:22.898,0.82103,0.82141,1.50,1.50
2012.08.29 21:38:25.656,0.82109,0.82142,1.50,2.55
2012.08.29 21:38:28.610,0.82109,0.82142,1.50,1.80
2012.08.29 21:38:28.886,0.82117,0.8215,1.50,1.50
2012.08.29 21:38:55.139,0.82121,0.82153,1.50,1.50
2012.08.29 21:38:55.215,0.82121,0.82154,1.50,1.50
2012.08.29 21:38:56.146,0.82121,0.82154,1.50,1.50
2012.08.29 21:38:57.764,0.82121,0.82153,1.50,1.50
2012.08.29 21:39:02.057,0.82121,0.82153,1.50,1.50
2012.08.29 21:39:06.130,0.82121,0.82153,1.50,1.50
2012.08.29 21:39:06.204,0.82121,0.82153,1.50,1.50
2012.08.29 21:39:15.034,0.82121,0.8215,4.69,1.50
2012.08.29 21:39:15.363,0.82129,0.82159,1.50,2.03
2012.08.29 21:39:17.664,0.82129,0.82159,1.50,2.78
2012.08.29 21:39:17.874,0.82119,0.8215,1.05,1.50
2012.08.29 21:39:18.125,0.82119,0.8215,1.05,1.50
2012.08.29 21:39:18.355,0.82119,0.8215,1.05,1.50
2012.08.29 21:39:18.725,0.82119,0.8215,1.05,1.50
2012.08.29 21:39:19.203,0.82124,0.82159,1.50,2.78
2012.08.29 21:39:19.524,0.8213,0.82159,1.50,2.78
2012.08.29 21:39:20.109,0.8213,0.82159,1.50,1.73
2012.08.29 21:39:20.665,0.8213,0.8216,1.50,1.50
2012.08.29 21:39:22.087,0.82131,0.82161,1.50,1.50
2012.08.29 21:40:03.868,0.82132,0.8216,1.50,1.50
2012.08.29 21:40:15.112,0.82132,0.82162,1.50,1.50
2012.08.29 21:40:29.407,0.82132,0.82158,1.50,1.50
2012.08.29 21:40:29.477,0.82132,0.82158,1.50,1.50
2012.08.29 21:40:29.790,0.82134,0.82158,1.50,1.50
2012.08.29 21:40:29.868,0.82134,0.82158,1.50,1.50
2012.08.29 21:40:30.057,0.82134,0.82158,1.50,1.50
2012.08.29 21:40:30.755,0.82134,0.82158,1.50,1.50
2012.08.29 21:40:31.929,0.82134,0.82158,1.50,1.50
2012.08.29 21:40:37.020,0.82134,0.82158,1.50,1.50
2012.08.29 21:40:40.689,0.82134,0.82158,1.50,1.50
2012.08.29 21:40:43.265,0.82129,0.82158,2.55,1.50
2012.08.29 21:40:43.459,0.82125,0.82149,1.80,1.50
2012.08.29 21:40:43.889,0.82125,0.82149,1.05,1.50
2012.08.29 21:40:44.078,0.82125,0.82149,1.05,1.50
2012.08.29 21:40:44.208,0.82125,0.82149,1.05,1.50
2012.08.29 21:40:44.278,0.82125,0.82156,1.80,1.50
2012.08.29 21:40:44.599,0.8213,0.82156,1.50,1.50
2012.08.29 21:40:52.535,0.8213,0.82156,1.50,1.73
2012.08.29 21:40:52.801,0.8213,0.82156,1.50,1.73
2012.08.29 21:40:54.361,0.82125,0.8215,1.05,1.50
2012.08.29 21:40:55.047,0.82125,0.8215,1.05,1.50
2012.08.29 21:40:55.878,0.82125,0.8215,1.05,1.50
2012.08.29 21:40:56.179,0.82117,0.8215,2.55,1.50
2012.08.29 21:40:56.260,0.82117,0.8215,2.55,1.50
2012.08.29 21:40:57.656,0.82117,0.8215,3.30,1.50
2012.08.29 21:40:58.949,0.82117,0.8215,3.30,1.50
2012.08.29 21:40:59.205,0.82117,0.82147,3.30,1.50
2012.08.29 21:41:08.997,0.82117,0.8215,3.30,1.50
2012.08.29 21:41:09.127,0.8212,0.82149,1.50,1.50
2012.08.29 21:41:09.196,0.8212,0.82152,1.50,1.50
2012.08.29 21:41:09.266,0.8212,0.82152,1.50,1.50
2012.08.29 21:41:09.417,0.8212,0.82152,1.50,1.50
2012.08.29 21:41:17.514,0.8212,0.82152,2.55,1.50
2012.08.29 21:41:18.785,0.8212,0.82152,2.55,1.50
2012.08.29 21:41:22.317,0.8212,0.82149,2.55,1.50
2012.08.29 21:41:22.517,0.8212,0.82152,2.55,1.50
2012.08.29 21:41:33.597,0.82121,0.82153,2.25,2.25
2012.08.29 21:41:34.818,0.82122,0.82153,1.50,2.25
2012.08.29 21:41:35.068,0.82122,0.82153,1.50,2.25
2012.08.29 21:41:35.579,0.82121,0.82153,2.25,1.50
2012.08.29 21:41:39.528,0.82121,0.82149,2.25,1.50
2012.08.29 21:41:40.732,0.82121,0.82153,2.25,1.50
2012.08.29 21:41:50.806,0.82127,0.82153,1.05,1.50
2012.08.29 21:41:51.017,0.82131,0.82159,2.25,1.50
2012.08.29 21:41:51.157,0.82131,0.82159,2.25,1.50
2012.08.29 21:41:51.576,0.82131,0.82162,2.25,1.50
2012.08.29 21:41:54.068,0.82131,0.82159,2.25,1.50
2012.08.29 21:41:57.289,0.82132,0.82159,1.50,1.50
2012.08.29 21:41:57.639,0.82135,0.82159,1.50,1.50
2012.08.29 21:41:59.385,0.82135,0.82159,1.50,1.50
2012.08.29 21:42:02.190,0.82135,0.82159,1.50,1.50
2012.08.29 21:42:05.591,0.82135,0.82159,1.50,1.50
2012.08.29 21:42:05.766,0.82135,0.82159,1.50,1.50
2012.08.29 21:42:06.098,0.82135,0.82159,1.50,1.50
2012.08.29 21:42:09.327,0.82135,0.82159,1.50,1.50
2012.08.29 21:42:12.056,0.82135,0.82159,1.50,1.50
2012.08.29 21:42:12.131,0.82135,0.82159,1.50,1.50
2012.08.29 21:42:13.827,0.82135,0.82159,1.50,1.50
2012.08.29 21:42:14.016,0.82127,0.82159,2.55,2.25
2012.08.29 21:42:14.726,0.82131,0.82159,1.50,2.25
2012.08.29 21:42:14.919,0.82126,0.82158,1.50,1.50
2012.08.29 21:42:15.056,0.82123,0.82156,1.50,1.50
2012.08.29 21:42:15.368,0.82123,0.82156,1.50,1.50
2012.08.29 21:42:15.920,0.82122,0.82154,1.50,1.50
2012.08.29 21:42:19.401,0.82126,0.82154,1.50,1.50
2012.08.29 21:42:21.189,0.82126,0.82154,1.50,1.50
2012.08.29 21:42:23.296,0.82126,0.82154,1.50,1.50
2012.08.29 21:42:23.666,0.82126,0.82154,5.25,1.50
2012.08.29 21:42:23.977,0.82131,0.82157,1.50,1.50
2012.08.29 21:42:24.497,0.82131,0.82157,1.50,1.50
2012.08.29 21:43:00.169,0.82131,0.82157,1.50,1.50
2012.08.29 21:43:05.270,0.82131,0.82162,1.50,1.50
2012.08.29 21:43:05.345,0.82131,0.82162,1.50,1.50
2012.08.29 21:43:12.969,0.82131,0.82162,1.50,1.50
2012.08.29 21:43:15.586,0.82131,0.82162,2.25,1.50
2012.08.29 21:43:15.655,0.82131,0.82159,2.25,1.50
2012.08.29 21:43:15.965,0.82131,0.82162,1.50,1.50
2012.08.29 21:43:19.554,0.82131,0.82162,1.50,1.50
2012.08.29 21:43:23.326,0.82131,0.82162,1.50,1.50
2012.08.29 21:43:23.747,0.82131,0.82159,1.50,1.50
2012.08.29 21:43:39.276,0.82132,0.82159,1.50,1.50
2012.08.29 21:43:44.027,0.82132,0.82159,1.50,1.50
2012.08.29 21:43:58.619,0.82132,0.82159,1.50,1.50
2012.08.29 21:44:16.819,0.82132,0.82161,1.50,1.50
2012.08.29 21:44:16.936,0.82132,0.82161,1.50,1.50
2012.08.29 21:44:25.925,0.8213,0.82162,1.50,2.25
2012.08.29 21:44:26.475,0.8213,0.82162,1.50,2.25
2012.08.29 21:44:27.096,0.8213,0.82162,1.50,2.25
2012.08.29 21:44:32.796,0.82127,0.82157,2.55,1.50
2012.08.29 21:44:32.987,0.82127,0.82157,2.55,1.50
2012.08.29 21:44:33.495,0.82127,0.82157,2.55,1.50
2012.08.29 21:45:08.579,0.82131,0.82155,1.50,1.50
2012.08.29 21:45:09.098,0.82131,0.82155,1.50,1.50
2012.08.29 21:45:09.973,0.82131,0.82155,1.69,1.50
2012.08.29 21:45:10.298,0.82139,0.82155,1.50,1.50
2012.08.29 21:45:11.646,0.82139,0.82166,1.50,1.50
2012.08.29 21:45:14.142,0.82139,0.82166,1.50,1.50
2012.08.29 21:45:15.817,0.82136,0.82166,1.50,1.50
2012.08.29 21:45:16.146,0.82127,0.82162,1.80,1.73
2012.08.29 21:45:16.657,0.82128,0.82162,1.50,1.50
2012.08.29 21:45:16.726,0.82128,0.82162,1.50,1.50
2012.08.29 21:45:26.467,0.82127,0.82162,1.80,1.73
2012.08.29 21:45:56.356,0.82126,0.82162,1.50,1.73
2012.08.29 21:46:10.666,0.82128,0.82162,1.50,1.50
2012.08.29 21:46:10.735,0.82128,0.82162,1.50,1.50
2012.08.29 21:46:18.350,0.82126,0.82164,1.50,2.03
2012.08.29 21:46:19.671,0.82126,0.82157,1.50,1.50
2012.08.29 21:46:31.988,0.82126,0.82157,1.50,1.50
2012.08.29 21:46:53.169,0.82125,0.82153,1.50,1.50
2012.08.29 21:46:53.597,0.82125,0.82153,1.50,1.50
2012.08.29 21:46:53.667,0.82125,0.82153,1.50,1.50
2012.08.29 21:46:55.196,0.82125,0.82153,1.50,1.50
2012.08.29 21:46:55.647,0.82125,0.82153,1.50,1.73
2012.08.29 21:46:55.716,0.82125,0.82153,1.50,1.73
2012.08.29 21:46:55.846,0.82125,0.82153,1.50,1.73
2012.08.29 21:46:56.137,0.82125,0.82153,1.50,1.73
2012.08.29 21:46:56.645,0.82125,0.82153,1.50,1.73
2012.08.29 21:46:56.717,0.82125,0.82153,1.50,1.73
2012.08.29 21:46:57.103,0.82125,0.82153,1.50,1.73
2012.08.29 21:47:00.967,0.82125,0.82153,1.50,1.50
2012.08.29 21:47:04.876,0.82125,0.82153,1.50,1.50
2012.08.29 21:47:08.840,0.82125,0.82151,1.50,1.50
2012.08.29 21:47:12.256,0.82125,0.82151,1.50,1.50
2012.08.29 21:47:21.647,0.82126,0.82152,1.50,1.50
2012.08.29 21:47:24.348,0.82126,0.82152,1.50,1.50
2012.08.29 21:47:29.135,0.82127,0.82156,1.50,1.50
2012.08.29 21:47:32.501,0.82123,0.82153,1.50,1.50
2012.08.29 21:47:33.046,0.8212,0.82151,1.50,1.50
2012.08.29 21:47:48.355,0.82123,0.82155,1.50,2.48
2012.08.29 21:47:51.987,0.82129,0.82155,1.50,2.48
2012.08.29 21:47:57.917,0.82121,0.82152,1.50,2.25
2012.08.29 21:48:18.318,0.82124,0.82151,1.50,1.50
2012.08.29 21:48:30.156,0.82124,0.82154,1.50,1.73
2012.08.29 21:48:31.625,0.82124,0.82154,1.50,2.48
2012.08.29 21:48:49.127,0.82123,0.82154,1.50,1.73
2012.08.29 21:48:49.635,0.82123,0.82154,1.50,1.73
2012.08.29 21:48:50.350,0.82123,0.82154,1.50,1.73
2012.08.29 21:48:54.090,0.82123,0.82154,1.50,1.73
2012.08.29 21:48:57.125,0.82123,0.8215,1.50,1.50
2012.08.29 21:48:57.386,0.82123,0.8215,1.50,1.50
2012.08.29 21:48:58.588,0.82123,0.8215,1.50,1.50
2012.08.29 21:49:00.232,0.82123,0.82153,1.50,1.73
2012.08.29 21:49:03.376,0.82123,0.82153,1.50,1.73
2012.08.29 21:49:07.941,0.82123,0.82153,1.50,1.73
2012.08.29 21:49:12.284,0.82124,0.82153,1.50,1.73
2012.08.29 21:49:13.987,0.82123,0.82154,1.50,1.73
2012.08.29 21:49:22.947,0.82118,0.82149,2.25,1.50
2012.08.29 21:49:23.458,0.82118,0.82149,1.50,1.50
2012.08.29 21:49:23.916,0.82118,0.82149,1.50,1.50
2012.08.29 21:49:28.645,0.82119,0.82152,1.50,2.48
2012.08.29 21:49:29.113,0.82113,0.82146,1.50,1.73
2012.08.29 21:49:30.067,0.82117,0.82147,1.50,1.73
2012.08.29 21:49:30.317,0.82118,0.82147,1.50,1.73
2012.08.29 21:49:43.597,0.82114,0.82147,2.63,1.50
2012.08.29 21:49:43.787,0.82113,0.82146,1.50,1.50
2012.08.29 21:49:45.256,0.82114,0.82146,1.50,1.50
2012.08.29 21:50:15.111,0.82113,0.82146,1.50,1.50
2012.08.29 21:50:31.244,0.82113,0.82146,1.50,1.50
2012.08.29 21:50:31.609,0.82115,0.82146,1.50,1.50
2012.08.29 21:50:31.857,0.82115,0.82146,1.50,1.50
2012.08.29 21:50:34.196,0.82115,0.82146,1.50,1.50
2012.08.29 21:50:35.354,0.82111,0.82146,1.50,1.50
2012.08.29 21:50:41.077,0.82113,0.82146,1.50,1.50
2012.08.29 21:51:39.342,0.82112,0.82153,1.50,2.78
2012.08.29 21:51:48.269,0.82112,0.82153,1.50,1.73
2012.08.29 21:52:31.674,0.82112,0.82154,1.50,2.78
2012.08.29 21:52:48.269,0.82113,0.82157,1.50,1.73
2012.08.29 21:53:05.837,0.82109,0.82153,1.50,2.03
2012.08.29 21:53:18.079,0.82112,0.82153,1.50,2.03
2012.08.29 21:53:19.069,0.82112,0.82153,1.50,2.03
2012.08.29 21:53:32.169,0.82112,0.82144,1.50,1.50
2012.08.29 21:53:47.950,0.82112,0.82144,1.50,1.50
2012.08.29 21:54:00.159,0.82112,0.82145,1.50,1.50
2012.08.29 21:54:00.716,0.82112,0.82145,2.25,1.50
2012.08.29 21:54:02.186,0.82112,0.82145,2.25,1.50
2012.08.29 21:54:11.699,0.82112,0.82145,2.25,1.50
2012.08.29 21:54:16.611,0.82112,0.82145,1.50,1.50
2012.08.29 21:54:19.137,0.82113,0.82145,1.50,1.50
2012.08.29 21:54:19.267,0.82112,0.82145,1.50,1.50
2012.08.29 21:54:27.940,0.82113,0.82144,1.50,1.50
2012.08.29 21:54:31.789,0.82113,0.82119,1.50,1.05
2012.08.29 21:54:31.859,0.82113,0.82122,1.50,1.05
2012.08.29 21:54:31.930,0.82113,0.82144,1.50,1.50
2012.08.29 21:54:42.307,0.82113,0.82144,2.25,1.50
2012.08.29 21:54:45.099,0.82113,0.82144,2.25,1.50
2012.08.29 21:54:52.250,0.82113,0.82144,1.50,1.50
2012.08.29 21:54:54.111,0.82113,0.82143,1.50,1.50
2012.08.29 21:55:01.298,0.82113,0.82144,1.50,1.50
2012.08.29 21:55:01.666,0.82113,0.82144,1.50,1.50
2012.08.29 21:55:01.736,0.82113,0.82144,1.50,1.50
2012.08.29 21:55:01.876,0.82113,0.82144,1.50,1.50
2012.08.29 21:55:02.128,0.82112,0.82144,1.50,1.50
2012.08.29 21:55:02.908,0.82112,0.82144,1.50,1.50
2012.08.29 21:55:09.618,0.82111,0.82144,2.25,1.50
2012.08.29 21:55:17.018,0.82112,0.82144,1.50,1.50
2012.08.29 21:55:19.010,0.82111,0.82144,2.25,1.50
2012.08.29 21:55:22.638,0.82111,0.82144,1.50,1.50
2012.08.29 21:55:30.449,0.82111,0.82144,1.50,1.50
2012.08.29 21:55:58.998,0.82112,0.82141,1.50,1.50
2012.08.29 21:55:59.516,0.82112,0.82141,1.50,1.50
2012.08.29 21:55:59.646,0.82111,0.82141,1.50,1.50
2012.08.29 21:56:02.230,0.8211,0.82143,1.50,1.50
2012.08.29 21:56:11.618,0.8211,0.82139,1.50,2.03
2012.08.29 21:56:11.749,0.82105,0.82136,1.50,1.73
2012.08.29 21:56:11.878,0.82106,0.82136,1.50,1.50
2012.08.29 21:56:13.007,0.82107,0.82136,1.50,1.50
2012.08.29 21:56:14.892,0.82107,0.82136,1.50,1.50
2012.08.29 21:56:16.878,0.82107,0.82136,1.50,1.50
2012.08.29 21:56:25.752,0.82107,0.82141,1.50,1.50
2012.08.29 21:56:27.589,0.82112,0.82141,1.50,1.50
2012.08.29 21:56:31.769,0.82107,0.82141,1.50,1.50
2012.08.29 21:56:36.677,0.82107,0.82141,2.25,1.73
2012.08.29 21:56:37.309,0.82107,0.82136,2.25,1.50
2012.08.29 21:56:50.479,0.82111,0.82136,1.50,1.50
2012.08.29 21:56:56.127,0.82111,0.82139,1.50,1.50
2012.08.29 21:57:04.286,0.82107,0.82146,2.25,2.03
2012.08.29 21:57:05.558,0.82111,0.82146,1.50,2.03
2012.08.29 21:57:06.128,0.82107,0.82146,2.25,2.03
2012.08.29 21:57:08.809,0.82111,0.82146,1.50,1.80
2012.08.29 21:57:08.879,0.82111,0.82146,1.50,1.80
2012.08.29 21:57:13.707,0.82117,0.8215,1.50,1.73
2012.08.29 21:57:14.883,0.8211,0.82149,1.50,1.20
2012.08.29 21:57:15.460,0.8211,0.82143,1.50,1.80
2012.08.29 21:57:15.651,0.82117,0.82146,1.50,1.50
2012.08.29 21:57:15.778,0.82117,0.82146,1.50,1.50
2012.08.29 21:57:17.477,0.8211,0.82146,1.50,1.50
2012.08.29 21:57:18.458,0.82112,0.82143,1.50,1.80
2012.08.29 21:57:20.440,0.8211,0.82148,1.50,1.73
2012.08.29 21:57:23.190,0.82108,0.82147,1.50,1.35
2012.08.29 21:57:23.319,0.82112,0.82147,1.50,1.35
2012.08.29 21:57:24.290,0.82112,0.82146,1.50,2.10
2012.08.29 21:57:24.360,0.82107,0.82146,1.50,1.35
2012.08.29 21:57:25.569,0.82105,0.82133,1.50,1.50
2012.08.29 21:57:25.768,0.82105,0.82133,1.50,1.50
2012.08.29 21:57:34.409,0.82105,0.82144,1.50,2.03
2012.08.29 21:57:37.791,0.821,0.82133,1.50,1.05
2012.08.29 21:57:37.869,0.82091,0.8212,2.25,1.50
2012.08.29 21:57:38.059,0.82091,0.82125,1.50,1.50
2012.08.29 21:57:38.483,0.82086,0.82121,1.50,1.50
2012.08.29 21:57:38.919,0.82082,0.82121,1.50,1.50
2012.08.29 21:57:39.620,0.82082,0.82121,2.25,1.50
2012.08.29 21:57:39.690,0.82082,0.82121,1.50,1.50
2012.08.29 21:57:39.829,0.82082,0.82121,1.50,1.50
2012.08.29 21:57:40.708,0.82086,0.82124,1.50,1.50
2012.08.29 21:57:41.018,0.82089,0.82124,1.50,1.50
2012.08.29 21:57:43.561,0.82091,0.82124,1.50,1.50
2012.08.29 21:57:43.749,0.82091,0.82128,1.50,2.03
2012.08.29 21:57:48.558,0.82094,0.82129,1.50,2.03
2012.08.29 21:57:48.629,0.82097,0.82136,1.50,2.03
2012.08.29 21:58:15.857,0.82097,0.82139,1.50,1.35
2012.08.29 21:58:16.769,0.82097,0.82139,1.50,1.35
2012.08.29 21:58:19.278,0.82097,0.82139,1.50,1.35
2012.08.29 21:58:20.280,0.82097,0.82139,1.50,1.35
2012.08.29 21:58:20.646,0.82096,0.82139,2.25,1.35
2012.08.29 21:58:22.766,0.82096,0.82139,2.25,1.35
2012.08.29 21:58:30.630,0.82096,0.82139,2.25,1.20
2012.08.29 21:58:31.208,0.82096,0.82138,2.25,1.20
2012.08.29 21:58:32.428,0.82102,0.8214,1.50,2.03
2012.08.29 21:58:39.577,0.82102,0.8214,1.50,2.03
2012.08.29 21:58:40.991,0.82097,0.82134,2.25,2.03
2012.08.29 21:58:41.070,0.82094,0.82134,1.50,2.03
2012.08.29 21:58:41.400,0.82093,0.82134,1.50,2.03
2012.08.29 21:58:43.039,0.82093,0.82134,1.50,2.03
2012.08.29 21:58:43.169,0.82092,0.82134,1.80,2.03
2012.08.29 21:58:43.718,0.82088,0.82126,1.50,2.03
2012.08.29 21:58:45.368,0.82091,0.82126,1.50,2.03
2012.08.29 21:58:46.341,0.82088,0.82126,1.50,2.03
2012.08.29 21:58:51.538,0.82091,0.82126,1.50,2.03
2012.08.29 21:58:52.612,0.82088,0.82126,1.50,2.03
2012.08.29 21:59:01.057,0.82105,0.82113,0.75,0.75
2012.08.29 21:59:12.857,0.82091,0.82113,0.75,0.75
2012.08.29 21:59:15.998,0.82092,0.82113,0.75,0.75
2012.08.29 21:59:35.127,0.82095,0.82113,0.75,0.75
2012.08.29 21:59:36.958,0.82095,0.82118,0.75,0.75
2012.08.29 21:59:42.707,0.82097,0.82123,0.75,0.75
2012.08.29 21:59:42.777,0.82101,0.82123,0.75,0.75
2012.08.29 21:59:45.787,0.82101,0.82119,0.75,0.75
2012.08.29 21:59:45.865,0.82096,0.82119,0.75,0.75
2012.08.29 21:59:46.366,0.82095,0.82119,0.75,0.75
2012.08.29 21:59:53.467,0.82095,0.82113,0.75,0.75
2012.08.29 21:59:54.026,0.82094,0.82113,0.75,0.75
2012.08.29 21:59:54.168,0.82094,0.82118,0.75,0.75
2012.08.29 21:59:54.687,0.82095,0.82118,0.75,0.75
2012.08.29 21:59:56.421,0.82097,0.82122,0.75,1.05
2012.08.29 21:59:56.488,0.82102,0.82123,0.75,0.75
2012.08.29 21:59:56.677,0.82102,0.82128,0.75,1.05
2012.08.29 21:59:56.748,0.82105,0.82128,0.75,1.05
2012.08.29 21:59:56.881,0.82109,0.82139,0.75,0.75
2012.08.29 21:59:56.948,0.82109,0.82141,0.75,1.05
