2016.12.19 17:00:00.242,1.14008,1.14022,1.12,1.31
2016.12.19 17:00:00.615,1.14007,1.14019,1.37,1.19
2016.12.19 17:00:00.767,1.14003,1.14019,2.81,1.31
2016.12.19 17:00:01.302,1.14004,1.1402,1.31,2.06
2016.12.19 17:00:01.535,1.14004,1.14019,1.31,1.69
2016.12.19 17:00:02.110,1.14004,1.14019,1.19,2.00
2016.12.19 17:00:03.764,1.14008,1.14019,1.19,2.62
2016.12.19 17:00:03.815,1.14004,1.14019,1.19,1.87
2016.12.19 17:00:03.967,1.14007,1.14023,1.69,2.44
2016.12.19 17:00:04.068,1.14008,1.14024,1.19,2.81
2016.12.19 17:00:04.119,1.14012,1.14026,1.69,1.75
2016.12.19 17:00:04.204,1.14012,1.14026,1.69,1.75
2016.12.19 17:00:04.255,1.14012,1.14026,1.69,1.50
2016.12.19 17:00:04.306,1.14009,1.14023,2.85,1.19
2016.12.19 17:00:04.458,1.14007,1.14023,1.56,2.06
2016.12.19 17:00:04.560,1.14007,1.14023,1.56,2.44
2016.12.19 17:00:04.768,1.14005,1.14018,2.00,1.00
2016.12.19 17:00:04.972,1.13999,1.14015,2.44,1.37
2016.12.19 17:00:05.097,1.13999,1.14015,2.06,1.87
2016.12.19 17:00:05.673,1.14001,1.14015,1.00,1.87
2016.12.19 17:00:06.335,1.14002,1.14017,1.69,2.00
2016.12.19 17:00:06.464,1.14002,1.14017,1.69,1.69
2016.12.19 17:00:06.886,1.14002,1.14018,3.19,1.31
2016.12.19 17:00:08.532,1.14007,1.14018,1.00,1.31
2016.12.19 17:00:08.836,1.14012,1.14026,1.72,3.56
2016.12.19 17:00:08.887,1.14012,1.14025,1.72,1.25
2016.12.19 17:00:09.089,1.14015,1.1403,1.00,1.94
2016.12.19 17:00:09.291,1.14014,1.1403,2.62,1.31
2016.12.19 17:00:09.392,1.14014,1.1403,2.25,1.69
2016.12.19 17:00:09.661,1.14017,1.1403,1.31,1.50
2016.12.19 17:00:09.863,1.14018,1.14033,1.19,1.75
2016.12.19 17:00:10.440,1.14017,1.14031,1.19,1.50
2016.12.19 17:00:10.491,1.14016,1.14029,1.00,1.69
2016.12.19 17:00:10.695,1.14014,1.14029,1.25,1.69
2016.12.19 17:00:10.746,1.14015,1.14029,1.19,1.00
2016.12.19 17:00:11.050,1.14015,1.14027,1.19,1.00
2016.12.19 17:00:11.101,1.14014,1.14027,1.00,1.25
2016.12.19 17:00:11.606,1.14013,1.14026,2.00,1.00
2016.12.19 17:00:12.390,1.14013,1.14031,2.81,4.69
2016.12.19 17:00:12.643,1.14017,1.1403,1.19,1.75
2016.12.19 17:00:12.947,1.14019,1.14033,2.29,1.42
2016.12.19 17:00:12.999,1.14018,1.1403,1.12,1.25
2016.12.19 17:00:13.050,1.14017,1.14029,1.62,1.00
2016.12.19 17:00:13.203,1.14014,1.14028,1.69,1.50
2016.12.19 17:00:13.306,1.14019,1.14031,1.19,1.75
2016.12.19 17:00:13.408,1.14016,1.14033,1.50,3.94
2016.12.19 17:00:13.506,1.14022,1.14033,1.19,1.37
2016.12.19 17:00:13.608,1.1402,1.14034,1.31,1.12
2016.12.19 17:00:13.768,1.14014,1.14029,2.44,1.00
2016.12.19 17:00:13.908,1.14013,1.14029,1.69,1.69
2016.12.19 17:00:14.060,1.14013,1.14029,1.62,3.19
2016.12.19 17:00:14.365,1.14019,1.14034,1.25,1.75
2016.12.19 17:00:14.415,1.14019,1.14035,1.25,1.75
2016.12.19 17:00:14.517,1.14022,1.14036,1.25,2.25
2016.12.19 17:00:14.720,1.14024,1.14038,1.19,2.25
2016.12.19 17:00:14.940,1.14028,1.14038,1.85,1.75
2016.12.19 17:00:15.226,1.1403,1.14046,1.19,5.44
2016.12.19 17:00:16.848,1.14026,1.14042,1.94,1.12
2016.12.19 17:00:17.000,1.14026,1.1404,1.25,1.50
2016.12.19 17:00:17.319,1.14026,1.14037,1.25,1.37
2016.12.19 17:00:17.979,1.1403,1.14041,1.19,2.25
2016.12.19 17:00:18.081,1.14032,1.14039,1.25,1.00
2016.12.19 17:00:18.182,1.14032,1.14042,1.25,1.37
2016.12.19 17:00:19.058,1.14028,1.14041,1.19,1.12
2016.12.19 17:00:19.821,1.14026,1.14041,1.56,1.12
2016.12.19 17:00:19.923,1.14025,1.1404,1.54,1.00
2016.12.19 17:00:19.973,1.14025,1.14041,1.96,2.25
2016.12.19 17:00:20.502,1.14029,1.14043,1.25,2.25
2016.12.19 17:00:20.654,1.14029,1.14042,1.19,1.87
2016.12.19 17:00:20.705,1.14025,1.14041,1.69,1.12
2016.12.19 17:00:20.833,1.1403,1.14042,1.19,3.00
2016.12.19 17:00:20.884,1.14025,1.1404,1.69,1.25
2016.12.19 17:00:21.087,1.14024,1.14037,1.00,1.00
2016.12.19 17:00:21.744,1.14022,1.14037,1.73,1.50
2016.12.19 17:00:22.047,1.14024,1.1404,1.73,1.50
2016.12.19 17:00:22.888,1.14024,1.1404,1.73,1.50
2016.12.19 17:00:23.233,1.1403,1.14045,1.25,1.75
2016.12.19 17:00:23.371,1.1403,1.14045,1.36,1.37
2016.12.19 17:00:24.293,1.1403,1.14042,1.25,1.00
2016.12.19 17:00:24.449,1.1403,1.14044,1.19,1.00
2016.12.19 17:00:24.975,1.1403,1.14046,1.23,2.25
2016.12.19 17:00:25.153,1.14027,1.14044,2.00,1.69
2016.12.19 17:00:25.367,1.14027,1.14039,1.06,1.00
2016.12.19 17:00:25.914,1.14022,1.14038,2.11,1.00
2016.12.19 17:00:26.444,1.14022,1.14038,2.11,1.00
2016.12.19 17:00:26.545,1.14022,1.14038,2.11,1.00
2016.12.19 17:00:26.908,1.14022,1.14038,2.11,1.00
2016.12.19 17:00:27.448,1.14022,1.14037,1.61,1.25
2016.12.19 17:00:27.974,1.14022,1.14036,1.36,1.00
2016.12.19 17:00:28.847,1.14022,1.14036,1.23,1.00
2016.12.19 17:00:29.470,1.14022,1.14037,1.23,1.69
2016.12.19 17:00:30.480,1.14023,1.14037,1.73,1.25
2016.12.19 17:00:30.937,1.1402,1.14037,5.11,1.31
2016.12.19 17:00:30.989,1.1402,1.14035,2.86,1.00
2016.12.19 17:00:31.293,1.14024,1.14034,1.36,1.00
2016.12.19 17:00:31.445,1.14024,1.14036,1.36,1.00
2016.12.19 17:00:34.198,1.14026,1.14038,1.31,1.50
2016.12.19 17:00:34.249,1.14026,1.14038,1.31,1.50
2016.12.19 17:00:34.410,1.14023,1.14036,1.54,1.00
2016.12.19 17:00:34.713,1.14028,1.14042,1.78,1.00
2016.12.19 17:00:36.916,1.14026,1.14038,2.00,1.00
2016.12.19 17:00:37.220,1.14017,1.14034,2.81,1.25
2016.12.19 17:00:37.422,1.1402,1.14032,1.79,1.00
2016.12.19 17:00:37.624,1.1402,1.14036,2.75,1.50
2016.12.19 17:00:37.978,1.1402,1.14037,2.00,2.44
2016.12.19 17:00:38.080,1.1402,1.14037,2.00,2.00
2016.12.19 17:00:41.725,1.14024,1.14037,1.25,1.75
2016.12.19 17:00:41.827,1.14024,1.14037,1.25,1.12
2016.12.19 17:00:41.877,1.14025,1.14037,1.19,1.12
2016.12.19 17:00:42.181,1.14024,1.14038,1.31,1.12
2016.12.19 17:00:42.954,1.14022,1.14037,2.29,1.50
2016.12.19 17:00:43.005,1.14021,1.14036,1.16,1.69
2016.12.19 17:00:43.055,1.14022,1.14036,1.30,2.06
2016.12.19 17:00:43.580,1.1402,1.14035,1.91,1.69
2016.12.19 17:00:44.081,1.14019,1.14035,1.34,3.19
2016.12.19 17:00:44.183,1.14021,1.14034,1.73,1.50
2016.12.19 17:00:45.913,1.14018,1.14033,2.48,1.00
2016.12.19 17:00:45.964,1.14018,1.14033,2.11,1.50
2016.12.19 17:00:46.065,1.14017,1.14031,1.36,1.12
2016.12.19 17:00:46.167,1.14017,1.14031,1.30,1.50
2016.12.19 17:00:46.495,1.14017,1.14031,1.67,1.50
2016.12.19 17:00:46.597,1.14017,1.14031,1.30,1.50
2016.12.19 17:00:47.975,1.14013,1.14029,1.36,2.06
2016.12.19 17:00:48.026,1.14012,1.14027,1.73,1.00
2016.12.19 17:00:48.347,1.14011,1.14027,2.33,2.44
2016.12.19 17:00:48.860,1.14011,1.14027,2.71,1.62
2016.12.19 17:00:49.668,1.14011,1.14028,2.33,1.69
2016.12.19 17:00:52.293,1.1401,1.14026,2.62,1.31
2016.12.19 17:00:52.343,1.1401,1.14025,1.12,2.44
2016.12.19 17:00:52.484,1.14008,1.14023,1.25,1.00
2016.12.19 17:00:52.911,1.14014,1.14023,1.05,1.00
2016.12.19 17:00:53.215,1.14019,1.14029,1.19,1.00
2016.12.19 17:00:53.366,1.14019,1.14034,1.19,1.62
2016.12.19 17:00:53.468,1.14021,1.14034,1.19,1.87
2016.12.19 17:00:53.569,1.14022,1.14036,1.19,2.62
2016.12.19 17:00:54.054,1.14021,1.14033,1.19,1.00
2016.12.19 17:00:54.573,1.14021,1.14034,1.19,1.00
2016.12.19 17:00:54.902,1.14019,1.14032,1.25,1.00
2016.12.19 17:00:54.953,1.14019,1.14029,1.00,1.00
2016.12.19 17:00:55.048,1.14015,1.14028,1.69,1.00
2016.12.19 17:00:55.250,1.14015,1.14028,1.19,1.75
2016.12.19 17:00:55.402,1.14011,1.14026,2.44,1.12
2016.12.19 17:00:57.116,1.14011,1.14025,1.69,1.00
2016.12.19 17:00:57.658,1.14012,1.14028,1.31,4.12
2016.12.19 17:00:58.528,1.14012,1.14028,2.06,4.69
2016.12.19 17:00:58.781,1.1401,1.14026,1.69,2.00
2016.12.19 17:00:59.292,1.1401,1.14026,1.31,2.00
2016.12.19 17:01:00.553,1.14011,1.14027,1.00,2.44
2016.12.19 17:01:00.902,1.14017,1.1403,1.31,1.00
2016.12.19 17:01:01.054,1.14014,1.1403,2.06,1.69
2016.12.19 17:01:01.155,1.14014,1.14029,1.31,1.50
2016.12.19 17:01:05.763,1.14018,1.14029,2.44,1.50
2016.12.19 17:01:05.865,1.14019,1.14034,1.54,1.50
2016.12.19 17:01:06.450,1.14018,1.14033,1.31,1.12
2016.12.19 17:01:06.501,1.14018,1.14033,1.31,1.75
2016.12.19 17:01:07.390,1.14016,1.14033,2.81,2.00
2016.12.19 17:01:08.001,1.14017,1.14032,1.25,1.50
2016.12.19 17:01:08.742,1.14016,1.14032,2.81,1.50
2016.12.19 17:01:09.252,1.14016,1.1403,2.44,1.12
2016.12.19 17:01:10.452,1.14018,1.14033,1.56,2.00
2016.12.19 17:01:10.503,1.14018,1.14033,1.56,1.25
2016.12.19 17:01:10.756,1.14021,1.14033,1.19,1.00
2016.12.19 17:01:10.807,1.14021,1.14035,1.19,1.12
2016.12.19 17:01:11.009,1.14019,1.1403,1.12,1.25
2016.12.19 17:01:11.212,1.14012,1.14026,1.19,1.12
2016.12.19 17:01:11.313,1.14012,1.14024,1.19,1.00
2016.12.19 17:01:11.989,1.14012,1.14026,1.31,1.50
2016.12.19 17:01:12.360,1.14017,1.14029,1.19,3.00
2016.12.19 17:01:14.690,1.14017,1.14029,1.19,2.25
2016.12.19 17:01:15.191,1.14018,1.14029,1.19,2.25
2016.12.19 17:01:15.766,1.14013,1.14027,1.69,1.12
2016.12.19 17:01:15.867,1.14013,1.14025,1.31,1.00
2016.12.19 17:01:16.019,1.14009,1.14024,1.56,1.12
2016.12.19 17:01:16.115,1.14009,1.14022,1.19,1.50
2016.12.19 17:01:17.105,1.14011,1.14022,1.54,1.50
2016.12.19 17:01:17.207,1.14011,1.14026,1.91,1.94
2016.12.19 17:01:17.562,1.14014,1.14027,1.19,1.75
2016.12.19 17:01:17.788,1.14017,1.14028,1.19,1.00
2016.12.19 17:01:18.043,1.14015,1.14027,1.19,1.00
2016.12.19 17:01:18.194,1.14015,1.14025,1.19,1.00
2016.12.19 17:01:18.606,1.14012,1.14025,1.91,1.00
2016.12.19 17:01:19.129,1.14012,1.14025,2.66,1.00
2016.12.19 17:01:19.795,1.14012,1.14024,1.37,1.00
2016.12.19 17:01:19.846,1.14009,1.14024,1.31,1.69
2016.12.19 17:01:19.897,1.14008,1.14022,1.69,1.69
2016.12.19 17:01:20.202,1.14006,1.1402,2.06,2.44
2016.12.19 17:01:20.669,1.14009,1.14024,1.19,1.75
2016.12.19 17:01:20.720,1.14009,1.14023,1.19,1.37
2016.12.19 17:01:21.276,1.14008,1.14022,1.31,1.12
2016.12.19 17:01:21.689,1.14008,1.14021,1.19,1.37
2016.12.19 17:01:22.949,1.14009,1.14021,1.19,1.37
2016.12.19 17:01:30.304,1.14006,1.14022,2.44,2.25
2016.12.19 17:01:30.843,1.14006,1.14022,1.69,2.25
2016.12.19 17:01:31.244,1.14007,1.1402,1.42,1.75
2016.12.19 17:01:31.295,1.14007,1.14023,1.72,1.94
2016.12.19 17:01:31.498,1.14009,1.14024,1.31,1.31
2016.12.19 17:01:33.628,1.14008,1.14024,2.44,2.06
2016.12.19 17:01:33.780,1.14008,1.14022,1.00,1.00
2016.12.19 17:01:34.083,1.14005,1.1402,2.44,1.62
2016.12.19 17:01:34.661,1.14005,1.1402,2.44,1.62
2016.12.19 17:01:35.082,1.14005,1.14018,1.19,1.50
2016.12.19 17:01:36.103,1.14006,1.14018,1.19,1.37
2016.12.19 17:01:36.154,1.14006,1.1402,1.19,1.50
2016.12.19 17:01:36.306,1.14007,1.14022,1.19,1.12
2016.12.19 17:01:37.963,1.14007,1.14021,1.19,1.00
2016.12.19 17:01:46.757,1.14006,1.14021,1.31,1.00
2016.12.19 17:01:46.808,1.14006,1.14019,1.31,1.00
2016.12.19 17:01:47.111,1.14006,1.14017,1.25,1.00
2016.12.19 17:01:47.415,1.14013,1.14022,1.25,1.75
2016.12.19 17:01:47.466,1.14013,1.14028,1.30,2.25
2016.12.19 17:01:47.516,1.14015,1.14028,1.69,1.75
2016.12.19 17:01:47.567,1.14015,1.14029,1.69,1.50
2016.12.19 17:01:48.071,1.14016,1.14029,1.25,1.00
2016.12.19 17:01:49.080,1.14014,1.14029,2.11,1.69
2016.12.19 17:01:50.731,1.14016,1.14029,1.19,1.00
2016.12.19 17:01:50.914,1.14014,1.14029,1.55,1.25
2016.12.19 17:01:51.053,1.14014,1.14027,1.06,1.00
2016.12.19 17:01:51.708,1.14012,1.14027,1.92,1.69
2016.12.19 17:01:52.221,1.14014,1.14027,1.06,1.00
2016.12.19 17:01:54.913,1.14013,1.14025,1.05,1.00
2016.12.19 17:01:54.964,1.14012,1.14025,1.31,1.12
2016.12.19 17:01:55.463,1.14009,1.14022,1.00,1.25
2016.12.19 17:01:56.007,1.1401,1.14022,1.00,1.25
2016.12.19 17:01:57.732,1.14009,1.14022,1.50,1.25
2016.12.19 17:01:58.725,1.1401,1.14022,1.00,1.25
2016.12.19 17:01:58.978,1.14012,1.14027,1.73,1.50
2016.12.19 17:01:59.180,1.14012,1.14026,1.36,1.37
2016.12.19 17:01:59.541,1.14011,1.14025,1.05,1.50
2016.12.19 17:02:00.052,1.14011,1.14023,1.05,1.00
2016.12.19 17:02:00.619,1.14009,1.14023,1.00,1.00
2016.12.19 17:02:01.279,1.14008,1.14023,1.25,2.06
2016.12.19 17:02:01.533,1.1401,1.14025,1.25,1.75
2016.12.19 17:02:01.836,1.14005,1.14021,1.80,1.69
2016.12.19 17:02:01.941,1.14005,1.14021,1.55,2.06
2016.12.19 17:02:02.590,1.14006,1.14018,1.23,1.00
2016.12.19 17:02:03.113,1.14006,1.1402,1.23,1.50
2016.12.19 17:02:03.769,1.14006,1.14021,2.11,1.62
2016.12.19 17:02:04.933,1.14008,1.14022,1.19,1.50
2016.12.19 17:02:05.085,1.14006,1.14021,1.00,1.62
2016.12.19 17:02:05.186,1.14008,1.1402,1.19,1.37
2016.12.19 17:02:05.489,1.1401,1.14025,1.31,1.31
2016.12.19 17:02:06.557,1.14009,1.14024,1.12,1.19
2016.12.19 17:02:07.828,1.14009,1.14024,1.00,2.06
2016.12.19 17:02:08.374,1.14008,1.14024,2.25,2.06
2016.12.19 17:02:08.895,1.1401,1.14025,1.25,2.06
2016.12.19 17:02:09.221,1.14011,1.14026,2.66,1.00
2016.12.19 17:02:09.524,1.14013,1.14028,2.25,1.19
2016.12.19 17:02:11.427,1.14015,1.14028,1.00,1.19
2016.12.19 17:02:11.969,1.14013,1.14029,2.44,1.19
2016.12.19 17:02:13.667,1.14013,1.1403,1.69,2.44
2016.12.19 17:02:14.455,1.14015,1.1403,1.00,2.06
2016.12.19 17:02:16.418,1.14013,1.1403,1.69,2.06
2016.12.19 17:02:18.556,1.14013,1.14028,1.69,1.19
2016.12.19 17:02:22.819,1.14015,1.1403,1.25,2.25
2016.12.19 17:02:22.921,1.14016,1.14032,1.69,2.81
2016.12.19 17:02:23.242,1.14014,1.14027,1.37,3.19
2016.12.19 17:02:23.495,1.14008,1.14023,2.44,1.37
2016.12.19 17:02:23.899,1.14008,1.1402,1.69,1.00
2016.12.19 17:02:24.419,1.14009,1.14025,2.44,3.75
2016.12.19 17:02:24.470,1.14009,1.14025,1.87,3.56
2016.12.19 17:02:25.307,1.14011,1.14025,1.00,2.06
2016.12.19 17:02:26.375,1.14008,1.14023,1.69,1.00
2016.12.19 17:02:26.470,1.14008,1.14024,1.69,1.87
2016.12.19 17:02:26.900,1.14009,1.14024,1.19,2.44
2016.12.19 17:02:27.505,1.14011,1.14025,1.00,2.06
2016.12.19 17:02:27.573,1.14011,1.14025,1.00,1.69
2016.12.19 17:02:27.968,1.14009,1.14024,1.25,1.00
2016.12.19 17:02:28.069,1.14009,1.14024,1.87,1.56
2016.12.19 17:02:28.271,1.14009,1.14025,1.87,2.44
2016.12.19 17:02:28.824,1.14009,1.14025,1.12,1.31
2016.12.19 17:02:30.971,1.14009,1.14025,1.37,1.25
2016.12.19 17:02:31.364,1.14012,1.14027,1.00,1.31
2016.12.19 17:02:31.415,1.14016,1.14029,1.50,1.12
2016.12.19 17:02:31.618,1.14021,1.14035,1.00,1.25
2016.12.19 17:02:32.962,1.14019,1.14034,3.19,1.00
2016.12.19 17:02:33.114,1.14017,1.14032,1.75,1.12
2016.12.19 17:02:33.620,1.14019,1.14034,1.31,1.12
2016.12.19 17:02:34.149,1.14019,1.14035,1.31,1.31
2016.12.19 17:02:34.301,1.14019,1.14035,2.44,1.25
2016.12.19 17:02:34.604,1.14018,1.14034,2.44,1.19
2016.12.19 17:02:34.706,1.14017,1.14032,1.37,1.31
2016.12.19 17:02:35.242,1.14017,1.14032,1.62,1.31
2016.12.19 17:02:36.463,1.14016,1.14032,1.50,2.81
2016.12.19 17:02:36.515,1.14014,1.14031,3.19,1.25
2016.12.19 17:02:36.566,1.14013,1.14029,2.44,1.19
2016.12.19 17:02:36.719,1.14013,1.14028,1.00,1.31
2016.12.19 17:02:37.247,1.14014,1.14029,1.25,2.44
2016.12.19 17:02:37.584,1.14014,1.14031,3.19,1.69
2016.12.19 17:02:38.090,1.14016,1.14032,1.69,2.44
2016.12.19 17:02:38.487,1.14015,1.14029,2.25,1.25
2016.12.19 17:02:39.204,1.14015,1.14029,1.87,1.31
2016.12.19 17:02:39.440,1.14015,1.14029,1.87,1.25
2016.12.19 17:02:40.384,1.14015,1.14029,1.50,1.31
2016.12.19 17:02:40.886,1.14014,1.14029,2.06,1.31
2016.12.19 17:02:42.147,1.14016,1.14029,1.00,1.31
2016.12.19 17:02:43.143,1.14017,1.14032,1.00,2.44
2016.12.19 17:02:44.990,1.14017,1.14032,1.87,1.69
2016.12.19 17:02:45.550,1.14019,1.14032,1.00,1.31
2016.12.19 17:02:45.727,1.14025,1.14035,1.50,1.75
2016.12.19 17:02:45.930,1.14032,1.14043,1.00,1.75
2016.12.19 17:02:46.031,1.14034,1.14048,1.25,1.75
2016.12.19 17:02:46.122,1.14038,1.14048,1.00,1.75
2016.12.19 17:02:46.224,1.14039,1.14054,1.00,2.06
2016.12.19 17:02:46.275,1.14039,1.14055,1.69,1.69
2016.12.19 17:02:46.326,1.14039,1.14055,1.25,2.44
2016.12.19 17:02:46.417,1.14039,1.14055,1.31,2.00
2016.12.19 17:02:46.519,1.14039,1.14055,2.44,1.31
2016.12.19 17:02:46.916,1.14037,1.1405,1.75,1.00
2016.12.19 17:02:47.018,1.14034,1.14048,1.00,1.69
2016.12.19 17:02:47.069,1.14031,1.14047,1.12,1.56
2016.12.19 17:02:47.885,1.14032,1.14047,1.00,1.56
2016.12.19 17:02:48.541,1.14032,1.14047,2.25,1.19
2016.12.19 17:02:48.592,1.14033,1.14048,1.12,1.31
2016.12.19 17:02:49.024,1.14034,1.14049,1.19,1.69
2016.12.19 17:02:49.523,1.14035,1.14051,2.06,1.56
2016.12.19 17:02:49.675,1.14032,1.14048,2.44,1.12
2016.12.19 17:02:49.726,1.1403,1.14047,3.19,1.69
2016.12.19 17:02:49.776,1.14027,1.14045,1.94,1.69
2016.12.19 17:02:49.928,1.14025,1.14042,1.31,2.00
2016.12.19 17:02:50.503,1.14028,1.14044,1.54,1.94
2016.12.19 17:02:50.555,1.14028,1.14044,1.54,1.94
2016.12.19 17:02:50.656,1.1403,1.14044,1.25,1.00
2016.12.19 17:02:50.757,1.1403,1.14046,1.31,1.12
2016.12.19 17:02:51.186,1.14028,1.14044,3.79,1.25
2016.12.19 17:02:51.516,1.14025,1.1404,1.19,1.00
2016.12.19 17:02:52.420,1.14024,1.14039,1.00,1.00
2016.12.19 17:02:52.522,1.14022,1.14038,1.37,2.06
2016.12.19 17:02:52.724,1.14024,1.1404,1.19,2.00
2016.12.19 17:02:53.235,1.14024,1.1404,1.19,2.00
2016.12.19 17:02:53.771,1.14024,1.14041,1.31,2.44
2016.12.19 17:02:55.259,1.14024,1.14041,2.44,1.56
2016.12.19 17:02:55.563,1.14028,1.14043,1.25,1.75
2016.12.19 17:02:56.078,1.14027,1.14043,1.25,2.44
2016.12.19 17:02:56.331,1.14026,1.14043,3.19,1.69
2016.12.19 17:02:57.627,1.14027,1.14045,3.19,1.73
2016.12.19 17:02:58.643,1.14031,1.14047,1.00,1.73
2016.12.19 17:03:01.941,1.14031,1.14046,1.50,1.19
2016.12.19 17:03:02.453,1.1403,1.14046,1.55,2.44
2016.12.19 17:03:02.992,1.14032,1.14046,1.00,1.69
2016.12.19 17:03:03.043,1.14032,1.14047,1.00,2.44
2016.12.19 17:03:03.559,1.14031,1.14047,1.50,3.19
2016.12.19 17:03:04.764,1.14031,1.14043,1.50,1.19
2016.12.19 17:03:05.437,1.14031,1.14046,2.29,1.69
2016.12.19 17:03:05.540,1.14034,1.14048,1.69,2.25
2016.12.19 17:03:05.591,1.14032,1.14048,1.31,2.00
2016.12.19 17:03:05.642,1.14032,1.14049,1.62,3.23
2016.12.19 17:03:06.186,1.14031,1.14048,2.44,1.62
2016.12.19 17:03:07.076,1.14032,1.14049,1.62,2.81
2016.12.19 17:03:07.570,1.14034,1.14043,1.00,1.19
2016.12.19 17:03:07.772,1.14027,1.14043,3.19,1.19
2016.12.19 17:03:07.873,1.14028,1.14043,1.19,1.00
2016.12.19 17:03:08.296,1.14027,1.14043,1.69,1.25
2016.12.19 17:03:08.823,1.14028,1.14043,1.00,1.25
2016.12.19 17:03:08.926,1.14029,1.14043,1.19,1.00
2016.12.19 17:03:11.826,1.1403,1.14045,1.31,1.56
2016.12.19 17:03:15.357,1.14034,1.14047,1.25,1.80
2016.12.19 17:03:15.458,1.14034,1.14048,1.00,1.36
2016.12.19 17:03:16.546,1.14035,1.14048,1.00,1.05
2016.12.19 17:03:17.471,1.14034,1.14048,1.12,1.05
2016.12.19 17:03:23.764,1.14034,1.14048,1.50,1.30
2016.12.19 17:03:23.916,1.14034,1.14049,1.00,1.92
2016.12.19 17:03:24.668,1.14033,1.1405,1.69,2.36
2016.12.19 17:03:27.756,1.14034,1.14049,1.00,1.69
2016.12.19 17:03:27.992,1.14034,1.14049,2.06,1.50
2016.12.19 17:03:29.055,1.1403,1.14045,1.94,1.25
2016.12.19 17:03:29.106,1.1403,1.14044,1.94,1.00
2016.12.19 17:03:29.639,1.1403,1.14046,1.94,2.44
2016.12.19 17:03:30.714,1.1403,1.14045,1.75,1.31
2016.12.19 17:03:32.094,1.1403,1.14045,1.37,1.31
2016.12.19 17:03:32.597,1.1403,1.14045,1.00,1.69
2016.12.19 17:03:35.204,1.1403,1.14045,1.37,1.69
2016.12.19 17:03:35.407,1.14026,1.14041,1.56,1.69
2016.12.19 17:03:35.458,1.14025,1.1404,1.69,1.69
2016.12.19 17:03:35.509,1.14025,1.1404,1.25,2.44
2016.12.19 17:03:46.497,1.14028,1.1404,1.00,1.12
2016.12.19 17:03:46.750,1.14031,1.14045,1.19,1.75
2016.12.19 17:03:47.278,1.14031,1.14046,2.81,1.62
2016.12.19 17:03:48.249,1.14031,1.14045,1.00,1.00
2016.12.19 17:03:48.793,1.1403,1.14045,1.25,1.87
2016.12.19 17:03:52.229,1.14031,1.14045,1.00,1.87
2016.12.19 17:03:52.663,1.14028,1.14043,2.00,1.69
2016.12.19 17:03:52.715,1.14029,1.14046,2.44,3.56
2016.12.19 17:03:52.766,1.14029,1.14046,2.44,3.19
2016.12.19 17:03:53.021,1.14032,1.14046,1.25,1.37
2016.12.19 17:03:53.851,1.14036,1.14048,1.19,1.50
2016.12.19 17:03:53.952,1.14035,1.14051,2.47,2.44
2016.12.19 17:03:54.054,1.14035,1.14051,2.85,2.44
2016.12.19 17:03:55.055,1.14036,1.14051,1.00,1.69
2016.12.19 17:04:01.207,1.14035,1.14051,2.10,1.69
2016.12.19 17:04:01.321,1.14035,1.1405,1.72,1.56
2016.12.19 17:04:01.851,1.14035,1.14049,1.35,1.25
2016.12.19 17:04:02.477,1.14036,1.14049,1.00,1.25
2016.12.19 17:04:02.821,1.14033,1.14047,1.00,2.06
2016.12.19 17:04:03.074,1.14028,1.14044,3.19,1.69
2016.12.19 17:04:03.458,1.14029,1.14044,1.62,1.31
2016.12.19 17:04:12.354,1.14031,1.14047,2.85,1.25
2016.12.19 17:04:12.405,1.14035,1.14048,1.50,1.00
2016.12.19 17:04:12.658,1.14036,1.14053,2.06,1.50
2016.12.19 17:04:13.209,1.14036,1.14052,1.37,1.31
2016.12.19 17:04:13.758,1.14037,1.14052,1.50,2.06
2016.12.19 17:04:14.124,1.14035,1.1405,1.87,1.87
2016.12.19 17:04:14.649,1.14037,1.14048,1.80,1.00
2016.12.19 17:04:14.801,1.14037,1.1405,1.80,1.00
2016.12.19 17:04:15.890,1.14034,1.14046,1.75,1.69
2016.12.19 17:04:15.941,1.14034,1.14047,1.12,1.00
2016.12.19 17:04:15.992,1.14033,1.14047,2.00,1.00
2016.12.19 17:04:16.196,1.14032,1.14048,2.44,2.00
2016.12.19 17:04:19.775,1.14031,1.14045,2.06,1.00
2016.12.19 17:04:19.927,1.14029,1.14044,1.50,1.87
2016.12.19 17:04:20.583,1.14028,1.14043,1.56,1.69
2016.12.19 17:04:21.102,1.14028,1.14042,1.12,1.69
2016.12.19 17:04:21.730,1.14027,1.14042,2.25,1.69
2016.12.19 17:04:22.615,1.14027,1.14039,1.00,1.19
2016.12.19 17:04:22.767,1.14022,1.14037,1.50,1.69
2016.12.19 17:04:23.163,1.14026,1.1404,1.12,1.94
2016.12.19 17:04:23.416,1.14027,1.14042,2.06,1.31
2016.12.19 17:04:23.840,1.14029,1.14044,1.19,1.75
2016.12.19 17:04:24.042,1.14029,1.14044,1.25,1.25
2016.12.19 17:04:24.857,1.14029,1.14044,1.00,1.69
2016.12.19 17:04:25.359,1.14028,1.14043,1.12,1.25
2016.12.19 17:04:26.396,1.14029,1.14043,1.69,1.00
2016.12.19 17:04:26.548,1.1403,1.14045,1.69,1.00
2016.12.19 17:04:27.063,1.14029,1.14045,1.19,2.25
2016.12.19 17:04:28.725,1.14029,1.14043,1.19,1.00
2016.12.19 17:04:33.381,1.14029,1.14044,1.69,1.12
2016.12.19 17:04:34.520,1.1403,1.14045,1.31,1.12
2016.12.19 17:04:35.205,1.14031,1.14046,1.00,1.62
2016.12.19 17:04:35.358,1.14031,1.14047,1.12,2.44
2016.12.19 17:04:35.459,1.14031,1.14046,1.12,1.25
2016.12.19 17:04:37.504,1.14032,1.14046,1.00,1.25
2016.12.19 17:04:38.027,1.14031,1.14046,1.12,1.69
2016.12.19 17:04:39.913,1.1403,1.14046,1.00,1.25
2016.12.19 17:04:43.198,1.14029,1.14046,1.62,1.69
2016.12.19 17:04:43.702,1.14029,1.14046,1.25,2.00
2016.12.19 17:04:45.581,1.14032,1.14046,1.69,1.75
2016.12.19 17:04:45.632,1.14032,1.14046,1.25,1.25
2016.12.19 17:04:45.733,1.14033,1.14046,1.19,1.00
2016.12.19 17:04:47.358,1.14031,1.14046,1.69,1.69
2016.12.19 17:04:47.904,1.14032,1.14046,1.00,1.69
2016.12.19 17:04:49.691,1.14032,1.14046,1.12,1.00
2016.12.19 17:04:49.842,1.1403,1.14044,1.00,1.19
2016.12.19 17:04:50.357,1.14027,1.14043,2.44,1.69
2016.12.19 17:04:50.408,1.14027,1.14042,1.87,1.69
2016.12.19 17:04:50.508,1.14027,1.14042,1.50,2.06
2016.12.19 17:04:53.134,1.14028,1.1404,1.25,1.00
2016.12.19 17:04:53.742,1.14028,1.14044,2.44,3.19
2016.12.19 17:04:54.290,1.14027,1.14041,2.25,1.19
2016.12.19 17:04:54.502,1.14027,1.14041,1.12,1.31
2016.12.19 17:04:55.033,1.14027,1.14043,1.69,1.62
2016.12.19 17:04:55.103,1.14028,1.14043,1.00,1.25
2016.12.19 17:04:56.040,1.14028,1.14043,1.00,1.69
2016.12.19 17:04:57.224,1.14029,1.14044,1.19,1.00
2016.12.19 17:04:57.541,1.14036,1.14047,1.25,1.75
2016.12.19 17:04:57.694,1.14039,1.14054,1.94,1.75
2016.12.19 17:04:57.897,1.1404,1.14053,1.37,1.25
2016.12.19 17:04:57.948,1.14037,1.14051,1.37,1.69
2016.12.19 17:04:57.999,1.14037,1.1405,1.37,1.25
2016.12.19 17:04:58.202,1.14035,1.14049,1.56,1.00
2016.12.19 17:04:58.303,1.14037,1.14049,1.19,1.12
2016.12.19 17:04:58.455,1.14035,1.14049,1.31,1.00
2016.12.19 17:04:59.101,1.14034,1.1405,1.69,1.31
2016.12.19 17:05:00.613,1.14034,1.1405,1.31,1.12
2016.12.19 17:05:00.664,1.14033,1.14048,2.06,1.25
2016.12.19 17:05:01.008,1.14031,1.14046,1.69,1.25
2016.12.19 17:05:01.312,1.14031,1.14044,1.69,1.00
2016.12.19 17:05:03.207,1.14029,1.14042,1.00,1.19
2016.12.19 17:05:03.970,1.14028,1.14042,1.12,1.19
2016.12.19 17:05:04.577,1.14028,1.14044,1.00,2.44
2016.12.19 17:05:05.109,1.14028,1.14044,1.37,2.44
2016.12.19 17:05:05.643,1.14032,1.14044,1.00,1.62
2016.12.19 17:05:05.694,1.14032,1.14045,1.00,1.69
2016.12.19 17:05:06.051,1.14033,1.14045,1.19,1.50
2016.12.19 17:05:06.362,1.1403,1.14043,2.81,1.00
2016.12.19 17:05:06.946,1.1403,1.14043,2.06,1.00
2016.12.19 17:05:07.250,1.14044,1.14052,1.19,1.37
2016.12.19 17:05:07.301,1.14044,1.14054,1.19,1.37
2016.12.19 17:05:07.352,1.14041,1.14054,1.19,1.37
2016.12.19 17:05:07.504,1.14039,1.14053,1.69,1.00
2016.12.19 17:05:07.821,1.14042,1.14056,1.19,1.75
2016.12.19 17:05:07.923,1.1404,1.14056,1.31,1.75
2016.12.19 17:05:08.537,1.14039,1.14055,1.69,1.69
2016.12.19 17:05:08.759,1.14039,1.14052,1.37,1.00
2016.12.19 17:05:09.012,1.14037,1.14052,1.19,1.50
2016.12.19 17:05:09.063,1.14037,1.1405,1.19,1.00
2016.12.19 17:05:10.098,1.14036,1.1405,1.25,1.00
2016.12.19 17:05:10.644,1.14035,1.14048,1.69,1.37
2016.12.19 17:05:10.974,1.14039,1.14047,1.19,1.00
2016.12.19 17:05:11.301,1.14043,1.14052,1.19,1.75
2016.12.19 17:05:11.352,1.1404,1.14053,1.25,1.37
2016.12.19 17:05:11.504,1.14036,1.14052,2.44,1.12
2016.12.19 17:05:11.555,1.14036,1.14052,2.44,1.37
2016.12.19 17:05:11.606,1.14036,1.14052,2.44,1.00
2016.12.19 17:05:12.172,1.14038,1.14051,1.12,1.00
2016.12.19 17:05:12.324,1.14037,1.14048,1.25,1.00
2016.12.19 17:05:13.690,1.14037,1.14049,1.25,1.00
2016.12.19 17:05:14.379,1.14037,1.14048,1.25,1.00
2016.12.19 17:05:14.720,1.14043,1.1405,1.19,1.00
2016.12.19 17:05:14.822,1.14043,1.14052,1.19,1.00
2016.12.19 17:05:15.902,1.14037,1.14052,2.62,1.69
2016.12.19 17:05:16.255,1.14038,1.14052,2.22,1.37
2016.12.19 17:05:16.651,1.14041,1.14054,1.00,1.50
2016.12.19 17:05:17.198,1.1404,1.14054,1.31,1.50
2016.12.19 17:05:17.249,1.14039,1.14052,1.37,1.00
2016.12.19 17:05:17.568,1.14041,1.14054,1.12,1.12
2016.12.19 17:05:17.621,1.14045,1.14058,1.19,1.75
2016.12.19 17:05:17.773,1.14045,1.14058,1.56,1.00
2016.12.19 17:05:18.000,1.14045,1.14056,1.56,1.00
2016.12.19 17:05:18.051,1.14045,1.14058,1.56,1.00
2016.12.19 17:05:18.203,1.14049,1.1406,1.19,1.12
2016.12.19 17:05:18.305,1.14047,1.14061,1.62,1.12
2016.12.19 17:05:18.406,1.14046,1.14059,1.69,1.00
2016.12.19 17:05:18.917,1.14045,1.14059,1.69,1.12
2016.12.19 17:05:19.242,1.14045,1.14057,1.69,1.00
2016.12.19 17:05:19.454,1.14043,1.14056,1.19,1.00
2016.12.19 17:05:19.718,1.14042,1.14056,2.47,1.69
2016.12.19 17:05:19.921,1.14042,1.14056,3.41,1.00
2016.12.19 17:05:20.446,1.14042,1.14057,3.41,1.00
2016.12.19 17:05:20.985,1.14044,1.14057,1.37,1.00
2016.12.19 17:05:21.549,1.14044,1.14058,1.37,1.12
2016.12.19 17:05:22.148,1.14045,1.14059,1.31,1.50
2016.12.19 17:05:22.641,1.14047,1.14057,1.19,1.00
2016.12.19 17:05:22.692,1.14044,1.14057,1.56,1.00
2016.12.19 17:05:23.200,1.14044,1.1406,2.06,2.25
2016.12.19 17:05:23.953,1.14043,1.14059,1.25,1.69
2016.12.19 17:05:24.738,1.14046,1.1406,1.25,3.19
2016.12.19 17:05:24.889,1.14048,1.14062,1.30,2.06
2016.12.19 17:05:25.554,1.14048,1.14062,1.67,1.69
2016.12.19 17:05:26.055,1.14047,1.14062,1.85,2.06
2016.12.19 17:05:26.253,1.14056,1.14064,1.19,1.37
2016.12.19 17:05:26.447,1.14055,1.1407,2.44,1.00
2016.12.19 17:05:26.512,1.14059,1.14071,1.19,1.00
2016.12.19 17:05:26.563,1.14057,1.14072,2.44,1.62
2016.12.19 17:05:26.766,1.14056,1.14072,1.12,2.06
2016.12.19 17:05:27.271,1.14056,1.1407,1.00,1.00
2016.12.19 17:05:27.424,1.14057,1.14071,1.19,1.12
2016.12.19 17:05:28.053,1.14058,1.14073,1.25,1.56
2016.12.19 17:05:28.869,1.14059,1.14073,1.00,1.56
2016.12.19 17:05:29.454,1.14058,1.14073,1.25,1.56
2016.12.19 17:05:30.638,1.14058,1.14074,1.69,2.44
2016.12.19 17:05:30.891,1.1406,1.14075,1.69,1.25
2016.12.19 17:05:31.310,1.1406,1.14071,1.19,1.00
2016.12.19 17:05:31.462,1.14055,1.14069,1.25,1.31
2016.12.19 17:05:32.032,1.14056,1.1407,1.00,1.69
2016.12.19 17:05:32.083,1.14057,1.14071,1.19,1.75
2016.12.19 17:05:32.279,1.14057,1.14071,1.19,1.00
2016.12.19 17:05:32.330,1.14056,1.14071,1.00,1.25
2016.12.19 17:05:32.924,1.14055,1.14071,1.25,1.31
2016.12.19 17:05:33.495,1.14055,1.1407,1.25,1.19
2016.12.19 17:05:37.039,1.14056,1.1407,1.00,1.69
2016.12.19 17:05:38.645,1.14056,1.14072,1.69,2.81
2016.12.19 17:05:53.490,1.14054,1.14068,1.75,1.00
2016.12.19 17:05:53.743,1.14053,1.14067,1.50,1.31
2016.12.19 17:05:54.380,1.14053,1.14067,1.25,1.12
2016.12.19 17:05:54.482,1.14054,1.14067,3.94,1.00
2016.12.19 17:05:54.634,1.14056,1.14071,1.00,1.31
2016.12.19 17:05:54.937,1.14056,1.14071,3.00,1.19
2016.12.19 17:05:56.021,1.14055,1.14067,1.75,1.19
2016.12.19 17:05:56.072,1.14055,1.14072,1.75,1.31
2016.12.19 17:05:56.123,1.14055,1.14072,1.12,1.69
2016.12.19 17:05:56.224,1.14055,1.14069,1.12,1.19
2016.12.19 17:05:57.912,1.14054,1.14066,1.50,1.19
2016.12.19 17:06:00.452,1.14059,1.1407,1.37,1.25
2016.12.19 17:06:00.655,1.14061,1.14075,1.75,1.19
2016.12.19 17:06:00.857,1.14061,1.14075,1.87,1.19
2016.12.19 17:06:05.408,1.14061,1.1407,1.12,1.19
2016.12.19 17:06:05.663,1.14057,1.1407,1.12,1.19
2016.12.19 17:06:07.354,1.14059,1.14072,1.00,1.31
2016.12.19 17:06:07.506,1.1406,1.14075,1.50,1.31
2016.12.19 17:06:07.557,1.14059,1.14075,1.50,2.44
2016.12.19 17:06:07.709,1.14062,1.14075,1.25,1.50
2016.12.19 17:06:08.014,1.14063,1.14079,2.44,1.75
2016.12.19 17:06:08.065,1.14063,1.14078,2.44,1.12
2016.12.19 17:06:08.368,1.14066,1.14078,1.19,1.12
2016.12.19 17:06:08.418,1.14063,1.14078,1.69,1.12
2016.12.19 17:06:08.672,1.14065,1.14078,1.50,1.31
2016.12.19 17:06:08.941,1.14066,1.14078,2.25,1.19
2016.12.19 17:06:09.640,1.14066,1.14079,1.50,1.19
2016.12.19 17:06:09.742,1.14064,1.14079,1.75,1.31
2016.12.19 17:06:09.946,1.14064,1.14079,1.00,2.06
2016.12.19 17:06:10.192,1.14066,1.14079,1.00,1.69
2016.12.19 17:06:10.244,1.14066,1.14081,1.25,1.69
2016.12.19 17:06:10.345,1.14066,1.14081,2.00,1.25
2016.12.19 17:06:10.693,1.14067,1.14081,1.75,1.25
2016.12.19 17:06:10.845,1.14067,1.14081,1.00,1.25
2016.12.19 17:06:11.248,1.14068,1.14083,1.69,1.19
2016.12.19 17:06:12.138,1.1407,1.14086,1.37,1.69
2016.12.19 17:06:12.291,1.1407,1.14085,1.54,1.00
2016.12.19 17:06:12.392,1.14072,1.14085,1.87,1.69
2016.12.19 17:06:12.792,1.14074,1.14089,1.00,1.75
2016.12.19 17:06:12.943,1.14074,1.14092,2.06,2.48
2016.12.19 17:06:12.994,1.14074,1.14092,3.19,1.73
2016.12.19 17:06:13.096,1.14075,1.1409,1.75,1.19
2016.12.19 17:06:13.257,1.14075,1.1409,1.00,1.19
2016.12.19 17:06:13.308,1.14075,1.14088,1.00,1.19
2016.12.19 17:06:13.848,1.14073,1.14089,2.06,1.56
2016.12.19 17:06:14.466,1.14075,1.14089,1.00,1.19
2016.12.19 17:06:15.315,1.14075,1.1409,1.69,1.25
2016.12.19 17:06:16.123,1.14075,1.1409,1.69,1.69
2016.12.19 17:06:16.948,1.14076,1.14091,1.25,1.50
2016.12.19 17:06:17.463,1.14076,1.14091,1.25,1.12
2016.12.19 17:06:17.727,1.14073,1.14089,1.69,1.69
2016.12.19 17:06:18.030,1.14069,1.14084,1.69,2.44
2016.12.19 17:06:18.577,1.14068,1.14084,1.19,3.19
2016.12.19 17:06:31.993,1.14068,1.14082,1.00,1.12
2016.12.19 17:06:37.502,1.14068,1.14081,1.00,1.00
2016.12.19 17:06:37.805,1.14066,1.14081,1.69,1.87
2016.12.19 17:06:38.955,1.14071,1.14081,1.19,1.87
2016.12.19 17:06:39.006,1.1407,1.14084,1.00,1.94
2016.12.19 17:06:39.108,1.1407,1.14085,2.44,2.00
2016.12.19 17:06:40.048,1.14072,1.14085,1.00,2.00
2016.12.19 17:06:40.099,1.14069,1.14086,1.12,2.44
2016.12.19 17:06:40.201,1.14069,1.14085,1.87,1.31
2016.12.19 17:06:40.303,1.14069,1.14085,1.50,2.00
2016.12.19 17:06:40.643,1.14068,1.14082,1.69,1.50
2016.12.19 17:06:41.001,1.1407,1.14082,1.25,1.50
2016.12.19 17:06:41.204,1.14065,1.1408,1.56,1.37
2016.12.19 17:06:41.255,1.14067,1.1408,2.44,1.37
2016.12.19 17:06:41.306,1.1407,1.14082,1.19,1.00
2016.12.19 17:06:41.357,1.14067,1.14082,2.06,1.00
2016.12.19 17:06:41.408,1.14065,1.1408,1.62,1.69
2016.12.19 17:06:41.459,1.14065,1.1408,1.31,1.69
2016.12.19 17:06:41.662,1.14065,1.14078,1.00,1.19
2016.12.19 17:06:41.763,1.14062,1.14078,3.19,1.69
2016.12.19 17:06:55.629,1.14066,1.14078,1.00,1.00
2016.12.19 17:06:55.950,1.14065,1.14079,1.25,2.06
2016.12.19 17:06:56.523,1.14065,1.14079,1.25,2.00
2016.12.19 17:06:56.826,1.14073,1.14088,1.00,2.00
2016.12.19 17:06:57.680,1.14071,1.14087,2.06,2.25
2016.12.19 17:06:58.181,1.14071,1.14084,1.25,1.00
2016.12.19 17:06:58.233,1.14068,1.14083,1.50,1.37
2016.12.19 17:06:58.334,1.14066,1.14082,1.31,2.06
2016.12.19 17:06:58.638,1.14066,1.14078,1.25,1.00
2016.12.19 17:07:00.830,1.14065,1.1408,1.69,1.00
2016.12.19 17:07:01.735,1.14064,1.14078,1.62,1.69
2016.12.19 17:07:02.241,1.14064,1.14077,1.25,1.00
2016.12.19 17:07:02.354,1.14064,1.14079,1.25,1.00
2016.12.19 17:07:02.646,1.14063,1.14079,1.69,1.50
2016.12.19 17:07:03.528,1.14066,1.1408,1.12,1.75
2016.12.19 17:07:03.780,1.14068,1.14081,2.06,1.00
2016.12.19 17:07:03.932,1.14068,1.14081,1.00,1.87
2016.12.19 17:07:04.582,1.14066,1.14081,1.37,1.87
2016.12.19 17:07:05.162,1.14066,1.14081,1.87,1.87
2016.12.19 17:07:08.354,1.14067,1.1408,1.00,1.87
2016.12.19 17:07:08.405,1.14065,1.1408,2.06,1.87
2016.12.19 17:07:08.542,1.14069,1.1408,1.00,1.87
2016.12.19 17:07:08.795,1.14071,1.14085,1.69,1.12
2016.12.19 17:07:08.846,1.14071,1.14085,2.44,1.00
2016.12.19 17:07:09.504,1.14071,1.14085,2.44,1.00
2016.12.19 17:07:10.079,1.14072,1.14085,1.00,1.00
2016.12.19 17:07:11.604,1.14072,1.14084,1.00,1.00
2016.12.19 17:07:12.361,1.14071,1.14084,1.25,1.37
2016.12.19 17:07:12.462,1.14069,1.14084,1.25,2.44
2016.12.19 17:07:12.821,1.14072,1.14084,1.25,1.00
2016.12.19 17:07:13.597,1.14071,1.14085,1.00,1.37
2016.12.19 17:07:14.599,1.1407,1.14084,1.31,1.12
2016.12.19 17:07:14.950,1.1407,1.14082,1.12,1.19
2016.12.19 17:07:17.017,1.14071,1.14082,1.00,1.19
2016.12.19 17:07:19.276,1.14071,1.14082,1.00,1.00
2016.12.19 17:07:19.793,1.14071,1.14085,1.00,2.81
2016.12.19 17:07:20.320,1.1407,1.14085,1.31,2.81
2016.12.19 17:07:22.102,1.14072,1.14085,2.29,1.37
2016.12.19 17:07:22.417,1.1407,1.14085,1.25,2.25
2016.12.19 17:07:24.255,1.1407,1.14082,1.19,1.00
2016.12.19 17:07:26.217,1.14071,1.14082,1.19,1.00
2016.12.19 17:07:26.771,1.1407,1.14082,1.19,1.00
2016.12.19 17:07:27.425,1.14071,1.14085,1.19,1.75
2016.12.19 17:07:30.837,1.14069,1.14082,1.31,1.12
2016.12.19 17:07:30.888,1.14069,1.14082,1.31,1.50
2016.12.19 17:07:32.121,1.14066,1.14079,2.06,1.00
2016.12.19 17:07:32.324,1.14066,1.14077,1.19,1.00
2016.12.19 17:07:32.375,1.14064,1.14076,1.19,1.12
2016.12.19 17:07:32.476,1.14064,1.14076,1.19,1.50
2016.12.19 17:07:32.991,1.14065,1.14076,1.19,1.75
2016.12.19 17:07:35.528,1.14067,1.14076,1.19,1.75
2016.12.19 17:07:35.831,1.1408,1.14091,1.25,2.62
2016.12.19 17:07:35.928,1.14082,1.1409,1.25,1.00
2016.12.19 17:07:36.030,1.14085,1.14093,1.25,1.00
2016.12.19 17:07:36.131,1.14081,1.14094,1.31,1.37
2016.12.19 17:07:36.543,1.14084,1.14093,1.25,1.87
2016.12.19 17:07:36.594,1.14079,1.14091,1.31,1.00
2016.12.19 17:07:36.846,1.14079,1.14091,1.25,2.62
2016.12.19 17:07:37.375,1.14079,1.14091,1.19,1.75
2016.12.19 17:07:38.880,1.14078,1.1409,1.25,1.37
2016.12.19 17:07:39.287,1.14075,1.14087,1.31,1.12
2016.12.19 17:07:39.389,1.14076,1.14088,1.19,1.00
2016.12.19 17:07:39.695,1.14082,1.14095,1.19,1.75
2016.12.19 17:07:39.754,1.14083,1.14095,1.85,1.75
2016.12.19 17:07:39.805,1.14085,1.141,1.19,4.01
2016.12.19 17:07:39.957,1.14086,1.14097,1.05,1.00
2016.12.19 17:07:40.105,1.14083,1.14097,1.31,1.00
2016.12.19 17:07:40.256,1.14083,1.14098,1.25,2.25
2016.12.19 17:07:41.637,1.14085,1.14099,1.85,1.75
2016.12.19 17:07:41.738,1.14085,1.141,1.85,1.75
2016.12.19 17:07:41.789,1.14088,1.14102,1.54,1.87
2016.12.19 17:07:41.840,1.14085,1.141,1.31,1.75
2016.12.19 17:07:41.942,1.14089,1.14101,1.19,1.75
2016.12.19 17:07:42.052,1.14086,1.14101,1.25,1.75
2016.12.19 17:07:42.590,1.14087,1.141,1.00,1.00
2016.12.19 17:07:42.802,1.14085,1.141,1.37,1.50
2016.12.19 17:07:42.904,1.14084,1.141,1.69,1.75
2016.12.19 17:07:43.118,1.1408,1.14096,2.25,1.00
2016.12.19 17:07:43.270,1.1408,1.14095,1.00,1.50
2016.12.19 17:07:43.779,1.14079,1.14095,1.31,1.50
2016.12.19 17:07:44.270,1.14083,1.14093,1.25,1.12
2016.12.19 17:07:44.321,1.1408,1.14093,1.69,1.50
2016.12.19 17:07:44.474,1.14077,1.14092,2.44,1.25
2016.12.19 17:07:45.214,1.14079,1.14092,2.10,1.25
2016.12.19 17:07:45.437,1.14086,1.14098,1.25,1.12
2016.12.19 17:07:46.859,1.14087,1.141,1.85,1.37
2016.12.19 17:07:46.910,1.14087,1.141,1.85,1.00
2016.12.19 17:07:49.781,1.14093,1.141,1.25,1.00
2016.12.19 17:07:49.983,1.14093,1.14107,1.25,1.75
2016.12.19 17:07:50.058,1.14094,1.14107,1.54,1.75
2016.12.19 17:07:51.794,1.14099,1.14107,1.00,1.75
2016.12.19 17:07:51.845,1.14095,1.14107,1.25,1.75
2016.12.19 17:07:51.896,1.14093,1.14106,1.00,1.69
2016.12.19 17:07:51.997,1.14092,1.14103,1.00,1.37
2016.12.19 17:07:53.864,1.14091,1.14101,1.00,1.00
2016.12.19 17:07:54.067,1.14092,1.14105,1.00,1.50
2016.12.19 17:07:54.420,1.14095,1.14107,1.00,2.44
2016.12.19 17:07:54.522,1.14092,1.14106,1.00,2.00
2016.12.19 17:07:54.875,1.14091,1.14105,1.69,1.75
2016.12.19 17:08:02.101,1.14087,1.14101,1.12,2.81
2016.12.19 17:08:02.152,1.14085,1.14099,1.56,1.37
2016.12.19 17:08:02.455,1.14085,1.14096,1.19,1.00
2016.12.19 17:08:04.800,1.14088,1.14096,1.25,1.00
2016.12.19 17:08:04.976,1.14089,1.14103,1.25,2.25
2016.12.19 17:08:08.336,1.14092,1.14103,1.00,1.75
2016.12.19 17:08:08.488,1.14093,1.14104,1.00,1.00
2016.12.19 17:08:08.589,1.14093,1.14106,1.00,1.00
2016.12.19 17:08:08.791,1.14091,1.14108,1.69,4.31
2016.12.19 17:08:10.053,1.1409,1.14105,1.69,1.87
2016.12.19 17:08:10.572,1.1409,1.14105,1.69,1.87
2016.12.19 17:08:12.682,1.14093,1.14108,1.19,3.00
2016.12.19 17:08:12.774,1.14093,1.14108,1.69,1.87
2016.12.19 17:08:12.891,1.14093,1.14108,1.31,1.50
2016.12.19 17:08:13.823,1.14096,1.14109,1.19,1.12
2016.12.19 17:08:13.926,1.14093,1.14107,1.31,1.50
2016.12.19 17:08:14.028,1.14094,1.14106,1.19,1.37
2016.12.19 17:08:14.534,1.14096,1.14108,1.25,1.75
2016.12.19 17:08:15.210,1.14096,1.1411,1.25,1.75
2016.12.19 17:08:16.243,1.14096,1.14112,1.69,3.56
2016.12.19 17:08:16.465,1.14096,1.14112,2.66,1.75
2016.12.19 17:08:17.043,1.14096,1.14111,1.31,1.75
2016.12.19 17:08:18.087,1.14096,1.14112,1.50,2.06
2016.12.19 17:08:18.390,1.141,1.14113,1.19,1.37
2016.12.19 17:08:18.441,1.141,1.14113,1.19,1.37
2016.12.19 17:08:29.769,1.14096,1.14109,2.29,1.00
2016.12.19 17:08:29.820,1.14095,1.14107,1.50,1.00
2016.12.19 17:08:30.073,1.14092,1.14106,1.30,1.69
2016.12.19 17:08:30.193,1.1409,1.14106,2.81,1.73
2016.12.19 17:08:30.244,1.14092,1.14106,1.19,1.06
2016.12.19 17:08:31.450,1.14092,1.14106,1.19,2.30
2016.12.19 17:08:31.955,1.14092,1.14106,1.19,1.55
2016.12.19 17:08:38.641,1.14089,1.14101,1.69,1.00
2016.12.19 17:08:38.880,1.14084,1.14099,2.06,1.31
2016.12.19 17:08:39.412,1.14086,1.14101,1.25,1.81
2016.12.19 17:08:41.214,1.14087,1.14102,1.00,2.48
2016.12.19 17:08:41.265,1.14089,1.14103,1.00,1.81
2016.12.19 17:08:41.467,1.14091,1.14107,2.66,2.11
2016.12.19 17:08:43.367,1.14091,1.14107,2.66,1.73
2016.12.19 17:08:43.730,1.14091,1.14105,1.72,1.19
2016.12.19 17:08:44.243,1.14091,1.14105,1.35,1.19
2016.12.19 17:08:44.546,1.14095,1.14106,1.25,1.00
2016.12.19 17:08:44.800,1.14097,1.1411,1.69,1.00
2016.12.19 17:08:45.321,1.14095,1.1411,1.25,1.50
2016.12.19 17:08:45.473,1.14095,1.1411,1.25,1.75
2016.12.19 17:08:46.149,1.14095,1.14109,1.25,1.00
2016.12.19 17:08:47.084,1.14096,1.14111,1.00,2.44
2016.12.19 17:08:47.593,1.14097,1.14111,1.25,2.00
2016.12.19 17:08:47.896,1.14096,1.14109,1.69,1.75
2016.12.19 17:08:49.207,1.14094,1.14109,1.00,2.44
2016.12.19 17:08:50.087,1.14093,1.14108,1.54,1.75
2016.12.19 17:08:50.289,1.14091,1.14106,1.00,1.69
2016.12.19 17:08:51.679,1.14093,1.14107,1.00,1.94
2016.12.19 17:08:51.881,1.14096,1.14111,1.60,1.95
2016.12.19 17:08:51.932,1.14094,1.1411,1.12,1.12
2016.12.19 17:08:52.084,1.14094,1.1411,1.69,2.25
2016.12.19 17:08:52.236,1.14092,1.14107,1.16,1.50
2016.12.19 17:08:52.864,1.14091,1.14107,1.19,2.25
2016.12.19 17:08:53.471,1.14093,1.14107,1.00,1.75
2016.12.19 17:08:53.936,1.14094,1.14109,1.19,2.81
2016.12.19 17:08:54.162,1.14092,1.14108,1.91,2.00
2016.12.19 17:08:54.212,1.14093,1.14107,1.19,1.37
2016.12.19 17:08:54.415,1.14092,1.14107,1.91,1.87
2016.12.19 17:08:55.202,1.14094,1.14107,1.69,1.87
2016.12.19 17:08:55.506,1.14097,1.1411,1.05,1.75
2016.12.19 17:08:55.607,1.14097,1.1411,1.05,1.50
2016.12.19 17:08:56.149,1.14098,1.14109,1.19,1.12
2016.12.19 17:08:56.200,1.14093,1.1411,2.44,2.44
2016.12.19 17:08:56.251,1.14095,1.1411,2.66,1.75
2016.12.19 17:08:56.504,1.14098,1.14112,1.05,1.69
2016.12.19 17:08:57.054,1.14098,1.14112,1.25,1.00
2016.12.19 17:08:57.105,1.14098,1.14112,1.25,1.37
2016.12.19 17:08:57.647,1.14097,1.14113,1.31,2.62
2016.12.19 17:08:59.098,1.14097,1.14113,1.31,1.17
2016.12.19 17:08:59.629,1.14096,1.14111,2.29,1.00
2016.12.19 17:09:00.180,1.14098,1.14111,1.00,1.00
2016.12.19 17:09:00.945,1.14096,1.14111,2.29,1.00
2016.12.19 17:09:01.724,1.14099,1.14111,1.00,1.00
2016.12.19 17:09:01.825,1.14099,1.14114,1.00,1.50
2016.12.19 17:09:02.229,1.14098,1.14113,1.00,3.00
2016.12.19 17:09:02.431,1.14098,1.14113,1.50,1.37
2016.12.19 17:09:02.859,1.14102,1.14115,1.00,1.75
2016.12.19 17:09:03.011,1.14102,1.14117,1.00,3.98
2016.12.19 17:09:03.164,1.14099,1.14112,1.37,1.19
2016.12.19 17:09:03.417,1.141,1.14114,1.25,1.31
2016.12.19 17:09:03.980,1.141,1.14114,1.25,1.30
2016.12.19 17:09:04.131,1.14096,1.14109,2.44,1.00
2016.12.19 17:09:04.334,1.14093,1.14107,1.00,1.19
2016.12.19 17:09:06.340,1.14093,1.14109,1.69,3.23
2016.12.19 17:09:06.442,1.14097,1.14109,1.19,1.00
2016.12.19 17:09:06.543,1.14097,1.14112,1.69,1.25
2016.12.19 17:09:07.084,1.14097,1.14112,1.19,1.36
2016.12.19 17:09:08.100,1.14097,1.14113,1.69,1.73
2016.12.19 17:09:08.252,1.14098,1.14113,2.00,1.25
2016.12.19 17:09:09.924,1.14098,1.14113,1.69,1.73
2016.12.19 17:09:10.461,1.14097,1.14113,1.19,3.23
2016.12.19 17:09:12.522,1.14098,1.14112,1.69,1.25
2016.12.19 17:09:13.223,1.14099,1.14112,1.19,1.00
2016.12.19 17:09:14.914,1.14097,1.14112,3.94,1.25
2016.12.19 17:09:15.739,1.14097,1.14112,1.69,1.73
2016.12.19 17:09:22.267,1.14099,1.14113,1.19,1.81
2016.12.19 17:09:22.469,1.14099,1.14114,1.19,1.73
2016.12.19 17:09:22.621,1.14095,1.14109,2.25,1.55
2016.12.19 17:09:22.875,1.1409,1.14106,1.69,1.73
2016.12.19 17:09:23.414,1.1409,1.14106,1.25,2.48
2016.12.19 17:09:25.408,1.14091,1.14105,1.00,1.05
2016.12.19 17:09:32.076,1.14089,1.14105,1.69,1.80
2016.12.19 17:09:32.128,1.14086,1.14101,3.94,1.30
2016.12.19 17:09:32.484,1.14088,1.14102,1.37,1.24
2016.12.19 17:09:32.636,1.14092,1.14107,1.31,2.36
2016.12.19 17:09:32.687,1.14092,1.14107,2.06,1.24
2016.12.19 17:09:33.529,1.14093,1.14109,1.94,3.11
2016.12.19 17:09:34.105,1.14099,1.1411,1.25,1.67
2016.12.19 17:09:34.222,1.14099,1.14114,1.25,2.44
2016.12.19 17:09:34.273,1.14099,1.14114,1.25,2.44
2016.12.19 17:09:34.374,1.14097,1.1411,1.50,1.19
2016.12.19 17:09:34.425,1.14097,1.14112,1.50,3.11
2016.12.19 17:09:34.980,1.14097,1.14111,1.00,1.15
2016.12.19 17:09:35.117,1.14095,1.14111,1.31,1.15
2016.12.19 17:09:38.740,1.14095,1.14109,1.31,1.00
2016.12.19 17:09:39.085,1.14095,1.14109,1.25,1.75
2016.12.19 17:09:41.918,1.14096,1.14111,1.00,2.44
2016.12.19 17:09:42.070,1.14096,1.1411,1.00,1.00
2016.12.19 17:09:43.462,1.14097,1.1411,1.00,1.00
2016.12.19 17:09:45.179,1.141,1.1411,1.00,1.00
2016.12.19 17:09:45.382,1.14101,1.14115,1.19,1.75
2016.12.19 17:09:45.919,1.14102,1.14116,1.19,2.25
2016.12.19 17:09:51.056,1.14098,1.14113,2.81,1.12
2016.12.19 17:09:51.158,1.14096,1.1411,2.00,1.25
2016.12.19 17:09:51.461,1.14095,1.1411,1.19,2.44
2016.12.19 17:09:53.118,1.14095,1.1411,1.19,1.31
2016.12.19 17:09:54.482,1.14094,1.14108,1.12,1.00
2016.12.19 17:09:54.821,1.14093,1.14108,1.25,1.75
2016.12.19 17:09:55.512,1.14094,1.14108,1.00,2.25
2016.12.19 17:09:57.651,1.14092,1.14108,2.06,1.75
2016.12.19 17:09:58.980,1.14095,1.14108,1.19,1.75
2016.12.19 17:09:59.094,1.14095,1.14111,1.69,3.75
2016.12.19 17:09:59.145,1.14097,1.14111,1.19,3.75
2016.12.19 17:09:59.297,1.14097,1.14109,1.19,1.00
2016.12.19 17:10:00.662,1.14107,1.14112,1.19,1.50
2016.12.19 17:10:00.763,1.14103,1.14116,1.19,1.20
2016.12.19 17:10:00.815,1.14103,1.14115,1.31,1.50
2016.12.19 17:10:00.918,1.141,1.14114,1.69,1.50
2016.12.19 17:10:01.019,1.141,1.14114,1.25,2.00
2016.12.19 17:10:01.838,1.141,1.14114,1.69,1.75
2016.12.19 17:10:02.217,1.14098,1.14109,1.19,1.00
2016.12.19 17:10:05.568,1.14102,1.14109,1.05,1.00
2016.12.19 17:10:05.619,1.14102,1.14115,1.58,1.75
2016.12.19 17:10:06.122,1.14102,1.14116,1.58,1.75
2016.12.19 17:10:06.675,1.14103,1.14116,1.25,2.25
2016.12.19 17:10:08.469,1.14101,1.14115,1.23,1.50
2016.12.19 17:10:08.570,1.14098,1.14114,1.37,2.06
2016.12.19 17:10:08.722,1.14097,1.14112,1.25,1.50
2016.12.19 17:10:09.044,1.14101,1.14109,1.17,1.00
2016.12.19 17:10:09.145,1.14101,1.14116,1.17,3.19
2016.12.19 17:10:10.543,1.14098,1.14114,2.86,1.75
2016.12.19 17:10:13.530,1.141,1.14114,1.05,1.75
2016.12.19 17:10:13.638,1.141,1.14115,1.42,2.44
2016.12.19 17:10:14.165,1.141,1.14115,1.44,2.44
2016.12.19 17:10:14.731,1.14101,1.14115,1.31,1.75
2016.12.19 17:10:16.669,1.14101,1.14115,1.25,1.75
2016.12.19 17:10:17.035,1.14102,1.14115,1.60,1.75
2016.12.19 17:10:17.238,1.14107,1.14121,1.25,1.75
2016.12.19 17:10:18.471,1.14107,1.14113,1.25,1.00
2016.12.19 17:10:20.465,1.14105,1.14113,1.36,1.00
2016.12.19 17:10:20.516,1.14106,1.14111,1.19,1.00
2016.12.19 17:10:20.618,1.14104,1.14111,1.36,1.00
2016.12.19 17:10:21.424,1.14105,1.1411,1.25,1.00
2016.12.19 17:10:22.231,1.14104,1.14112,2.29,1.00
2016.12.19 17:10:22.738,1.14106,1.14112,1.21,1.00
2016.12.19 17:10:23.281,1.14107,1.14115,1.25,1.00
2016.12.19 17:10:23.331,1.14107,1.14113,1.25,1.00
2016.12.19 17:10:23.967,1.14107,1.14114,1.25,1.00
2016.12.19 17:10:24.561,1.14107,1.14116,1.25,1.00
2016.12.19 17:10:24.612,1.14105,1.14112,1.65,1.00
2016.12.19 17:10:25.117,1.14106,1.14112,1.19,1.00
2016.12.19 17:10:25.168,1.14107,1.14115,1.25,1.00
2016.12.19 17:10:25.219,1.14109,1.14115,1.00,1.00
2016.12.19 17:10:25.421,1.14106,1.14114,1.69,1.00
2016.12.19 17:10:25.573,1.1411,1.14114,1.25,1.00
2016.12.19 17:10:26.587,1.1411,1.14115,1.25,1.00
2016.12.19 17:10:27.042,1.14108,1.14113,1.31,1.00
2016.12.19 17:10:27.093,1.1411,1.14114,1.25,1.00
2016.12.19 17:10:27.273,1.14108,1.14113,1.31,1.00
2016.12.19 17:10:28.009,1.14109,1.14113,1.25,1.00
2016.12.19 17:10:28.060,1.14107,1.14113,1.56,1.00
2016.12.19 17:10:29.846,1.14106,1.14112,1.62,1.00
2016.12.19 17:10:29.897,1.14106,1.14111,1.62,1.00
2016.12.19 17:10:31.606,1.14102,1.14111,2.00,1.00
2016.12.19 17:10:31.657,1.14102,1.14106,1.25,1.00
2016.12.19 17:10:31.758,1.14098,1.14107,1.56,1.00
2016.12.19 17:10:31.809,1.14096,1.14103,2.06,1.00
2016.12.19 17:10:31.860,1.14095,1.14104,3.19,1.00
2016.12.19 17:10:31.911,1.14095,1.14102,3.19,1.00
2016.12.19 17:10:31.962,1.14095,1.141,2.44,1.00
2016.12.19 17:10:32.511,1.14095,1.14099,1.00,1.00
2016.12.19 17:10:32.665,1.14091,1.14098,1.50,1.00
2016.12.19 17:10:33.440,1.1409,1.14098,1.31,1.00
2016.12.19 17:10:33.592,1.14094,1.14101,1.79,1.50
2016.12.19 17:10:33.693,1.14097,1.14104,1.16,1.12
2016.12.19 17:10:34.221,1.14097,1.14105,1.05,1.00
2016.12.19 17:10:34.724,1.14097,1.14106,1.05,1.00
2016.12.19 17:10:34.876,1.141,1.14108,1.54,1.00
2016.12.19 17:10:35.197,1.14102,1.1411,2.29,1.00
2016.12.19 17:10:35.478,1.141,1.14109,2.06,1.00
2016.12.19 17:10:35.530,1.14099,1.14104,1.00,1.00
2016.12.19 17:10:35.682,1.14096,1.14104,1.85,1.00
2016.12.19 17:10:35.733,1.14097,1.14106,1.35,1.00
2016.12.19 17:10:35.886,1.14097,1.14104,1.35,1.00
2016.12.19 17:10:36.038,1.14092,1.141,1.69,1.00
2016.12.19 17:10:36.139,1.14089,1.14101,3.04,1.00
2016.12.19 17:10:36.190,1.14092,1.141,1.25,1.00
2016.12.19 17:10:36.767,1.14092,1.14098,1.35,1.00
2016.12.19 17:10:37.785,1.14092,1.14099,1.35,1.00
2016.12.19 17:10:38.089,1.14095,1.14102,1.19,1.00
2016.12.19 17:10:38.240,1.14095,1.14104,1.19,1.00
2016.12.19 17:10:38.645,1.14097,1.14106,1.54,1.12
2016.12.19 17:10:38.746,1.14097,1.14108,1.91,1.12
2016.12.19 17:10:38.797,1.141,1.14108,1.19,1.00
2016.12.19 17:10:38.962,1.14098,1.14108,1.19,1.00
2016.12.19 17:10:39.092,1.14098,1.14106,1.31,1.00
2016.12.19 17:10:40.509,1.14098,1.14107,1.31,1.00
2016.12.19 17:10:41.027,1.14098,1.14106,1.31,1.00
2016.12.19 17:10:41.684,1.141,1.14108,1.79,1.00
2016.12.19 17:10:41.735,1.14103,1.14114,1.19,2.25
2016.12.19 17:10:41.786,1.14108,1.14113,1.19,1.00
2016.12.19 17:10:41.837,1.14106,1.14112,1.25,1.12
2016.12.19 17:10:41.888,1.14107,1.14114,1.19,1.00
2016.12.19 17:10:41.989,1.14106,1.14116,2.06,1.00
2016.12.19 17:10:42.040,1.14108,1.14114,1.19,1.00
2016.12.19 17:10:42.141,1.14106,1.14113,1.19,1.00
2016.12.19 17:10:42.631,1.14104,1.14111,1.19,1.00
2016.12.19 17:10:42.935,1.14104,1.14113,1.54,1.00
2016.12.19 17:10:43.566,1.14104,1.14114,1.54,1.00
2016.12.19 17:10:44.144,1.14108,1.14114,1.19,1.00
2016.12.19 17:10:44.195,1.14107,1.14116,1.19,1.00
2016.12.19 17:10:44.296,1.14109,1.14117,1.19,1.00
2016.12.19 17:10:44.398,1.14109,1.14119,1.79,1.00
2016.12.19 17:10:44.651,1.14107,1.14115,1.69,1.00
2016.12.19 17:10:48.717,1.14109,1.14117,1.19,1.00
2016.12.19 17:10:48.819,1.14109,1.14119,1.19,1.00
2016.12.19 17:10:51.479,1.14109,1.14118,1.69,1.00
2016.12.19 17:10:51.817,1.14109,1.14116,1.19,1.00
2016.12.19 17:10:52.131,1.14101,1.14108,1.75,1.00
2016.12.19 17:10:52.233,1.14099,1.14107,1.69,1.00
2016.12.19 17:10:53.784,1.14096,1.14106,2.44,1.00
2016.12.19 17:10:55.631,1.14097,1.14108,1.42,1.00
2016.12.19 17:10:56.169,1.14097,1.14107,2.66,1.00
2016.12.19 17:10:56.852,1.14097,1.14107,2.66,1.00
2016.12.19 17:10:57.408,1.14097,1.14107,2.29,1.00
2016.12.19 17:10:57.459,1.14097,1.14107,2.66,1.00
2016.12.19 17:10:58.131,1.14096,1.14105,2.29,1.00
2016.12.19 17:10:58.233,1.14097,1.14105,1.30,1.00
2016.12.19 17:10:58.436,1.14097,1.14107,2.29,1.00
2016.12.19 17:10:58.982,1.14097,1.14108,2.66,1.00
2016.12.19 17:10:59.419,1.14099,1.14109,1.31,1.00
2016.12.19 17:11:00.868,1.14096,1.14109,1.56,1.50
2016.12.19 17:11:00.920,1.14096,1.14105,1.19,1.00
2016.12.19 17:11:01.250,1.14092,1.141,1.00,1.00
2016.12.19 17:11:01.352,1.14088,1.14098,1.69,1.00
2016.12.19 17:11:03.607,1.14088,1.141,1.69,1.00
2016.12.19 17:11:03.876,1.14091,1.141,1.19,1.00
2016.12.19 17:11:04.331,1.14094,1.14103,1.25,1.00
2016.12.19 17:11:04.433,1.14096,1.14105,1.19,1.00
2016.12.19 17:11:04.534,1.14096,1.14109,1.19,1.12
2016.12.19 17:11:05.601,1.14094,1.1411,2.44,2.44
2016.12.19 17:11:05.752,1.14094,1.14109,1.69,1.50
2016.12.19 17:11:05.904,1.14094,1.14109,1.31,1.50
2016.12.19 17:11:06.430,1.14094,1.14106,1.69,1.00
2016.12.19 17:11:08.914,1.14097,1.14106,1.19,1.00
2016.12.19 17:11:09.166,1.14099,1.14114,1.56,3.00
2016.12.19 17:11:09.667,1.14099,1.14114,1.56,3.00
2016.12.19 17:11:10.204,1.14099,1.14109,1.62,1.00
2016.12.19 17:11:11.354,1.14094,1.14109,2.06,1.75
2016.12.19 17:11:18.422,1.14096,1.14111,1.12,2.00
2016.12.19 17:11:22.315,1.14097,1.14112,1.00,2.44
2016.12.19 17:11:23.475,1.14096,1.14112,1.87,2.44
2016.12.19 17:11:24.652,1.14094,1.14108,1.31,1.50
2016.12.19 17:11:24.753,1.14092,1.14107,1.19,1.50
2016.12.19 17:11:25.271,1.14092,1.14107,1.31,1.75
2016.12.19 17:11:27.081,1.14095,1.14108,1.19,1.75
2016.12.19 17:11:27.587,1.14095,1.14108,1.19,1.50
2016.12.19 17:11:27.947,1.14094,1.14109,1.12,2.44
2016.12.19 17:11:28.937,1.14094,1.14107,2.06,1.00
2016.12.19 17:11:29.645,1.14094,1.14109,1.73,1.75
2016.12.19 17:11:30.007,1.14091,1.14104,1.69,1.00
2016.12.19 17:11:30.070,1.14089,1.14104,1.37,1.25
2016.12.19 17:11:30.272,1.14086,1.14101,1.69,1.00
2016.12.19 17:11:30.482,1.14086,1.14101,1.25,1.75
2016.12.19 17:11:31.016,1.14084,1.141,2.86,1.69
2016.12.19 17:11:31.329,1.14086,1.14101,1.58,2.44
2016.12.19 17:11:31.846,1.14087,1.14101,1.25,1.75
2016.12.19 17:11:33.957,1.14087,1.14101,2.33,1.75
2016.12.19 17:11:42.736,1.14088,1.14101,1.62,1.75
2016.12.19 17:11:46.160,1.14089,1.141,1.62,1.00
2016.12.19 17:11:50.650,1.14089,1.14101,3.19,1.50
2016.12.19 17:11:50.751,1.14089,1.14105,2.06,2.89
2016.12.19 17:11:50.802,1.14088,1.14103,1.50,1.69
2016.12.19 17:11:50.853,1.14088,1.14103,1.00,1.69
2016.12.19 17:11:51.005,1.14088,1.14102,1.00,2.44
2016.12.19 17:11:51.309,1.14087,1.14102,1.69,1.56
2016.12.19 17:11:52.686,1.14087,1.14103,2.06,2.44
2016.12.19 17:11:53.224,1.14084,1.141,1.31,2.81
2016.12.19 17:11:53.750,1.14084,1.141,1.19,2.44
2016.12.19 17:11:54.542,1.14084,1.141,1.50,1.69
2016.12.19 17:11:55.170,1.14084,1.14099,1.00,2.06
2016.12.19 17:11:55.423,1.14082,1.14098,1.31,2.44
2016.12.19 17:11:55.625,1.14082,1.14095,2.06,1.00
2016.12.19 17:11:56.177,1.14084,1.14095,1.00,1.00
2016.12.19 17:11:57.831,1.14084,1.14098,1.00,1.56
2016.12.19 17:11:58.593,1.14084,1.14099,1.19,2.25
2016.12.19 17:12:05.869,1.14084,1.14099,1.50,1.69
2016.12.19 17:12:05.970,1.14084,1.14099,1.12,1.69
2016.12.19 17:12:06.225,1.1408,1.14097,2.81,2.44
2016.12.19 17:12:06.605,1.1408,1.14096,1.69,2.00
2016.12.19 17:12:06.866,1.1408,1.14096,1.25,2.44
2016.12.19 17:12:07.394,1.14079,1.14094,1.69,1.69
2016.12.19 17:12:07.831,1.14079,1.14094,2.06,1.69
2016.12.19 17:12:08.349,1.14079,1.14092,1.12,1.19
2016.12.19 17:12:11.425,1.1408,1.14091,1.19,1.00
2016.12.19 17:12:11.730,1.14083,1.14096,1.12,1.69
2016.12.19 17:12:12.242,1.14083,1.14096,1.25,1.00
2016.12.19 17:12:12.562,1.14086,1.14096,1.00,1.00
2016.12.19 17:12:13.074,1.14086,1.141,1.69,1.75
2016.12.19 17:12:13.609,1.14084,1.14099,2.06,1.69
2016.12.19 17:12:15.347,1.14084,1.14096,1.37,1.00
2016.12.19 17:12:16.477,1.14086,1.14096,1.00,1.00
2016.12.19 17:12:17.031,1.14086,1.14099,1.00,1.69
2016.12.19 17:12:17.735,1.14085,1.14099,1.50,1.69
2016.12.19 17:12:18.714,1.14083,1.14098,1.75,1.56
2016.12.19 17:12:19.277,1.14081,1.14095,1.37,1.25
2016.12.19 17:12:19.329,1.1408,1.14095,2.25,2.44
2016.12.19 17:12:19.380,1.1408,1.14095,1.00,3.19
2016.12.19 17:12:19.882,1.1408,1.14095,1.12,2.06
2016.12.19 17:12:20.516,1.14081,1.14095,1.00,1.56
2016.12.19 17:12:21.198,1.14081,1.14093,1.00,1.19
2016.12.19 17:12:21.733,1.1408,1.14093,1.00,1.69
2016.12.19 17:12:22.548,1.14081,1.14093,1.00,1.69
2016.12.19 17:12:25.479,1.14081,1.14093,1.00,1.25
2016.12.19 17:12:25.863,1.14079,1.14093,1.69,1.25
2016.12.19 17:12:25.964,1.14079,1.14092,1.31,1.75
2016.12.19 17:12:26.160,1.14079,1.14092,1.31,1.37
2016.12.19 17:12:26.585,1.1408,1.14092,1.69,1.37
2016.12.19 17:12:26.838,1.14084,1.14099,2.06,1.75
2016.12.19 17:12:27.820,1.14086,1.14101,2.06,3.00
2016.12.19 17:12:29.076,1.14085,1.14099,1.19,1.75
2016.12.19 17:12:29.278,1.14085,1.14098,1.56,1.75
2016.12.19 17:12:29.682,1.14083,1.14097,1.00,1.50
2016.12.19 17:12:30.336,1.14081,1.14096,2.06,1.50
2016.12.19 17:12:30.386,1.14084,1.14098,1.19,2.25
2016.12.19 17:12:30.589,1.14084,1.14099,2.06,2.25
2016.12.19 17:12:31.194,1.14084,1.14099,2.06,2.25
2016.12.19 17:12:32.648,1.14085,1.14099,1.00,2.25
2016.12.19 17:12:33.163,1.14084,1.14099,1.25,2.25
2016.12.19 17:12:35.597,1.14084,1.14098,1.00,2.06
2016.12.19 17:12:35.936,1.14086,1.141,1.00,2.44
2016.12.19 17:12:36.088,1.14086,1.141,1.00,2.06
2016.12.19 17:12:36.390,1.14086,1.141,1.69,1.87
2016.12.19 17:12:36.492,1.14086,1.141,2.81,1.75
2016.12.19 17:12:36.594,1.14089,1.141,1.19,1.75
2016.12.19 17:12:37.113,1.14089,1.14099,1.19,1.12
2016.12.19 17:12:37.695,1.14089,1.14098,1.19,1.00
2016.12.19 17:12:38.673,1.14087,1.14096,1.31,1.00
2016.12.19 17:12:38.824,1.14085,1.14096,1.31,1.00
2016.12.19 17:12:38.875,1.14085,1.14094,1.31,1.00
2016.12.19 17:12:39.396,1.14085,1.14095,1.31,1.12
2016.12.19 17:12:40.041,1.14082,1.14093,1.73,1.00
2016.12.19 17:12:40.355,1.14082,1.14092,1.19,1.50
2016.12.19 17:12:41.048,1.1408,1.14093,2.06,1.75
2016.12.19 17:12:41.545,1.14078,1.14088,1.56,1.00
2016.12.19 17:12:42.060,1.14078,1.14088,1.19,1.00
2016.12.19 17:12:42.893,1.14078,1.14086,1.19,1.00
2016.12.19 17:12:43.196,1.14078,1.14083,1.19,1.00
2016.12.19 17:12:45.338,1.14075,1.14083,1.19,1.00
2016.12.19 17:12:45.856,1.14075,1.14082,1.19,1.00
2016.12.19 17:12:48.280,1.14075,1.14084,1.19,1.50
2016.12.19 17:12:48.483,1.14075,1.14085,1.19,1.00
2016.12.19 17:12:48.586,1.14075,1.14085,1.19,1.75
2016.12.19 17:12:49.217,1.14075,1.14085,1.19,1.75
2016.12.19 17:12:49.367,1.14078,1.14085,1.19,1.00
2016.12.19 17:12:49.974,1.14078,1.14087,1.19,1.50
2016.12.19 17:12:50.480,1.14079,1.14089,1.19,1.50
2016.12.19 17:12:50.631,1.14078,1.14089,1.00,1.50
2016.12.19 17:12:51.186,1.14077,1.14089,1.25,1.50
2016.12.19 17:12:52.089,1.14078,1.14088,1.00,1.12
2016.12.19 17:12:54.990,1.14076,1.14087,1.73,1.00
2016.12.19 17:12:55.067,1.14074,1.14083,1.05,1.00
2016.12.19 17:12:55.118,1.14072,1.14083,2.48,1.00
2016.12.19 17:12:55.220,1.14072,1.14085,2.11,1.75
2016.12.19 17:12:55.300,1.14072,1.14085,2.11,1.37
2016.12.19 17:13:00.573,1.14074,1.14086,1.19,1.50
2016.12.19 17:13:00.724,1.14074,1.14086,1.19,1.12
2016.12.19 17:13:11.065,1.14072,1.14084,2.44,1.00
2016.12.19 17:13:11.167,1.14071,1.14083,1.25,1.00
2016.12.19 17:13:11.699,1.14071,1.14083,1.62,1.50
2016.12.19 17:13:13.114,1.14071,1.14083,1.69,1.50
2016.12.19 17:13:13.766,1.14076,1.14087,1.19,2.25
2016.12.19 17:13:13.817,1.14076,1.14086,1.19,1.75
2016.12.19 17:13:13.939,1.14077,1.14086,1.19,1.12
2016.12.19 17:13:13.990,1.14072,1.14087,2.44,2.06
2016.12.19 17:13:14.501,1.14073,1.14086,1.31,1.37
2016.12.19 17:13:21.211,1.14071,1.14082,2.06,1.00
2016.12.19 17:13:21.515,1.1407,1.14083,1.37,1.75
2016.12.19 17:13:21.565,1.1407,1.14082,1.37,1.00
2016.12.19 17:13:23.413,1.1407,1.14082,1.12,1.00
2016.12.19 17:13:24.260,1.1407,1.14082,1.37,1.00
2016.12.19 17:13:24.783,1.1407,1.14082,1.12,1.00
2016.12.19 17:13:26.598,1.14068,1.14082,1.72,1.50
2016.12.19 17:13:26.649,1.14068,1.14082,1.91,2.25
2016.12.19 17:13:27.221,1.14068,1.14082,1.00,3.19
2016.12.19 17:13:28.573,1.14067,1.14077,1.25,1.00
2016.12.19 17:13:29.900,1.14067,1.14076,1.00,1.00
2016.12.19 17:13:30.204,1.14066,1.14074,1.00,1.00
2016.12.19 17:13:30.808,1.14064,1.14074,1.00,1.00
2016.12.19 17:13:31.139,1.14064,1.14072,1.00,1.00
2016.12.19 17:13:32.073,1.14063,1.14072,1.25,1.00
2016.12.19 17:13:32.487,1.14063,1.14074,1.25,1.00
2016.12.19 17:13:33.050,1.14063,1.14073,1.25,1.00
2016.12.19 17:13:34.000,1.14061,1.14073,1.12,1.00
2016.12.19 17:13:34.271,1.1406,1.14071,1.25,1.00
2016.12.19 17:13:34.574,1.14058,1.1407,1.00,1.00
2016.12.19 17:13:35.586,1.14059,1.1407,1.00,1.00
2016.12.19 17:13:36.149,1.14058,1.1407,1.00,1.00
2016.12.19 17:13:37.622,1.14059,1.14071,1.00,1.12
2016.12.19 17:13:38.138,1.1406,1.14071,1.00,1.12
2016.12.19 17:13:38.761,1.14059,1.14071,1.00,1.12
2016.12.19 17:13:39.366,1.1406,1.14072,1.00,1.37
2016.12.19 17:13:39.671,1.14064,1.14074,1.00,1.12
2016.12.19 17:13:39.873,1.14066,1.14078,1.00,1.37
2016.12.19 17:13:40.716,1.14065,1.14078,1.00,1.37
2016.12.19 17:13:41.060,1.14062,1.14074,1.62,1.00
2016.12.19 17:13:41.757,1.14062,1.14074,1.25,1.00
2016.12.19 17:13:44.427,1.14063,1.14074,1.00,1.00
2016.12.19 17:13:44.731,1.14061,1.14069,1.30,1.00
2016.12.19 17:13:44.782,1.14064,1.14076,1.00,1.75
2016.12.19 17:13:45.199,1.14064,1.14078,1.00,3.94
2016.12.19 17:13:45.775,1.14062,1.14078,1.00,5.44
2016.12.19 17:13:45.876,1.14062,1.14077,1.00,2.00
2016.12.19 17:13:46.267,1.1406,1.14072,1.19,1.00
2016.12.19 17:13:46.584,1.14063,1.14072,1.25,1.00
2016.12.19 17:13:46.685,1.14063,1.14077,1.25,1.50
2016.12.19 17:13:47.150,1.14065,1.14079,1.69,1.50
2016.12.19 17:13:47.200,1.14065,1.1408,1.69,2.00
2016.12.19 17:13:54.799,1.14066,1.1408,1.19,1.75
2016.12.19 17:13:55.313,1.14066,1.1408,1.69,1.75
2016.12.19 17:13:56.711,1.14066,1.14082,1.69,2.62
2016.12.19 17:14:09.085,1.14066,1.14079,1.25,1.50
2016.12.19 17:14:09.706,1.14066,1.14081,1.25,1.50
2016.12.19 17:14:11.008,1.14068,1.14081,1.19,1.50
2016.12.19 17:14:11.211,1.1407,1.14082,1.00,1.00
2016.12.19 17:14:11.414,1.1407,1.14084,1.00,1.50
2016.12.19 17:14:11.641,1.14071,1.14084,1.69,1.00
2016.12.19 17:14:12.091,1.14071,1.14084,1.19,1.50
2016.12.19 17:14:24.954,1.14069,1.14082,1.37,1.00
2016.12.19 17:14:25.005,1.14072,1.14082,1.25,1.00
2016.12.19 17:14:25.336,1.14073,1.14084,1.37,1.00
2016.12.19 17:14:25.673,1.14073,1.14085,1.00,1.75
2016.12.19 17:14:26.198,1.1407,1.14085,1.69,1.75
2016.12.19 17:14:30.150,1.14073,1.14085,1.00,1.75
2016.12.19 17:14:30.252,1.14073,1.14086,1.69,1.75
2016.12.19 17:14:30.303,1.14073,1.14089,2.44,2.25
2016.12.19 17:14:30.455,1.14079,1.14089,2.06,1.00
2016.12.19 17:14:30.616,1.14079,1.14092,2.06,1.00
2016.12.19 17:14:34.133,1.14077,1.14091,1.75,1.00
2016.12.19 17:14:34.234,1.14076,1.14089,1.69,1.00
2016.12.19 17:14:34.335,1.14076,1.14089,1.25,1.75
2016.12.19 17:14:34.822,1.14077,1.14092,2.29,2.25
2016.12.19 17:14:34.873,1.14078,1.14092,1.25,2.25
2016.12.19 17:14:34.923,1.14081,1.14093,1.19,1.87
2016.12.19 17:14:34.975,1.14081,1.14093,1.19,1.50
2016.12.19 17:14:36.093,1.14082,1.14096,1.19,3.00
2016.12.19 17:14:36.626,1.14082,1.14096,1.25,3.00
2016.12.19 17:14:37.450,1.14082,1.14094,1.25,1.75
2016.12.19 17:14:37.723,1.14084,1.14094,1.25,1.75
2016.12.19 17:14:37.774,1.14082,1.14095,1.25,2.25
2016.12.19 17:14:37.875,1.14082,1.14094,1.25,1.12
2016.12.19 17:14:37.976,1.14082,1.14094,1.25,1.75
2016.12.19 17:14:38.873,1.14082,1.14094,1.25,1.50
2016.12.19 17:14:38.974,1.14082,1.14094,1.25,1.75
2016.12.19 17:14:39.923,1.14082,1.14096,1.19,3.00
2016.12.19 17:14:40.074,1.14082,1.14094,1.19,1.00
2016.12.19 17:14:40.277,1.14082,1.14095,1.25,2.25
2016.12.19 17:14:43.345,1.1408,1.14092,1.31,1.12
2016.12.19 17:14:43.498,1.14076,1.14089,1.25,1.00
2016.12.19 17:14:43.650,1.14075,1.14086,1.19,1.00
2016.12.19 17:14:44.277,1.14075,1.14089,1.19,2.25
2016.12.19 17:14:45.909,1.14074,1.14087,1.19,1.12
2016.12.19 17:14:46.061,1.14067,1.14082,2.06,1.00
2016.12.19 17:14:46.262,1.14066,1.14082,1.69,3.19
2016.12.19 17:14:47.807,1.14068,1.14082,1.25,2.00
2016.12.19 17:14:48.115,1.14069,1.14083,1.19,1.50
2016.12.19 17:14:48.304,1.14068,1.14083,1.00,2.44
2016.12.19 17:14:48.884,1.1407,1.14084,1.69,1.00
2016.12.19 17:14:57.082,1.1407,1.14084,1.00,1.00
2016.12.19 17:14:57.133,1.14068,1.14083,1.87,1.50
2016.12.19 17:14:57.285,1.14068,1.14082,1.25,2.00
2016.12.19 17:14:57.987,1.14068,1.14083,1.69,2.44
2016.12.19 17:14:59.479,1.14069,1.14084,1.69,1.31
2016.12.19 17:14:59.682,1.14071,1.14087,2.44,1.69
2016.12.19 17:15:01.896,1.14073,1.14087,1.00,2.44
2016.12.19 17:15:02.301,1.1407,1.14085,1.62,1.12
2016.12.19 17:15:02.402,1.1407,1.14085,1.25,1.50
2016.12.19 17:15:04.592,1.14071,1.14087,1.00,3.94
2016.12.19 17:15:04.693,1.14071,1.14087,1.00,2.44
2016.12.19 17:15:05.588,1.14072,1.14087,1.00,2.44
2016.12.19 17:15:06.733,1.14073,1.14087,1.00,2.44
2016.12.19 17:15:06.935,1.14073,1.14089,1.00,2.44
2016.12.19 17:15:10.763,1.14072,1.14087,1.12,1.19
2016.12.19 17:15:11.066,1.1407,1.14087,1.31,3.19
2016.12.19 17:15:11.740,1.1407,1.14087,1.31,3.56
2016.12.19 17:15:12.283,1.14071,1.14087,1.00,1.87
2016.12.19 17:15:12.833,1.14072,1.14087,1.00,1.37
2016.12.19 17:15:13.126,1.14076,1.14089,1.00,1.75
2016.12.19 17:15:13.227,1.14076,1.14089,1.00,1.00
2016.12.19 17:15:15.114,1.14075,1.14086,1.00,1.12
2016.12.19 17:15:15.165,1.14073,1.14086,1.00,1.12
2016.12.19 17:15:15.216,1.14073,1.14086,1.00,1.75
2016.12.19 17:15:15.406,1.1407,1.14083,2.06,1.00
2016.12.19 17:15:15.507,1.1407,1.14082,1.69,1.75
2016.12.19 17:15:16.209,1.1407,1.14083,1.69,2.25
2016.12.19 17:15:17.230,1.1407,1.14084,1.69,1.00
2016.12.19 17:15:17.761,1.14071,1.14085,1.25,1.31
2016.12.19 17:15:18.352,1.14071,1.14084,1.25,1.00
2016.12.19 17:15:21.132,1.14075,1.14085,1.25,1.12
2016.12.19 17:15:21.183,1.14073,1.14086,1.00,1.69
2016.12.19 17:15:21.234,1.14074,1.14086,1.19,1.00
2016.12.19 17:15:21.487,1.14071,1.14083,1.25,1.00
2016.12.19 17:15:21.988,1.14071,1.14082,1.25,1.00
2016.12.19 17:15:22.363,1.14067,1.1408,1.35,1.00
2016.12.19 17:15:23.107,1.14065,1.1408,2.29,1.69
2016.12.19 17:15:24.681,1.14068,1.1408,1.00,1.50
2016.12.19 17:15:24.732,1.14071,1.14081,1.35,1.75
2016.12.19 17:15:24.834,1.14071,1.14085,1.54,2.44
2016.12.19 17:15:24.986,1.14068,1.14082,1.31,2.06
2016.12.19 17:15:25.065,1.14068,1.14082,1.25,3.19
2016.12.19 17:15:26.324,1.14069,1.14082,1.00,1.00
2016.12.19 17:15:28.046,1.14072,1.14082,1.00,1.00
2016.12.19 17:15:28.096,1.14069,1.14082,1.00,1.69
2016.12.19 17:15:28.147,1.14069,1.14082,1.12,1.69
2016.12.19 17:15:28.198,1.14069,1.14082,1.31,1.00
2016.12.19 17:15:28.647,1.14069,1.14084,1.25,1.50
2016.12.19 17:15:29.184,1.1407,1.14084,1.12,1.00
2016.12.19 17:15:29.507,1.1407,1.14085,1.12,2.00
2016.12.19 17:15:30.018,1.14071,1.14083,1.19,1.37
2016.12.19 17:15:30.131,1.14069,1.14083,1.00,1.69
2016.12.19 17:15:30.232,1.1407,1.14083,1.31,1.12
2016.12.19 17:15:30.536,1.14069,1.1408,1.31,1.00
2016.12.19 17:15:34.443,1.14066,1.14078,2.10,1.00
2016.12.19 17:15:34.494,1.14068,1.1408,1.37,1.00
2016.12.19 17:15:35.433,1.14063,1.14078,3.19,1.37
2016.12.19 17:15:35.980,1.14063,1.14076,1.00,1.00
2016.12.19 17:15:36.685,1.14062,1.14075,1.00,1.00
2016.12.19 17:15:36.787,1.1406,1.14075,1.00,1.25
2016.12.19 17:15:37.373,1.14059,1.14074,1.25,1.00
2016.12.19 17:15:37.541,1.14062,1.14074,1.37,1.00
2016.12.19 17:15:38.025,1.14063,1.14078,1.69,1.75
2016.12.19 17:15:38.127,1.14064,1.14078,1.56,1.00
2016.12.19 17:15:38.329,1.14062,1.14077,1.69,1.69
2016.12.19 17:15:39.468,1.1406,1.14075,2.06,1.19
2016.12.19 17:15:40.079,1.1406,1.14075,2.00,1.69
2016.12.19 17:15:40.563,1.14058,1.14072,1.56,1.00
2016.12.19 17:15:40.729,1.14058,1.14072,1.56,2.25
2016.12.19 17:15:41.395,1.14056,1.14072,2.29,2.44
2016.12.19 17:15:43.950,1.14056,1.14072,2.66,2.44
2016.12.19 17:15:45.744,1.14059,1.14072,1.00,2.44
2016.12.19 17:15:46.073,1.14063,1.14073,1.31,1.75
2016.12.19 17:15:46.177,1.14066,1.14079,1.19,2.25
2016.12.19 17:15:46.279,1.14064,1.14079,1.19,2.44
2016.12.19 17:15:47.002,1.14063,1.14072,1.00,1.00
2016.12.19 17:15:47.053,1.14059,1.14071,1.19,1.00
2016.12.19 17:15:47.150,1.14054,1.1407,1.69,2.06
2016.12.19 17:15:47.252,1.14054,1.14068,1.56,1.75
2016.12.19 17:15:47.877,1.14054,1.1407,1.19,3.94
2016.12.19 17:15:48.362,1.1405,1.14064,2.81,1.00
2016.12.19 17:15:48.413,1.1405,1.14066,2.81,2.25
2016.12.19 17:15:48.464,1.1405,1.14064,1.19,1.00
2016.12.19 17:15:48.902,1.14049,1.14063,1.25,1.25
2016.12.19 17:15:49.003,1.14048,1.14062,1.00,2.44
2016.12.19 17:15:49.325,1.14046,1.14062,2.06,3.19
2016.12.19 17:15:49.835,1.14044,1.14061,2.06,3.19
2016.12.19 17:15:50.376,1.14046,1.14062,1.69,5.06
2016.12.19 17:15:50.746,1.14043,1.1406,1.69,2.44
2016.12.19 17:15:51.049,1.14045,1.14061,1.19,2.44
2016.12.19 17:15:51.650,1.14046,1.14062,1.54,3.19
2016.12.19 17:15:51.853,1.14048,1.14061,2.06,1.00
2016.12.19 17:15:52.066,1.14047,1.14061,1.12,1.69
2016.12.19 17:15:52.608,1.14047,1.14059,2.06,1.00
2016.12.19 17:15:55.334,1.14048,1.14062,1.25,1.50
2016.12.19 17:15:56.994,1.14047,1.14061,1.00,1.31
2016.12.19 17:15:57.297,1.14044,1.14059,1.31,1.31
2016.12.19 17:15:57.398,1.14044,1.14059,1.19,1.62
2016.12.19 17:16:01.591,1.14041,1.14054,1.56,1.00
2016.12.19 17:16:01.693,1.1404,1.14054,1.75,1.19
2016.12.19 17:16:02.205,1.14038,1.14053,2.25,1.19
2016.12.19 17:16:06.131,1.14038,1.14053,1.37,2.06
2016.12.19 17:16:06.182,1.14038,1.14053,1.00,2.44
2016.12.19 17:16:06.518,1.14037,1.14051,1.00,1.19
2016.12.19 17:16:06.973,1.14038,1.14054,1.50,2.44
2016.12.19 17:16:07.229,1.1404,1.14054,1.00,1.69
2016.12.19 17:16:11.207,1.14041,1.14054,1.00,1.69
2016.12.19 17:16:11.708,1.14039,1.14054,1.00,1.69
2016.12.19 17:16:12.627,1.14043,1.14054,1.00,1.25
2016.12.19 17:16:12.779,1.14043,1.14058,1.25,1.69
2016.12.19 17:16:32.702,1.14044,1.14058,1.00,1.69
2016.12.19 17:16:33.309,1.14042,1.14057,1.12,1.56
2016.12.19 17:16:33.410,1.14044,1.14059,1.31,1.69
2016.12.19 17:16:33.714,1.14046,1.14062,2.44,1.56
2016.12.19 17:16:34.319,1.14046,1.14061,1.69,1.31
2016.12.19 17:16:34.826,1.14047,1.14061,2.44,1.12
2016.12.19 17:16:35.882,1.14048,1.14063,2.06,1.12
2016.12.19 17:16:36.416,1.1405,1.14064,1.12,1.31
2016.12.19 17:16:36.964,1.14051,1.14065,1.00,2.44
2016.12.19 17:16:37.915,1.14049,1.14065,1.50,1.69
2016.12.19 17:16:38.499,1.14051,1.14066,1.19,2.00
2016.12.19 17:16:49.155,1.14054,1.14068,1.00,1.31
2016.12.19 17:16:49.256,1.14054,1.1407,1.69,3.00
2016.12.19 17:16:49.408,1.14056,1.14072,1.69,2.44
2016.12.19 17:16:49.459,1.14056,1.14072,2.06,2.44
2016.12.19 17:16:49.560,1.14056,1.14071,2.06,1.19
2016.12.19 17:16:49.638,1.14053,1.14069,2.44,1.31
2016.12.19 17:16:49.740,1.14053,1.14069,1.00,2.44
2016.12.19 17:16:49.791,1.14053,1.14067,1.00,1.19
2016.12.19 17:16:50.331,1.14051,1.14066,1.69,1.31
2016.12.19 17:16:50.633,1.1405,1.14065,2.44,1.19
2016.12.19 17:16:51.699,1.14051,1.14066,1.69,1.87
2016.12.19 17:16:51.851,1.14051,1.14065,1.50,1.69
2016.12.19 17:16:52.389,1.14051,1.14065,1.00,2.44
2016.12.19 17:16:53.037,1.14052,1.14065,1.00,1.19
2016.12.19 17:16:53.865,1.14051,1.14065,1.00,1.69
2016.12.19 17:16:54.387,1.1405,1.14065,1.31,1.69
2016.12.19 17:16:56.127,1.14052,1.14065,1.00,1.69
2016.12.19 17:16:56.380,1.14056,1.1407,1.25,1.25
2016.12.19 17:17:00.661,1.14057,1.1407,1.00,1.25
2016.12.19 17:17:05.574,1.14055,1.1407,2.44,1.25
2016.12.19 17:17:06.203,1.14055,1.14071,3.19,1.31
2016.12.19 17:17:09.269,1.14058,1.14071,1.00,1.31
2016.12.19 17:17:09.857,1.14056,1.14071,1.69,1.31
2016.12.19 17:17:13.540,1.14058,1.14071,1.00,1.31
2016.12.19 17:17:14.428,1.14058,1.14072,1.00,2.44
2016.12.19 17:17:14.970,1.14057,1.14071,1.12,1.31
2016.12.19 17:17:17.668,1.14058,1.14072,1.00,2.44
2016.12.19 17:17:21.381,1.1406,1.14074,1.00,1.75
2016.12.19 17:17:21.584,1.1406,1.14076,1.87,1.69
2016.12.19 17:17:22.412,1.14062,1.14076,1.00,2.44
2016.12.19 17:17:24.132,1.1406,1.14076,1.50,1.69
2016.12.19 17:17:24.334,1.14059,1.14073,1.31,1.00
2016.12.19 17:17:31.422,1.1406,1.14075,1.12,2.00
2016.12.19 17:17:31.599,1.1406,1.14075,1.37,1.69
2016.12.19 17:17:32.267,1.1406,1.14075,1.00,1.69
2016.12.19 17:17:33.421,1.14059,1.14075,1.69,1.69
2016.12.19 17:17:33.581,1.14059,1.14071,1.00,1.25
2016.12.19 17:17:33.910,1.14049,1.14062,3.37,1.19
2016.12.19 17:17:33.961,1.14049,1.14063,1.75,1.00
2016.12.19 17:17:34.063,1.14048,1.14063,1.00,1.50
2016.12.19 17:17:34.672,1.14045,1.1406,1.69,1.00
2016.12.19 17:17:34.976,1.14044,1.14053,1.00,1.60
2016.12.19 17:17:35.178,1.14039,1.14052,1.19,1.50
2016.12.19 17:17:35.279,1.1404,1.14055,1.25,1.50
2016.12.19 17:17:35.341,1.14042,1.14056,1.25,2.25
2016.12.19 17:17:35.492,1.14042,1.14056,1.62,1.00
2016.12.19 17:17:36.227,1.14042,1.14056,1.25,1.12
2016.12.19 17:17:37.748,1.14041,1.14056,1.31,1.31
2016.12.19 17:17:38.301,1.1404,1.14055,3.19,1.00
2016.12.19 17:17:38.352,1.14038,1.14051,2.00,1.00
2016.12.19 17:17:38.504,1.14037,1.14051,1.50,2.06
2016.12.19 17:17:38.605,1.14037,1.14051,1.12,2.44
2016.12.19 17:17:38.951,1.14039,1.14049,1.25,1.00
2016.12.19 17:17:39.002,1.14039,1.14053,1.31,2.00
2016.12.19 17:17:39.053,1.1404,1.14055,1.19,1.75
2016.12.19 17:17:39.104,1.1404,1.14055,1.69,1.00
2016.12.19 17:17:39.649,1.14041,1.14057,2.06,1.69
2016.12.19 17:17:41.119,1.14043,1.14057,1.00,1.69
2016.12.19 17:17:41.645,1.14042,1.14056,1.00,1.12
2016.12.19 17:17:42.170,1.14041,1.14058,1.31,3.19
2016.12.19 17:17:43.082,1.14039,1.14053,2.62,1.19
2016.12.19 17:17:43.235,1.14039,1.14056,1.91,3.94
2016.12.19 17:17:43.336,1.14041,1.14057,1.69,1.94
2016.12.19 17:17:43.387,1.14041,1.14055,2.06,1.00
2016.12.19 17:17:43.707,1.14038,1.14054,2.44,1.75
2016.12.19 17:17:44.209,1.14038,1.14054,3.56,1.50
2016.12.19 17:17:44.729,1.14043,1.14056,1.31,1.75
2016.12.19 17:17:44.831,1.14043,1.14058,2.44,2.00
2016.12.19 17:17:46.837,1.14047,1.14062,1.19,2.00
2016.12.19 17:17:46.938,1.14047,1.14062,1.56,2.00
2016.12.19 17:17:47.913,1.14047,1.14062,1.31,1.94
2016.12.19 17:17:47.964,1.14045,1.14059,1.50,1.19
2016.12.19 17:17:48.318,1.14047,1.1406,1.19,1.75
2016.12.19 17:17:48.369,1.14048,1.14062,1.19,2.25
2016.12.19 17:17:48.470,1.14046,1.14062,1.31,4.54
2016.12.19 17:17:49.042,1.14042,1.14058,1.94,1.19
2016.12.19 17:17:49.194,1.14045,1.1406,1.69,2.00
2016.12.19 17:17:49.331,1.14045,1.14061,1.69,1.69
2016.12.19 17:17:49.920,1.14045,1.14059,1.19,1.50
2016.12.19 17:17:49.971,1.14041,1.14057,2.44,1.87
2016.12.19 17:17:50.122,1.14039,1.14055,1.69,1.00
2016.12.19 17:17:50.224,1.14039,1.14053,1.19,1.00
2016.12.19 17:17:51.604,1.14042,1.14053,1.00,1.00
2016.12.19 17:17:51.806,1.14041,1.14058,1.31,2.00
2016.12.19 17:17:51.857,1.14041,1.14058,1.31,1.69
2016.12.19 17:17:52.268,1.1404,1.14055,1.50,1.19
2016.12.19 17:17:52.520,1.14042,1.14057,1.19,1.25
2016.12.19 17:17:52.571,1.14044,1.14057,2.81,1.00
2016.12.19 17:17:52.622,1.14046,1.14059,1.50,1.00
2016.12.19 17:17:53.053,1.14044,1.14059,1.50,1.25
2016.12.19 17:17:55.216,1.14043,1.14059,1.69,1.25
2016.12.19 17:17:55.633,1.14043,1.14056,1.00,1.19
2016.12.19 17:17:55.838,1.14041,1.14056,1.31,1.69
2016.12.19 17:17:57.541,1.14041,1.14054,1.12,1.19
2016.12.19 17:17:57.850,1.14043,1.14056,1.00,1.69
2016.12.19 17:18:00.626,1.14047,1.14061,1.12,1.31
2016.12.19 17:18:01.138,1.14047,1.14063,1.12,1.94
2016.12.19 17:18:01.660,1.14048,1.14063,1.00,1.94
2016.12.19 17:18:03.615,1.14049,1.14063,1.00,2.44
2016.12.19 17:18:05.710,1.14051,1.14065,1.00,1.94
2016.12.19 17:18:05.864,1.14053,1.14065,1.69,1.00
2016.12.19 17:18:05.970,1.14054,1.14068,1.25,1.25
2016.12.19 17:18:06.472,1.14054,1.14068,1.00,1.19
2016.12.19 17:18:06.775,1.14051,1.14065,1.69,1.25
2016.12.19 17:18:07.078,1.14051,1.14064,1.00,1.69
2016.12.19 17:18:07.731,1.14049,1.14064,2.06,1.69
2016.12.19 17:18:08.330,1.14049,1.14063,1.87,1.19
2016.12.19 17:18:08.812,1.14048,1.14059,1.37,1.00
2016.12.19 17:18:08.864,1.14048,1.14059,1.00,1.00
2016.12.19 17:18:08.915,1.14048,1.14057,1.00,1.19
2016.12.19 17:18:08.966,1.14045,1.14057,1.00,1.19
2016.12.19 17:18:09.017,1.14043,1.14057,1.00,1.69
2016.12.19 17:18:09.546,1.14043,1.14056,1.00,1.69
2016.12.19 17:18:09.773,1.14041,1.14056,1.00,2.44
2016.12.19 17:18:10.786,1.14042,1.14056,1.00,2.44
2016.12.19 17:18:11.018,1.1404,1.14056,1.00,2.44
2016.12.19 17:18:11.271,1.14039,1.14055,2.06,1.69
2016.12.19 17:18:11.372,1.14039,1.14055,2.44,1.31
2016.12.19 17:18:11.524,1.14039,1.14053,1.75,1.25
2016.12.19 17:18:12.627,1.14037,1.1405,3.56,1.00
2016.12.19 17:18:12.679,1.14039,1.14054,1.94,1.25
2016.12.19 17:18:12.780,1.14037,1.1405,2.62,1.25
2016.12.19 17:18:13.085,1.14045,1.14058,1.00,1.69
2016.12.19 17:18:13.617,1.14045,1.14058,1.00,1.31
2016.12.19 17:18:14.129,1.14044,1.14058,1.12,1.31
2016.12.19 17:18:14.978,1.14045,1.14058,1.00,1.31
2016.12.19 17:18:15.571,1.14046,1.14058,1.00,1.31
2016.12.19 17:18:15.877,1.14046,1.14061,3.19,1.67
2016.12.19 17:18:15.985,1.14044,1.14061,2.44,3.13
2016.12.19 17:18:16.087,1.14044,1.1406,2.44,1.30
2016.12.19 17:18:16.212,1.14044,1.1406,1.69,1.35
2016.12.19 17:18:16.668,1.14046,1.1406,1.25,1.00
2016.12.19 17:18:17.173,1.14046,1.14062,1.37,2.44
2016.12.19 17:18:17.739,1.14045,1.1406,2.00,1.19
2016.12.19 17:18:17.790,1.14045,1.1406,1.25,1.69
2016.12.19 17:18:18.481,1.14046,1.14063,2.44,1.69
2016.12.19 17:18:19.840,1.14045,1.14061,2.44,1.31
2016.12.19 17:18:20.765,1.14043,1.14058,1.94,1.00
2016.12.19 17:18:20.917,1.14042,1.14058,2.00,1.25
2016.12.19 17:18:21.020,1.14042,1.14058,1.69,2.44
2016.12.19 17:18:22.692,1.14042,1.14056,1.69,1.00
2016.12.19 17:18:23.746,1.14041,1.14057,1.94,1.12
2016.12.19 17:18:24.737,1.14042,1.14056,1.69,1.00
2016.12.19 17:18:25.192,1.14041,1.14056,1.00,1.12
2016.12.19 17:18:25.243,1.14041,1.14052,1.00,1.25
2016.12.19 17:18:25.395,1.14036,1.14052,1.69,1.31
2016.12.19 17:18:25.928,1.14037,1.14053,1.69,3.19
2016.12.19 17:18:26.105,1.14036,1.14051,2.44,1.19
2016.12.19 17:18:28.902,1.14036,1.14053,3.19,3.19
2016.12.19 17:18:28.993,1.1404,1.14054,1.19,1.75
2016.12.19 17:18:29.197,1.14036,1.14051,1.12,2.06
2016.12.19 17:18:29.400,1.14037,1.14053,1.56,2.25
2016.12.19 17:18:29.603,1.14039,1.14054,2.44,1.00
2016.12.19 17:18:30.133,1.14039,1.14054,1.69,1.12
2016.12.19 17:18:30.184,1.14037,1.14052,2.44,1.00
2016.12.19 17:18:30.488,1.14032,1.14048,3.19,1.31
2016.12.19 17:18:30.793,1.14035,1.14051,2.25,1.19
2016.12.19 17:18:30.942,1.14033,1.1405,2.44,2.66
2016.12.19 17:18:31.319,1.14033,1.14046,1.50,1.25
2016.12.19 17:18:31.851,1.14033,1.14048,1.69,1.19
2016.12.19 17:18:32.204,1.14032,1.14045,1.75,1.25
2016.12.19 17:18:32.255,1.14032,1.14049,2.25,1.31
2016.12.19 17:18:32.363,1.14032,1.14049,1.50,1.56
2016.12.19 17:18:32.871,1.14032,1.14048,1.00,1.25
2016.12.19 17:18:32.922,1.14031,1.14048,2.44,1.69
2016.12.19 17:18:33.436,1.14031,1.14048,1.31,2.44
2016.12.19 17:18:34.796,1.14034,1.14049,1.25,2.06
2016.12.19 17:18:34.848,1.14034,1.14049,1.25,2.06
2016.12.19 17:18:35.356,1.14034,1.14049,1.25,2.81
2016.12.19 17:18:36.446,1.14034,1.14047,1.25,1.00
2016.12.19 17:18:38.149,1.14034,1.14049,1.25,2.81
2016.12.19 17:18:38.200,1.14032,1.14049,1.50,3.19
2016.12.19 17:18:38.302,1.14034,1.14049,1.00,1.69
2016.12.19 17:18:38.861,1.14034,1.1405,1.00,2.81
2016.12.19 17:18:39.394,1.14034,1.14048,1.00,1.00
2016.12.19 17:18:39.919,1.14034,1.1405,1.12,1.69
2016.12.19 17:18:40.232,1.14038,1.14054,1.75,3.19
2016.12.19 17:18:42.315,1.14037,1.14053,1.75,1.69
2016.12.19 17:18:42.417,1.14037,1.14053,1.12,2.06
2016.12.19 17:18:45.532,1.14037,1.14053,1.00,2.06
2016.12.19 17:18:46.101,1.14036,1.14051,2.06,1.31
2016.12.19 17:18:49.181,1.14038,1.14051,1.00,1.31
2016.12.19 17:18:49.915,1.14039,1.14053,1.00,1.12
2016.12.19 17:18:50.420,1.14037,1.14051,3.00,1.31
2016.12.19 17:18:50.925,1.14039,1.14051,1.00,1.31
2016.12.19 17:18:51.008,1.14037,1.1405,1.00,1.25
2016.12.19 17:18:51.059,1.14035,1.1405,1.75,1.25
2016.12.19 17:18:51.161,1.14035,1.1405,1.37,1.31
2016.12.19 17:18:52.705,1.14032,1.14046,1.75,1.19
2016.12.19 17:18:52.757,1.14033,1.14047,1.00,1.19
2016.12.19 17:18:52.808,1.14033,1.14049,1.31,1.69
2016.12.19 17:18:52.859,1.14032,1.14048,2.81,1.69
2016.12.19 17:18:53.366,1.14033,1.14048,1.00,1.69
2016.12.19 17:18:53.772,1.14034,1.14048,2.25,1.00
2016.12.19 17:18:53.974,1.14035,1.1405,1.50,1.31
2016.12.19 17:18:54.227,1.14033,1.14049,1.87,1.31
2016.12.19 17:18:55.618,1.14034,1.14049,1.50,1.31
2016.12.19 17:18:58.418,1.14035,1.14049,1.00,1.31
2016.12.19 17:19:00.327,1.14037,1.14051,1.72,1.25
2016.12.19 17:19:00.832,1.14039,1.14052,1.00,1.19
2016.12.19 17:19:01.368,1.14039,1.14052,1.37,1.19
2016.12.19 17:19:06.379,1.14038,1.14048,2.85,1.25
2016.12.19 17:19:06.840,1.14038,1.1405,1.75,1.31
2016.12.19 17:19:08.055,1.14038,1.1405,2.25,1.25
2016.12.19 17:19:09.142,1.14037,1.14049,3.37,1.19
2016.12.19 17:19:09.244,1.14036,1.14049,1.12,1.19
2016.12.19 17:19:09.396,1.14036,1.14047,1.00,1.62
2016.12.19 17:19:09.924,1.14032,1.14045,1.12,1.00
2016.12.19 17:19:09.975,1.14031,1.14044,1.50,1.19
2016.12.19 17:19:10.290,1.14028,1.14041,1.00,2.06
2016.12.19 17:19:10.540,1.14024,1.1404,1.87,1.69
2016.12.19 17:19:10.641,1.14026,1.14041,1.19,1.75
2016.12.19 17:19:10.946,1.14029,1.14043,1.00,2.06
2016.12.19 17:19:11.737,1.14029,1.14046,2.06,2.44
2016.12.19 17:19:11.788,1.14031,1.14046,1.19,2.00
2016.12.19 17:19:11.890,1.14031,1.14047,1.31,2.44
2016.12.19 17:19:12.269,1.14029,1.14041,1.75,1.19
2016.12.19 17:19:12.320,1.14029,1.14043,1.75,1.69
2016.12.19 17:19:12.472,1.14026,1.14043,2.81,2.06
2016.12.19 17:19:12.834,1.14028,1.14045,1.69,2.06
2016.12.19 17:19:13.838,1.14027,1.14041,1.12,1.19
2016.12.19 17:19:14.141,1.14022,1.14038,1.69,2.29
2016.12.19 17:19:14.921,1.14023,1.14037,1.37,1.35
2016.12.19 17:19:15.124,1.14025,1.14036,1.00,1.30
2016.12.19 17:19:15.225,1.14026,1.14041,1.00,2.44
2016.12.19 17:19:15.307,1.14028,1.14041,1.69,2.25
2016.12.19 17:19:15.615,1.1403,1.14044,1.75,1.19
2016.12.19 17:19:16.889,1.14033,1.14049,1.31,2.44
2016.12.19 17:19:17.041,1.14033,1.1405,2.81,1.19
2016.12.19 17:19:21.021,1.14036,1.14051,1.69,1.31
2016.12.19 17:19:21.124,1.14032,1.14047,2.25,1.19
2016.12.19 17:19:21.227,1.14032,1.14047,1.37,1.31
2016.12.19 17:19:21.278,1.14032,1.14047,1.00,1.69
2016.12.19 17:19:21.994,1.14031,1.14046,1.25,1.69
2016.12.19 17:19:22.248,1.14028,1.14042,1.12,1.69
2016.12.19 17:19:22.349,1.14024,1.1404,1.75,2.44
2016.12.19 17:19:22.451,1.14026,1.1404,1.00,2.44
2016.12.19 17:19:22.617,1.14026,1.14041,1.31,2.00
2016.12.19 17:19:23.219,1.14026,1.14041,1.31,1.62
2016.12.19 17:19:24.987,1.14026,1.14042,2.06,1.69
2016.12.19 17:19:30.160,1.1403,1.14043,1.19,1.75
2016.12.19 17:19:30.261,1.14029,1.14044,2.44,2.00
2016.12.19 17:19:30.312,1.14031,1.14045,1.19,1.75
2016.12.19 17:19:30.363,1.14031,1.14045,1.19,1.37
2016.12.19 17:19:30.414,1.14029,1.14044,1.37,1.31
2016.12.19 17:19:30.974,1.14029,1.14044,1.00,1.94
2016.12.19 17:19:31.492,1.14028,1.14044,1.87,1.94
2016.12.19 17:19:32.220,1.14029,1.14044,1.00,2.44
2016.12.19 17:19:33.355,1.14028,1.14044,1.12,2.44
2016.12.19 17:19:40.982,1.14029,1.14044,1.00,2.44
2016.12.19 17:19:44.724,1.14028,1.14044,1.12,1.94
2016.12.19 17:19:46.096,1.14028,1.14044,1.00,1.69
2016.12.19 17:19:46.414,1.14029,1.14044,2.81,1.00
2016.12.19 17:19:46.924,1.14029,1.14046,2.44,1.69
2016.12.19 17:19:56.677,1.14036,1.14047,1.19,1.75
2016.12.19 17:19:56.795,1.14036,1.1405,2.81,1.87
2016.12.19 17:19:56.897,1.14037,1.14053,1.31,1.94
2016.12.19 17:19:57.255,1.14039,1.14054,1.19,2.00
2016.12.19 17:19:57.305,1.1404,1.14055,1.25,2.44
2016.12.19 17:19:57.810,1.14041,1.14055,1.00,1.94
2016.12.19 17:19:58.013,1.14044,1.14056,1.00,1.00
2016.12.19 17:19:58.316,1.14046,1.14058,1.00,1.19
2016.12.19 17:19:58.811,1.14046,1.14061,2.25,1.19
2016.12.19 17:19:59.442,1.14047,1.14061,1.00,1.19
2016.12.19 17:20:00.125,1.14046,1.14061,1.50,1.19
2016.12.19 17:20:01.112,1.14047,1.14061,1.00,1.19
2016.12.19 17:20:01.924,1.14046,1.1406,1.00,1.54
2016.12.19 17:20:03.887,1.14049,1.14062,1.00,1.62
2016.12.19 17:20:04.039,1.1405,1.14064,1.19,1.00
2016.12.19 17:20:04.342,1.14048,1.14064,1.62,1.69
2016.12.19 17:20:04.393,1.14048,1.14062,1.00,1.19
2016.12.19 17:20:04.915,1.14045,1.14062,2.81,1.56
2016.12.19 17:20:06.336,1.14048,1.14062,1.00,1.56
2016.12.19 17:20:06.845,1.14047,1.14062,1.87,1.56
2016.12.19 17:20:07.511,1.1405,1.14064,1.00,1.75
2016.12.19 17:20:07.714,1.14052,1.14067,1.50,1.19
2016.12.19 17:20:08.205,1.14052,1.14064,1.00,1.25
2016.12.19 17:20:08.257,1.1405,1.14064,1.00,1.25
2016.12.19 17:20:08.307,1.14049,1.14063,1.50,1.19
2016.12.19 17:20:08.517,1.14047,1.14063,1.50,2.44
2016.12.19 17:20:17.051,1.14049,1.14063,1.00,2.44
2016.12.19 17:20:21.675,1.14048,1.14062,1.25,1.12
2016.12.19 17:20:22.222,1.14048,1.14062,1.62,1.12
2016.12.19 17:20:23.003,1.14048,1.14063,2.06,1.50
2016.12.19 17:20:23.864,1.14047,1.14063,2.06,1.50
2016.12.19 17:20:24.534,1.14047,1.14063,2.06,1.50
2016.12.19 17:20:26.182,1.14047,1.14062,2.44,1.50
2016.12.19 17:20:26.978,1.14051,1.14063,1.19,1.75
2016.12.19 17:20:27.029,1.14049,1.14064,1.19,2.00
2016.12.19 17:20:27.080,1.14049,1.14064,1.31,1.62
2016.12.19 17:20:27.283,1.14049,1.14064,1.19,2.00
2016.12.19 17:20:28.857,1.14051,1.14064,1.19,2.10
2016.12.19 17:20:29.022,1.14048,1.14064,1.19,2.10
2016.12.19 17:20:36.651,1.14047,1.14063,1.69,2.44
2016.12.19 17:20:37.171,1.14047,1.1406,1.31,1.50
2016.12.19 17:20:37.591,1.14049,1.14062,1.19,1.75
2016.12.19 17:20:37.743,1.14044,1.14059,2.81,1.31
2016.12.19 17:20:37.795,1.14044,1.14059,2.06,2.00
2016.12.19 17:20:38.587,1.14045,1.14059,1.25,1.31
2016.12.19 17:20:39.092,1.14045,1.14058,1.25,1.00
2016.12.19 17:20:39.643,1.14044,1.14057,1.56,1.00
2016.12.19 17:20:39.694,1.14041,1.14055,1.94,1.00
2016.12.19 17:20:40.199,1.14041,1.14055,1.56,1.12
2016.12.19 17:20:41.903,1.1404,1.14055,1.69,1.50
2016.12.19 17:20:42.206,1.14042,1.14055,1.19,1.50
2016.12.19 17:20:42.996,1.14042,1.14057,1.69,1.25
2016.12.19 17:20:43.097,1.14042,1.14058,2.06,3.19
2016.12.19 17:20:43.198,1.14043,1.14058,1.25,2.44
2016.12.19 17:20:44.814,1.14042,1.14057,2.44,1.69
2016.12.19 17:20:46.174,1.1404,1.14057,2.44,1.69
2016.12.19 17:20:46.703,1.14041,1.14056,1.00,1.31
2016.12.19 17:20:48.639,1.14044,1.14056,1.19,1.12
2016.12.19 17:20:48.791,1.1404,1.14056,2.11,1.12
2016.12.19 17:20:50.670,1.14042,1.14057,1.00,1.69
2016.12.19 17:20:53.714,1.1404,1.14058,2.48,3.19
2016.12.19 17:20:54.686,1.14043,1.14059,1.19,3.19
2016.12.19 17:20:54.847,1.14043,1.14059,1.56,2.81
2016.12.19 17:20:55.997,1.14045,1.14059,1.25,1.37
2016.12.19 17:21:08.450,1.14048,1.14061,1.25,1.75
2016.12.19 17:21:08.552,1.14048,1.14061,1.25,1.50
2016.12.19 17:21:09.429,1.14048,1.14063,1.25,1.50
2016.12.19 17:21:22.038,1.14051,1.14063,1.25,1.00
2016.12.19 17:21:22.190,1.14051,1.14066,1.69,2.25
2016.12.19 17:21:22.241,1.14054,1.14066,1.19,1.00
2016.12.19 17:21:22.494,1.14055,1.14071,1.00,2.44
2016.12.19 17:21:23.975,1.14055,1.14067,1.00,1.00
2016.12.19 17:21:24.178,1.14049,1.14064,1.69,2.44
2016.12.19 17:21:24.708,1.14049,1.14064,2.44,1.69
2016.12.19 17:21:25.281,1.1405,1.14064,1.00,1.25
2016.12.19 17:21:26.690,1.14049,1.14064,2.44,1.25
2016.12.19 17:21:27.248,1.1405,1.14064,1.00,1.25
2016.12.19 17:21:28.152,1.14049,1.14064,2.44,1.69
2016.12.19 17:21:29.301,1.1405,1.14064,1.00,1.25
2016.12.19 17:21:29.829,1.1405,1.14065,1.25,1.00
2016.12.19 17:21:30.132,1.14053,1.14065,1.25,1.50
2016.12.19 17:21:30.233,1.1405,1.14065,1.69,1.00
2016.12.19 17:21:30.634,1.14049,1.14065,1.00,1.50
2016.12.19 17:21:30.686,1.14051,1.14064,1.25,1.00
2016.12.19 17:21:31.199,1.14051,1.14065,1.25,1.00
2016.12.19 17:21:31.557,1.1405,1.14063,1.37,1.25
2016.12.19 17:21:31.710,1.14049,1.14062,1.31,1.00
2016.12.19 17:21:32.443,1.14048,1.14063,1.31,1.37
2016.12.19 17:21:32.963,1.14046,1.14061,1.94,1.00
2016.12.19 17:21:33.489,1.14048,1.14063,1.31,1.37
2016.12.19 17:21:33.591,1.14048,1.14063,1.25,1.87
2016.12.19 17:21:33.693,1.14048,1.14063,1.69,1.87
2016.12.19 17:21:34.240,1.14046,1.14062,2.06,1.69
2016.12.19 17:21:34.392,1.14045,1.1406,1.31,1.25
2016.12.19 17:21:34.494,1.14045,1.1406,1.31,2.44
2016.12.19 17:21:36.403,1.14045,1.1406,1.25,2.44
2016.12.19 17:21:36.913,1.14046,1.1406,1.25,1.00
2016.12.19 17:21:37.268,1.14044,1.1406,1.69,2.25
2016.12.19 17:21:38.470,1.14044,1.14058,1.69,1.00
2016.12.19 17:21:38.940,1.14044,1.1406,1.69,1.50
2016.12.19 17:21:39.511,1.14044,1.14059,1.69,1.00
2016.12.19 17:21:39.805,1.14044,1.14059,1.25,2.25
2016.12.19 17:21:44.397,1.14044,1.14056,1.25,1.00
2016.12.19 17:21:45.813,1.14043,1.14058,2.06,1.69
2016.12.19 17:21:46.353,1.14046,1.14059,1.25,1.75
2016.12.19 17:21:46.455,1.14044,1.14059,2.06,1.75
2016.12.19 17:21:46.506,1.14044,1.14059,2.81,1.12
2016.12.19 17:21:46.742,1.14044,1.14058,1.19,1.37
2016.12.19 17:21:47.097,1.14044,1.1406,1.69,1.69
2016.12.19 17:21:47.313,1.14047,1.1406,1.25,1.00
2016.12.19 17:21:47.415,1.14047,1.14063,2.06,1.12
2016.12.19 17:21:47.516,1.14047,1.14062,1.25,1.19
2016.12.19 17:21:49.051,1.1405,1.14063,1.19,1.00
2016.12.19 17:21:49.204,1.14051,1.14066,1.19,1.31
2016.12.19 17:21:51.724,1.14051,1.14065,1.19,1.00
2016.12.19 17:21:52.449,1.1405,1.14065,1.31,1.69
2016.12.19 17:21:52.804,1.14049,1.14064,1.69,2.00
2016.12.19 17:21:52.906,1.1405,1.14064,1.25,1.62
2016.12.19 17:21:53.318,1.1405,1.14067,2.44,1.62
2016.12.19 17:21:54.226,1.1405,1.14065,2.44,1.00
2016.12.19 17:21:54.656,1.14049,1.14063,2.05,1.00
2016.12.19 17:21:54.909,1.14046,1.1406,1.31,1.00
2016.12.19 17:21:55.676,1.14046,1.14063,2.06,2.44
2016.12.19 17:21:56.602,1.14046,1.14061,1.31,1.00
2016.12.19 17:21:56.704,1.14049,1.14062,1.19,1.12
2016.12.19 17:21:57.217,1.1405,1.14065,1.05,1.62
2016.12.19 17:21:57.824,1.14051,1.14066,1.00,2.44
2016.12.19 17:21:58.669,1.14053,1.14066,1.00,1.69
2016.12.19 17:21:58.836,1.14053,1.14068,1.12,1.00
2016.12.19 17:21:59.628,1.14052,1.14067,1.69,1.00
2016.12.19 17:22:00.278,1.14053,1.14068,1.12,1.00
2016.12.19 17:22:01.306,1.14053,1.1407,2.10,3.19
2016.12.19 17:22:01.745,1.14054,1.1407,1.54,2.25
2016.12.19 17:22:02.048,1.14054,1.14067,1.49,1.00
2016.12.19 17:22:02.533,1.14054,1.14069,1.49,1.12
2016.12.19 17:22:05.465,1.14054,1.1407,1.91,1.87
2016.12.19 17:22:05.668,1.14054,1.1407,1.69,3.00
2016.12.19 17:22:06.174,1.14054,1.1407,1.19,1.12
2016.12.19 17:22:07.631,1.14054,1.14069,1.69,1.00
2016.12.19 17:22:07.935,1.14053,1.14068,1.19,3.37
2016.12.19 17:22:10.483,1.14052,1.14067,1.00,1.31
2016.12.19 17:22:10.643,1.14054,1.14066,1.50,1.25
2016.12.19 17:22:10.946,1.14049,1.14062,1.94,1.00
2016.12.19 17:22:11.048,1.14049,1.14061,1.19,1.00
2016.12.19 17:22:11.370,1.14052,1.14064,1.19,1.50
2016.12.19 17:22:11.472,1.1405,1.14064,1.12,1.69
2016.12.19 17:22:11.624,1.14045,1.1406,1.75,2.44
2016.12.19 17:22:11.695,1.14048,1.14059,1.00,1.00
2016.12.19 17:22:11.746,1.14042,1.14059,1.19,1.50
2016.12.19 17:22:12.173,1.14043,1.14056,1.00,1.00
2016.12.19 17:22:12.376,1.14038,1.14054,1.91,1.00
2016.12.19 17:22:12.648,1.14043,1.14054,1.19,1.00
2016.12.19 17:22:12.952,1.14045,1.14061,1.16,2.44
2016.12.19 17:22:13.054,1.14046,1.1406,1.72,1.00
2016.12.19 17:22:13.592,1.14046,1.14062,2.66,1.25
2016.12.19 17:22:18.691,1.14047,1.14062,1.00,1.25
2016.12.19 17:22:18.792,1.14046,1.14061,2.81,1.19
2016.12.19 17:22:19.202,1.14048,1.14064,1.69,2.44
2016.12.19 17:22:19.303,1.14046,1.14062,1.50,1.31
2016.12.19 17:22:19.354,1.14046,1.14062,1.87,1.19
2016.12.19 17:22:19.467,1.14046,1.14062,2.25,1.31
2016.12.19 17:22:19.952,1.14044,1.14058,1.75,1.19
2016.12.19 17:22:20.155,1.14044,1.14058,1.00,1.19
2016.12.19 17:22:20.903,1.14044,1.14061,2.44,1.50
2016.12.19 17:22:24.907,1.14044,1.14061,2.44,2.44
2016.12.19 17:22:25.780,1.14044,1.14058,1.50,1.19
2016.12.19 17:22:26.285,1.14041,1.14058,2.81,2.44
2016.12.19 17:22:30.907,1.14044,1.1406,1.00,2.44
2016.12.19 17:22:32.282,1.14044,1.1406,1.12,1.94
2016.12.19 17:22:34.138,1.14045,1.1406,1.00,2.44
2016.12.19 17:22:36.781,1.14049,1.14062,1.00,2.44
2016.12.19 17:22:37.085,1.14047,1.1406,1.00,2.44
2016.12.19 17:22:37.237,1.1405,1.1406,1.00,1.94
2016.12.19 17:22:37.490,1.14052,1.14061,1.00,1.00
2016.12.19 17:22:37.541,1.1405,1.14061,1.00,1.00
2016.12.19 17:22:38.304,1.14051,1.14061,1.00,1.00
2016.12.19 17:22:38.355,1.14051,1.14062,1.00,1.75
2016.12.19 17:22:38.703,1.14054,1.14059,1.00,1.00
2016.12.19 17:22:38.853,1.14052,1.14066,1.00,1.75
2016.12.19 17:22:38.905,1.1405,1.14066,1.69,1.75
2016.12.19 17:22:39.727,1.14052,1.14067,1.00,2.44
2016.12.19 17:22:42.989,1.14051,1.14063,1.00,1.12
2016.12.19 17:22:43.040,1.14049,1.14063,1.12,2.06
2016.12.19 17:22:43.142,1.14048,1.14063,1.12,3.19
2016.12.19 17:22:44.018,1.1405,1.14061,1.00,1.12
2016.12.19 17:22:44.171,1.14046,1.1406,1.50,1.19
2016.12.19 17:22:44.222,1.14046,1.14057,1.12,1.62
2016.12.19 17:22:44.273,1.14044,1.14057,1.00,1.69
2016.12.19 17:22:44.375,1.14042,1.14058,1.50,2.00
2016.12.19 17:22:44.628,1.14044,1.14058,1.00,2.06
2016.12.19 17:22:44.832,1.14042,1.14058,1.50,2.06
2016.12.19 17:22:44.883,1.14046,1.14058,1.00,1.12
2016.12.19 17:22:44.934,1.14044,1.14058,1.00,2.06
2016.12.19 17:22:45.056,1.14042,1.14055,1.50,1.31
2016.12.19 17:22:46.134,1.14052,1.14058,1.00,1.87
2016.12.19 17:22:46.286,1.14053,1.14063,1.00,1.94
2016.12.19 17:22:46.388,1.14053,1.14063,1.00,1.19
2016.12.19 17:22:47.162,1.14052,1.14063,1.00,1.19
2016.12.19 17:22:47.365,1.1405,1.14063,1.00,1.19
2016.12.19 17:22:47.619,1.14048,1.14061,1.00,1.25
2016.12.19 17:22:47.670,1.14049,1.1406,1.00,1.19
2016.12.19 17:22:48.176,1.14047,1.14058,1.00,1.25
2016.12.19 17:22:49.163,1.14048,1.14058,1.00,1.25
2016.12.19 17:22:50.598,1.14048,1.14063,1.00,3.61
2016.12.19 17:22:50.967,1.1405,1.14063,1.19,1.55
2016.12.19 17:22:51.018,1.14048,1.14063,1.00,2.48
2016.12.19 17:22:51.848,1.14048,1.14063,1.37,2.11
2016.12.19 17:22:52.883,1.14052,1.14065,1.00,1.55
2016.12.19 17:22:52.985,1.1405,1.14067,2.25,2.86
2016.12.19 17:22:53.086,1.1405,1.14064,1.50,1.19
2016.12.19 17:22:53.419,1.14048,1.14062,1.75,1.69
2016.12.19 17:22:53.470,1.14047,1.14061,1.75,1.69
2016.12.19 17:22:53.521,1.14047,1.14059,1.75,1.19
2016.12.19 17:22:53.572,1.14043,1.1406,2.85,1.62
2016.12.19 17:22:53.650,1.14043,1.14058,1.50,1.19
2016.12.19 17:22:53.956,1.14043,1.14055,1.00,1.00
2016.12.19 17:22:54.269,1.14044,1.14059,1.12,1.31
2016.12.19 17:22:54.626,1.14043,1.14057,1.37,1.25
2016.12.19 17:22:55.286,1.14043,1.14058,1.37,1.00
2016.12.19 17:22:55.338,1.14046,1.14058,1.00,1.12
2016.12.19 17:22:55.541,1.14044,1.14059,1.50,1.56
2016.12.19 17:22:55.642,1.14043,1.14057,1.37,1.19
2016.12.19 17:22:56.432,1.14043,1.14058,1.87,1.31
2016.12.19 17:22:56.656,1.14045,1.14058,1.50,1.00
2016.12.19 17:22:57.165,1.14046,1.14059,1.37,1.31
2016.12.19 17:22:57.682,1.14044,1.14054,1.31,1.00
2016.12.19 17:22:57.784,1.14042,1.14054,1.12,1.25
2016.12.19 17:22:57.885,1.1404,1.14054,1.00,1.69
2016.12.19 17:22:58.574,1.14045,1.14058,1.50,1.37
2016.12.19 17:22:58.625,1.14045,1.1406,1.50,1.75
2016.12.19 17:22:58.676,1.14047,1.14061,1.00,3.19
2016.12.19 17:22:59.225,1.14044,1.14061,3.19,1.69
2016.12.19 17:22:59.528,1.14045,1.14059,1.50,1.19
2016.12.19 17:22:59.680,1.14044,1.14059,1.00,1.69
2016.12.19 17:23:00.423,1.14043,1.14059,1.00,3.19
2016.12.19 17:23:01.017,1.14044,1.14059,1.00,3.19
2016.12.19 17:23:01.847,1.14043,1.14058,1.25,1.12
2016.12.19 17:23:02.050,1.1404,1.14053,2.44,1.00
2016.12.19 17:23:02.364,1.14044,1.14053,1.00,1.00
2016.12.19 17:23:02.668,1.14044,1.14057,1.00,1.00
2016.12.19 17:23:02.937,1.14041,1.14057,1.50,2.06
2016.12.19 17:23:02.988,1.14041,1.14054,1.00,1.69
2016.12.19 17:23:03.190,1.14034,1.1405,1.87,1.56
2016.12.19 17:23:03.720,1.14034,1.14048,1.87,1.25
2016.12.19 17:23:06.332,1.14034,1.14047,1.37,1.25
2016.12.19 17:23:06.384,1.14034,1.14046,1.37,1.19
2016.12.19 17:23:06.435,1.14037,1.14051,1.00,2.06
2016.12.19 17:23:06.618,1.14035,1.14048,1.12,1.00
2016.12.19 17:23:07.128,1.14035,1.14049,1.12,1.50
2016.12.19 17:23:08.942,1.14035,1.14049,1.50,1.50
2016.12.19 17:23:09.518,1.14039,1.14051,1.00,1.37
2016.12.19 17:23:09.655,1.14038,1.14053,1.00,1.62
2016.12.19 17:23:09.757,1.14037,1.14054,2.66,2.44
2016.12.19 17:23:09.808,1.14039,1.14054,1.37,1.69
2016.12.19 17:23:10.317,1.14039,1.14054,1.00,1.25
2016.12.19 17:23:10.534,1.14039,1.14053,1.00,1.19
2016.12.19 17:23:11.559,1.14039,1.14051,1.00,1.25
2016.12.19 17:23:12.078,1.14037,1.14053,2.44,1.56
2016.12.19 17:23:12.386,1.14038,1.14053,2.06,1.56
2016.12.19 17:23:12.437,1.14037,1.14053,2.44,1.56
2016.12.19 17:23:13.506,1.14038,1.14052,1.87,1.25
2016.12.19 17:23:15.018,1.14039,1.14055,1.69,1.62
2016.12.19 17:23:15.554,1.14039,1.14053,1.69,1.00
2016.12.19 17:23:16.070,1.1404,1.14053,1.00,1.69
2016.12.19 17:23:16.425,1.14037,1.14051,1.50,1.19
2016.12.19 17:23:16.946,1.14035,1.14051,1.87,1.69
2016.12.19 17:23:17.582,1.14037,1.14051,1.50,1.19
2016.12.19 17:23:21.342,1.14038,1.14052,1.31,1.00
2016.12.19 17:23:21.494,1.1404,1.14055,1.00,2.81
2016.12.19 17:23:21.655,1.1404,1.14055,1.12,2.06
2016.12.19 17:23:22.225,1.14041,1.14055,1.25,1.25
2016.12.19 17:23:22.276,1.14043,1.14057,1.00,2.44
2016.12.19 17:23:23.020,1.14043,1.14057,1.00,2.44
2016.12.19 17:23:23.545,1.14042,1.14057,1.00,2.44
2016.12.19 17:23:25.134,1.14043,1.14057,1.00,1.69
2016.12.19 17:23:25.236,1.14044,1.14058,1.69,1.00
2016.12.19 17:23:25.338,1.14044,1.14059,2.44,1.69
2016.12.19 17:23:25.857,1.14044,1.14058,1.75,1.25
2016.12.19 17:23:26.143,1.14044,1.14058,1.12,1.31
2016.12.19 17:23:28.767,1.14044,1.14058,1.87,2.06
2016.12.19 17:23:29.281,1.14044,1.14058,1.50,2.06
2016.12.19 17:23:29.806,1.14044,1.14058,1.87,1.31
2016.12.19 17:23:30.740,1.14044,1.14058,1.87,1.31
2016.12.19 17:23:31.936,1.14047,1.1406,1.12,1.31
2016.12.19 17:23:32.240,1.14045,1.14061,2.29,3.94
2016.12.19 17:23:35.384,1.14044,1.14058,1.50,1.69
2016.12.19 17:23:35.435,1.14043,1.14058,1.31,1.69
2016.12.19 17:23:35.859,1.14043,1.14058,1.31,2.44
2016.12.19 17:23:36.382,1.14043,1.14058,1.62,3.19
2016.12.19 17:23:36.977,1.14043,1.14057,1.25,1.25
2016.12.19 17:23:37.760,1.14045,1.14058,1.00,1.69
2016.12.19 17:23:37.825,1.14043,1.14058,1.31,1.69
2016.12.19 17:23:38.158,1.14044,1.14059,2.06,2.44
2016.12.19 17:23:38.679,1.14044,1.14059,1.62,2.06
2016.12.19 17:23:39.199,1.14044,1.14058,1.62,1.00
2016.12.19 17:23:39.816,1.14044,1.14059,1.62,1.31
2016.12.19 17:23:40.837,1.14048,1.14062,1.00,2.44
2016.12.19 17:23:41.161,1.14049,1.14064,2.06,1.31
2016.12.19 17:23:41.972,1.14051,1.14064,1.00,1.19
2016.12.19 17:23:42.477,1.1405,1.14064,1.00,1.25
2016.12.19 17:23:42.781,1.14047,1.14063,3.37,2.06
2016.12.19 17:23:43.286,1.14047,1.14061,1.87,1.00
2016.12.19 17:23:44.079,1.14047,1.14061,1.87,1.00
2016.12.19 17:23:45.079,1.14047,1.14061,1.87,1.00
2016.12.19 17:23:49.283,1.14047,1.14062,2.62,1.00
2016.12.19 17:23:50.273,1.14049,1.14063,1.87,2.06
2016.12.19 17:23:50.527,1.14049,1.14065,1.50,1.12
2016.12.19 17:23:51.057,1.14049,1.14064,1.00,1.25
2016.12.19 17:23:53.470,1.1405,1.14064,1.00,1.25
2016.12.19 17:23:54.006,1.1405,1.14067,1.50,3.94
2016.12.19 17:23:55.304,1.14049,1.14065,1.50,1.12
2016.12.19 17:23:55.355,1.14049,1.14063,1.50,1.25
2016.12.19 17:23:55.660,1.14048,1.14061,1.37,1.19
2016.12.19 17:23:55.812,1.14046,1.14061,2.25,1.19
2016.12.19 17:23:56.997,1.14046,1.14059,1.00,1.19
2016.12.19 17:23:57.533,1.14043,1.14057,1.12,1.25
2016.12.19 17:23:57.635,1.14042,1.14057,2.06,1.69
2016.12.19 17:23:58.039,1.14044,1.14057,1.00,1.69
2016.12.19 17:23:58.191,1.14042,1.14057,2.06,1.69
2016.12.19 17:24:00.291,1.14044,1.14057,1.00,1.69
2016.12.19 17:24:01.960,1.14046,1.14057,1.00,1.69
2016.12.19 17:24:02.213,1.14041,1.14058,1.69,3.19
2016.12.19 17:24:02.314,1.14041,1.14054,1.25,1.00
2016.12.19 17:24:04.121,1.14042,1.14054,1.00,1.00
2016.12.19 17:24:04.829,1.14045,1.14054,1.00,1.00
2016.12.19 17:24:04.987,1.14045,1.14058,1.00,1.69
2016.12.19 17:24:05.539,1.14046,1.14058,1.00,1.31
2016.12.19 17:24:08.483,1.14044,1.14057,1.12,1.25
2016.12.19 17:24:08.837,1.14044,1.14057,1.00,2.00
2016.12.19 17:24:09.495,1.14043,1.14057,1.00,2.00
2016.12.19 17:24:10.467,1.14042,1.14056,1.00,1.69
2016.12.19 17:24:11.208,1.14041,1.14056,1.31,1.69
2016.12.19 17:24:11.514,1.14041,1.14052,1.00,1.25
2016.12.19 17:24:11.717,1.14037,1.14051,1.87,1.25
2016.12.19 17:24:12.045,1.14037,1.14054,3.37,1.31
2016.12.19 17:24:19.953,1.14039,1.14054,1.50,2.06
2016.12.19 17:24:20.471,1.14039,1.14053,1.00,1.25
2016.12.19 17:24:21.958,1.1404,1.14053,1.00,1.00
2016.12.19 17:24:22.161,1.14041,1.14056,1.25,1.50
2016.12.19 17:24:22.212,1.14043,1.14058,1.00,1.94
2016.12.19 17:24:22.364,1.14043,1.1406,1.62,3.56
2016.12.19 17:24:28.166,1.14044,1.14058,1.12,1.31
2016.12.19 17:24:28.702,1.14044,1.14058,1.00,1.94
2016.12.19 17:24:29.207,1.14043,1.14058,1.25,1.94
2016.12.19 17:24:29.563,1.14042,1.14055,1.00,2.00
2016.12.19 17:24:29.951,1.14042,1.14056,1.00,1.94
2016.12.19 17:24:30.481,1.14041,1.14056,1.00,2.44
2016.12.19 17:24:31.222,1.1404,1.14055,1.31,1.62
2016.12.19 17:24:31.375,1.1404,1.14055,1.25,2.00
2016.12.19 17:24:31.476,1.1404,1.14054,1.25,1.00
2016.12.19 17:24:32.036,1.1404,1.14054,1.69,1.00
2016.12.19 17:24:35.900,1.14041,1.14056,1.19,1.75
2016.12.19 17:24:36.080,1.14039,1.14055,1.50,1.69
2016.12.19 17:24:36.181,1.14038,1.14053,1.25,2.25
2016.12.19 17:24:36.233,1.14038,1.14052,1.00,1.19
2016.12.19 17:24:36.536,1.14038,1.14046,1.00,1.19
2016.12.19 17:24:36.855,1.14038,1.14053,1.00,3.19
2016.12.19 17:24:37.007,1.14038,1.14046,1.00,1.19
2016.12.19 17:24:37.402,1.14039,1.14053,1.00,2.00
2016.12.19 17:24:37.453,1.14039,1.14051,1.00,1.00
2016.12.19 17:24:40.207,1.14038,1.14055,1.00,2.00
2016.12.19 17:24:40.752,1.14039,1.14056,1.25,3.00
2016.12.19 17:24:41.257,1.1404,1.14054,1.00,1.00
2016.12.19 17:24:42.807,1.14042,1.14054,1.00,1.00
2016.12.19 17:24:43.262,1.1404,1.14054,2.06,1.00
2016.12.19 17:24:43.364,1.14042,1.14059,1.25,3.19
2016.12.19 17:24:43.415,1.14042,1.14059,1.25,3.19
2016.12.19 17:24:43.466,1.14042,1.14059,1.69,3.19
2016.12.19 17:24:44.636,1.14042,1.14057,1.69,1.00
2016.12.19 17:24:45.272,1.14042,1.14059,1.69,1.69
2016.12.19 17:24:46.159,1.14042,1.14059,1.31,1.69
2016.12.19 17:24:47.123,1.14043,1.14057,1.00,1.00
2016.12.19 17:24:52.813,1.14043,1.14055,1.00,1.25
2016.12.19 17:24:52.915,1.14041,1.14056,1.00,2.44
2016.12.19 17:24:53.016,1.14039,1.14054,1.12,1.69
2016.12.19 17:24:53.592,1.14039,1.14054,1.00,3.19
2016.12.19 17:24:54.124,1.14038,1.14053,1.00,1.62
2016.12.19 17:24:57.208,1.14037,1.14052,1.12,1.12
2016.12.19 17:25:02.117,1.14039,1.14054,1.00,2.44
