2010.02.18 11:00:00.059,0.84175,0.842,9.30,2.70
2010.02.18 11:00:00.419,0.84175,0.84195,6.70,2.50
2010.02.18 11:00:01.285,0.84175,0.84195,4.70,4.10
2010.02.18 11:00:01.446,0.84175,0.842,5.30,6.70
2010.02.18 11:00:01.599,0.84175,0.842,9.30,2.70
2010.02.18 11:00:02.271,0.84175,0.842,5.90,5.50
2010.02.18 11:00:02.632,0.84175,0.84195,1.90,1.60
2010.02.18 11:00:02.999,0.8418,0.842,1.00,2.70
2010.02.18 11:00:04.135,0.8418,0.842,2.90,2.50
2010.02.18 11:00:04.460,0.8418,0.842,2.70,2.70
2010.02.18 11:00:05.182,0.8418,0.842,1.10,2.70
2010.02.18 11:00:05.438,0.8418,0.842,1.00,2.70
2010.02.18 11:00:05.694,0.84175,0.842,5.30,2.70
2010.02.18 11:00:06.652,0.84175,0.842,5.30,3.90
2010.02.18 11:00:06.906,0.84175,0.842,5.30,5.50
2010.02.18 11:00:07.440,0.84175,0.842,5.50,5.50
2010.02.18 11:00:08.290,0.8417,0.84185,6.50,1.00
2010.02.18 11:00:08.896,0.8417,0.8419,2.50,12.70
2010.02.18 11:00:09.214,0.8416,0.84185,5.50,3.70
2010.02.18 11:00:10.392,0.84165,0.84185,1.00,3.70
2010.02.18 11:00:11.210,0.8417,0.84185,1.00,3.70
2010.02.18 11:00:11.779,0.8417,0.8419,2.70,3.70
2010.02.18 11:00:12.549,0.8417,0.8419,1.00,3.70
2010.02.18 11:00:13.296,0.84155,0.84175,2.50,7.90
2010.02.18 11:00:13.637,0.8415,0.8417,3.30,2.50
2010.02.18 11:00:14.188,0.8415,0.8417,2.70,5.30
2010.02.18 11:00:14.560,0.8415,0.84165,2.50,1.10
2010.02.18 11:00:15.471,0.8414,0.84165,14.30,2.70
2010.02.18 11:00:16.384,0.8414,0.8416,6.30,2.50
2010.02.18 11:00:16.758,0.84145,0.84165,1.00,7.50
2010.02.18 11:00:17.585,0.84145,0.8417,5.30,3.30
2010.02.18 11:00:17.918,0.84145,0.8417,6.10,2.50
2010.02.18 11:00:18.466,0.8415,0.8417,4.10,2.50
2010.02.18 11:00:18.830,0.8415,0.8417,4.30,2.50
2010.02.18 11:00:20.348,0.8415,0.8417,6.30,2.50
2010.02.18 11:00:25.690,0.8414,0.8416,4.50,2.50
2010.02.18 11:00:26.542,0.8414,0.8416,1.00,2.50
2010.02.18 11:00:31.461,0.8414,0.84165,1.00,7.10
2010.02.18 11:00:33.860,0.8414,0.8416,1.00,2.50
2010.02.18 11:00:33.932,0.8414,0.8416,1.00,2.60
2010.02.18 11:00:34.082,0.8414,0.8416,1.00,2.70
2010.02.18 11:00:36.482,0.8414,0.8416,1.00,2.50
2010.02.18 11:00:37.308,0.8414,0.84155,1.00,3.70
2010.02.18 11:00:37.606,0.8413,0.8415,4.00,2.50
2010.02.18 11:00:38.405,0.84125,0.84145,2.70,2.50
2010.02.18 11:00:38.773,0.84125,0.84145,1.90,2.50
2010.02.18 11:00:39.480,0.8412,0.84145,14.30,2.50
2010.02.18 11:00:39.733,0.8412,0.84145,9.50,2.50
2010.02.18 11:00:43.412,0.84125,0.84145,1.90,2.50
2010.02.18 11:00:46.157,0.84125,0.84145,4.50,2.50
2010.02.18 11:00:46.413,0.84125,0.84145,15.10,2.50
2010.02.18 11:00:46.998,0.8413,0.8415,4.10,2.70
2010.02.18 11:00:47.241,0.84135,0.84155,4.50,4.30
2010.02.18 11:00:48.056,0.8413,0.8415,10.30,2.50
2010.02.18 11:00:48.416,0.8413,0.8415,6.30,2.50
2010.02.18 11:00:50.012,0.8413,0.8415,4.70,2.50
2010.02.18 11:00:50.380,0.84135,0.84155,2.70,5.30
2010.02.18 11:00:51.105,0.84135,0.84155,3.10,2.50
2010.02.18 11:00:54.309,0.84135,0.84155,2.90,4.30
2010.02.18 11:00:56.568,0.84135,0.84155,3.10,2.50
2010.02.18 11:00:58.849,0.84135,0.84155,2.70,4.10
2010.02.18 11:00:59.577,0.84135,0.84155,2.70,2.50
2010.02.18 11:01:02.894,0.84135,0.84155,2.70,4.10
2010.02.18 11:01:05.001,0.84135,0.84155,2.70,6.90
2010.02.18 11:01:07.327,0.84135,0.84155,2.50,7.10
2010.02.18 11:01:08.206,0.84125,0.8415,5.50,5.30
2010.02.18 11:01:08.935,0.84125,0.8415,11.50,5.30
2010.02.18 11:01:09.294,0.84125,0.8415,7.50,5.30
2010.02.18 11:01:10.551,0.84125,0.8415,11.50,2.80
2010.02.18 11:01:10.780,0.8413,0.84145,2.50,1.60
2010.02.18 11:01:11.006,0.84125,0.84145,9.50,1.60
2010.02.18 11:01:11.553,0.84125,0.8415,9.50,2.50
2010.02.18 11:01:11.822,0.84125,0.8415,5.50,2.50
2010.02.18 11:01:12.088,0.84125,0.8415,5.50,5.30
2010.02.18 11:01:13.692,0.84125,0.84145,3.50,1.60
2010.02.18 11:01:17.012,0.84125,0.84145,3.50,4.10
2010.02.18 11:01:17.135,0.84125,0.84145,2.70,4.10
2010.02.18 11:01:20.202,0.84125,0.84145,2.70,2.50
2010.02.18 11:01:20.429,0.84125,0.84145,2.70,4.10
2010.02.18 11:01:21.117,0.84125,0.8414,1.00,2.50
2010.02.18 11:01:21.471,0.8412,0.8414,1.00,2.50
2010.02.18 11:01:22.400,0.84125,0.8414,1.00,2.50
2010.02.18 11:01:22.734,0.8412,0.84145,9.30,4.10
2010.02.18 11:01:23.508,0.84125,0.84145,2.10,2.50
2010.02.18 11:01:24.397,0.84125,0.84145,1.90,2.50
2010.02.18 11:01:26.166,0.84125,0.84145,2.10,3.50
2010.02.18 11:01:26.414,0.84125,0.8414,1.00,2.50
2010.02.18 11:01:27.043,0.84125,0.84145,1.00,5.10
2010.02.18 11:01:27.287,0.8412,0.8414,1.10,2.50
2010.02.18 11:01:28.109,0.8413,0.84145,1.00,1.60
2010.02.18 11:01:28.479,0.84125,0.8415,13.50,2.50
2010.02.18 11:01:29.957,0.8413,0.8415,1.00,2.50
2010.02.18 11:01:32.191,0.8413,0.8415,1.00,2.70
2010.02.18 11:01:34.726,0.8413,0.84145,1.00,1.60
2010.02.18 11:01:40.228,0.8413,0.84145,1.00,4.10
2010.02.18 11:01:40.575,0.84125,0.84145,13.30,1.60
2010.02.18 11:01:42.334,0.84125,0.84145,10.70,4.10
2010.02.18 11:01:43.028,0.84125,0.84145,6.70,4.10
2010.02.18 11:01:43.385,0.84125,0.84145,6.90,4.10
2010.02.18 11:01:43.752,0.84125,0.8415,13.50,2.70
2010.02.18 11:01:48.421,0.8413,0.8415,1.00,2.70
2010.02.18 11:01:49.862,0.8413,0.8415,1.00,2.50
2010.02.18 11:01:50.033,0.8413,0.84145,1.00,2.50
2010.02.18 11:01:51.724,0.8413,0.8415,1.00,2.50
2010.02.18 11:01:53.881,0.8413,0.84145,1.00,1.60
2010.02.18 11:01:55.222,0.8413,0.84145,1.00,4.10
2010.02.18 11:01:56.189,0.84125,0.8414,1.90,2.50
2010.02.18 11:02:00.887,0.84125,0.8414,1.00,2.50
2010.02.18 11:02:01.168,0.84125,0.8414,1.90,2.50
2010.02.18 11:02:03.144,0.84125,0.8414,1.00,2.50
2010.02.18 11:02:07.218,0.84125,0.8414,1.10,2.50
2010.02.18 11:02:07.934,0.84125,0.8414,1.90,2.50
2010.02.18 11:02:08.425,0.84125,0.8414,2.10,2.50
2010.02.18 11:02:12.199,0.84125,0.8414,2.00,2.50
2010.02.18 11:02:12.434,0.84125,0.8414,2.10,2.50
2010.02.18 11:02:13.402,0.84125,0.84145,4.70,4.10
2010.02.18 11:02:13.968,0.84125,0.84145,4.50,4.30
2010.02.18 11:02:14.938,0.84125,0.84145,4.50,4.10
2010.02.18 11:02:15.915,0.84125,0.84145,4.50,4.30
2010.02.18 11:02:16.281,0.84125,0.84145,4.50,4.10
2010.02.18 11:02:17.049,0.84125,0.84145,4.50,4.20
2010.02.18 11:02:17.204,0.84125,0.84145,4.70,4.10
2010.02.18 11:02:17.364,0.84125,0.84145,4.50,4.30
2010.02.18 11:02:17.853,0.84135,0.8415,5.10,1.00
2010.02.18 11:02:18.527,0.84135,0.84155,2.50,8.20
2010.02.18 11:02:18.754,0.84135,0.84155,4.50,4.30
2010.02.18 11:02:22.194,0.8414,0.84155,1.90,4.10
2010.02.18 11:02:22.386,0.8414,0.84155,1.90,2.50
2010.02.18 11:02:22.579,0.8414,0.84155,2.70,2.50
2010.02.18 11:02:22.764,0.8414,0.84155,3.50,2.50
2010.02.18 11:02:23.988,0.8414,0.84155,4.30,2.50
2010.02.18 11:02:24.199,0.8414,0.84155,3.50,2.50
2010.02.18 11:02:24.817,0.8414,0.84155,4.30,2.50
2010.02.18 11:02:27.873,0.8414,0.84155,4.30,4.10
2010.02.18 11:02:31.202,0.8414,0.84155,2.70,2.50
2010.02.18 11:02:31.397,0.8414,0.8416,5.30,3.60
2010.02.18 11:02:32.041,0.8414,0.84155,1.00,3.50
2010.02.18 11:02:32.227,0.84135,0.84155,1.10,2.50
2010.02.18 11:02:32.578,0.84135,0.84155,2.70,2.50
2010.02.18 11:02:33.777,0.84135,0.8415,1.00,2.50
2010.02.18 11:02:34.941,0.84135,0.8415,1.10,2.50
2010.02.18 11:02:38.012,0.84135,0.8415,2.70,2.50
2010.02.18 11:02:38.176,0.84135,0.84155,5.30,4.10
2010.02.18 11:02:38.681,0.84135,0.84155,5.30,4.30
2010.02.18 11:02:38.902,0.84135,0.84155,5.50,2.50
2010.02.18 11:02:40.619,0.84135,0.84155,9.50,2.50
2010.02.18 11:02:40.991,0.8414,0.8416,5.50,2.50
2010.02.18 11:02:43.808,0.8414,0.8416,4.70,2.50
2010.02.18 11:02:44.453,0.8414,0.8416,5.50,2.50
2010.02.18 11:02:50.669,0.8414,0.84155,2.90,2.50
2010.02.18 11:02:51.390,0.8414,0.84155,2.70,2.50
2010.02.18 11:02:55.788,0.8414,0.8416,5.50,2.50
2010.02.18 11:03:00.437,0.8414,0.8416,7.10,2.50
2010.02.18 11:03:01.538,0.84145,0.84165,1.00,4.10
2010.02.18 11:03:09.328,0.84145,0.84165,1.10,4.10
2010.02.18 11:03:10.045,0.84145,0.84165,1.00,4.10
2010.02.18 11:03:15.877,0.84145,0.84155,1.00,2.50
2010.02.18 11:03:17.383,0.84145,0.84165,2.90,5.20
2010.02.18 11:03:18.080,0.84145,0.8416,1.00,2.50
2010.02.18 11:03:28.592,0.8414,0.8416,5.50,2.50
2010.02.18 11:03:28.914,0.84135,0.8415,9.90,2.50
2010.02.18 11:03:29.572,0.84135,0.84155,2.70,1.00
2010.02.18 11:03:29.814,0.84135,0.8416,2.70,2.70
2010.02.18 11:03:31.619,0.84135,0.8416,2.70,4.30
2010.02.18 11:03:31.767,0.84135,0.84155,4.70,4.10
2010.02.18 11:03:32.537,0.84135,0.84155,6.30,2.50
2010.02.18 11:03:32.685,0.8414,0.8416,1.90,3.60
2010.02.18 11:03:34.602,0.8414,0.84155,1.90,2.50
2010.02.18 11:03:38.117,0.8414,0.8416,4.50,3.60
2010.02.18 11:03:39.055,0.84165,0.8417,4.10,1.00
2010.02.18 11:03:39.395,0.84165,0.84205,7.10,2.50
2010.02.18 11:03:39.996,0.84175,0.8421,4.90,5.10
2010.02.18 11:03:40.358,0.8418,0.84205,1.00,2.70
2010.02.18 11:03:40.716,0.84175,0.84195,3.50,2.70
2010.02.18 11:03:41.244,0.8417,0.84195,2.70,8.30
2010.02.18 11:03:41.499,0.8417,0.84195,2.90,8.10
2010.02.18 11:03:41.722,0.8417,0.84195,2.90,6.50
2010.02.18 11:03:42.735,0.8417,0.84185,1.00,2.50
2010.02.18 11:03:43.064,0.8416,0.84185,8.50,2.70
2010.02.18 11:03:43.844,0.8416,0.84185,4.50,6.30
2010.02.18 11:03:44.301,0.8416,0.84185,4.50,5.50
2010.02.18 11:03:54.160,0.84155,0.8418,16.60,2.50
2010.02.18 11:03:54.344,0.8416,0.84185,4.50,5.90
2010.02.18 11:03:56.417,0.84165,0.84185,6.10,1.60
2010.02.18 11:03:56.786,0.84165,0.84195,15.10,7.10
2010.02.18 11:03:58.570,0.84165,0.8419,14.30,1.60
2010.02.18 11:03:58.755,0.84165,0.84185,10.30,2.50
2010.02.18 11:03:58.924,0.84165,0.8419,6.30,5.20
2010.02.18 11:04:00.544,0.84165,0.84195,6.30,16.30
2010.02.18 11:04:01.369,0.84165,0.84195,14.30,8.30
2010.02.18 11:04:02.091,0.84165,0.84195,14.30,9.10
2010.02.18 11:04:03.659,0.84165,0.84195,6.30,17.10
2010.02.18 11:04:04.507,0.84165,0.8419,14.30,2.50
2010.02.18 11:04:04.668,0.84165,0.84185,6.30,2.50
2010.02.18 11:04:05.829,0.84175,0.84195,2.50,5.50
2010.02.18 11:04:06.166,0.8417,0.84195,2.70,5.50
2010.02.18 11:04:06.697,0.8417,0.84195,1.90,5.50
2010.02.18 11:04:07.050,0.8417,0.84195,1.90,6.30
2010.02.18 11:04:07.414,0.8417,0.84185,1.90,2.50
2010.02.18 11:04:07.625,0.84165,0.84185,6.30,2.50
2010.02.18 11:04:08.462,0.84165,0.84185,4.70,2.50
2010.02.18 11:04:09.825,0.8417,0.84185,1.70,2.50
2010.02.18 11:04:09.879,0.8417,0.84185,1.60,2.50
2010.02.18 11:04:09.928,0.8417,0.84185,4.00,2.50
2010.02.18 11:04:10.479,0.8417,0.84185,4.80,2.50
2010.02.18 11:04:10.538,0.84165,0.84185,6.30,2.50
2010.02.18 11:04:10.911,0.8417,0.84185,1.90,2.50
2010.02.18 11:04:14.833,0.8417,0.84185,1.60,2.50
2010.02.18 11:04:15.039,0.84165,0.84185,6.30,2.50
2010.02.18 11:04:20.642,0.84165,0.84185,1.90,2.70
2010.02.18 11:04:22.211,0.8416,0.84185,4.50,2.70
2010.02.18 11:04:22.512,0.8416,0.84185,4.50,10.70
2010.02.18 11:04:24.464,0.8416,0.8419,4.50,26.60
2010.02.18 11:04:26.876,0.8416,0.84185,2.90,15.10
2010.02.18 11:04:29.065,0.8416,0.84185,2.90,7.10
2010.02.18 11:04:32.606,0.8416,0.84185,2.90,7.90
2010.02.18 11:04:32.827,0.8416,0.8418,1.00,2.50
2010.02.18 11:04:33.008,0.84155,0.8418,2.10,3.70
2010.02.18 11:04:37.172,0.84155,0.84175,1.90,1.00
2010.02.18 11:04:37.955,0.84155,0.8417,1.90,1.00
2010.02.18 11:04:38.133,0.84155,0.84175,1.90,1.60
2010.02.18 11:04:46.547,0.8415,0.8417,10.30,2.50
2010.02.18 11:04:47.075,0.8415,0.8417,6.30,2.50
2010.02.18 11:04:54.777,0.8415,0.8417,6.10,2.70
2010.02.18 11:04:55.382,0.8415,0.84165,4.50,1.60
2010.02.18 11:04:55.596,0.8414,0.8416,4.70,2.50
2010.02.18 11:04:56.409,0.84135,0.8416,6.90,3.70
2010.02.18 11:04:56.764,0.84135,0.8416,1.90,3.70
2010.02.18 11:04:57.973,0.84135,0.84155,1.90,1.60
2010.02.18 11:04:58.222,0.84135,0.84155,1.90,4.30
2010.02.18 11:04:59.249,0.8413,0.84155,9.30,4.30
2010.02.18 11:05:01.110,0.84135,0.84155,1.90,4.30
2010.02.18 11:05:01.737,0.84135,0.84155,1.90,1.60
2010.02.18 11:05:03.077,0.84135,0.84155,1.90,1.70
2010.02.18 11:05:03.843,0.84135,0.84155,1.90,4.30
2010.02.18 11:05:12.314,0.84135,0.8415,1.90,2.50
2010.02.18 11:05:12.475,0.8413,0.8415,2.70,2.50
2010.02.18 11:05:13.083,0.8413,0.8415,1.10,2.50
2010.02.18 11:05:13.440,0.8413,0.8415,1.00,2.50
2010.02.18 11:05:14.254,0.8413,0.84155,3.70,7.50
2010.02.18 11:05:14.998,0.8413,0.84155,5.30,5.90
2010.02.18 11:05:17.195,0.8413,0.84155,5.30,4.70
2010.02.18 11:05:17.929,0.8413,0.8415,1.00,2.50
2010.02.18 11:05:18.982,0.84135,0.84155,4.50,1.60
2010.02.18 11:05:22.186,0.8414,0.84155,1.60,1.60
2010.02.18 11:05:22.514,0.8414,0.84155,4.10,1.60
2010.02.18 11:05:23.601,0.84135,0.84155,9.70,4.10
2010.02.18 11:05:23.850,0.8413,0.84155,12.30,4.30
2010.02.18 11:05:27.373,0.84135,0.84155,4.30,4.10
2010.02.18 11:05:32.221,0.84135,0.84155,6.30,4.10
2010.02.18 11:05:34.859,0.84135,0.84155,3.50,4.30
2010.02.18 11:05:37.899,0.84135,0.84155,3.50,2.70
2010.02.18 11:05:39.537,0.84135,0.84155,3.50,4.30
2010.02.18 11:05:47.415,0.84135,0.84155,1.90,4.30
2010.02.18 11:05:47.529,0.84135,0.84155,3.20,4.30
2010.02.18 11:05:48.126,0.84135,0.84155,1.60,4.30
2010.02.18 11:05:48.196,0.84135,0.84155,3.50,4.30
2010.02.18 11:05:56.321,0.84135,0.84155,3.50,2.70
2010.02.18 11:05:59.511,0.84135,0.84155,6.30,2.50
2010.02.18 11:06:09.781,0.84135,0.84155,10.30,2.50
2010.02.18 11:06:10.059,0.84135,0.84155,14.30,2.50
2010.02.18 11:06:11.259,0.84135,0.84155,6.30,2.50
2010.02.18 11:06:13.753,0.84135,0.84155,4.50,2.60
2010.02.18 11:06:13.921,0.8413,0.84155,8.70,2.70
2010.02.18 11:06:14.489,0.8413,0.84155,8.70,4.30
2010.02.18 11:06:14.679,0.8413,0.84155,4.70,4.30
2010.02.18 11:06:18.212,0.8413,0.8415,4.50,1.00
2010.02.18 11:06:18.390,0.8413,0.8415,4.50,2.60
2010.02.18 11:06:19.050,0.8413,0.8415,4.50,2.70
2010.02.18 11:06:24.259,0.8413,0.8415,4.50,3.60
2010.02.18 11:06:24.433,0.8413,0.84145,1.00,2.50
2010.02.18 11:06:29.397,0.8413,0.84145,1.00,2.50
2010.02.18 11:06:30.045,0.8413,0.84145,2.10,2.50
2010.02.18 11:06:30.205,0.84135,0.84155,2.70,5.70
2010.02.18 11:06:30.364,0.84135,0.84155,4.30,5.70
2010.02.18 11:06:30.902,0.84135,0.84155,4.70,5.70
2010.02.18 11:06:31.284,0.84135,0.8415,1.90,2.70
2010.02.18 11:06:32.172,0.8413,0.84145,1.00,2.50
2010.02.18 11:06:35.769,0.84125,0.84145,15.10,2.50
2010.02.18 11:06:35.913,0.8413,0.8415,3.00,3.50
2010.02.18 11:06:36.684,0.8413,0.8415,4.70,2.50
2010.02.18 11:06:41.514,0.8413,0.8415,5.50,2.50
2010.02.18 11:06:42.264,0.8413,0.8415,9.50,2.50
2010.02.18 11:06:42.781,0.8413,0.8415,5.50,2.50
2010.02.18 11:06:44.160,0.8413,0.8415,9.50,2.50
2010.02.18 11:06:45.856,0.84135,0.8415,1.00,2.50
2010.02.18 11:06:46.205,0.84135,0.8415,1.90,2.50
2010.02.18 11:07:03.554,0.8413,0.8415,9.50,2.50
2010.02.18 11:07:09.075,0.84135,0.8415,1.00,2.50
2010.02.18 11:07:09.217,0.84135,0.84155,3.30,4.20
2010.02.18 11:07:09.359,0.84135,0.8415,4.00,2.50
2010.02.18 11:07:09.496,0.8413,0.8415,14.70,2.50
2010.02.18 11:07:10.042,0.8413,0.8415,13.50,2.50
2010.02.18 11:07:11.828,0.8413,0.8415,2.70,2.50
2010.02.18 11:07:13.415,0.8413,0.8415,1.90,2.50
2010.02.18 11:07:14.995,0.8413,0.8415,2.70,2.50
2010.02.18 11:07:15.222,0.8413,0.8415,3.90,2.50
2010.02.18 11:07:15.922,0.8413,0.8415,2.70,2.50
2010.02.18 11:07:16.689,0.84135,0.84155,1.90,4.30
2010.02.18 11:07:24.897,0.84135,0.84155,1.90,5.20
2010.02.18 11:07:25.042,0.84135,0.8415,1.90,2.50
2010.02.18 11:07:25.915,0.84135,0.84155,2.70,4.30
2010.02.18 11:07:26.268,0.84135,0.84155,2.70,4.20
2010.02.18 11:07:26.621,0.84135,0.84155,1.90,4.30
2010.02.18 11:07:32.243,0.8414,0.8416,1.00,3.80
2010.02.18 11:07:32.412,0.8414,0.84155,1.00,4.10
2010.02.18 11:07:39.424,0.8414,0.84155,1.90,4.10
2010.02.18 11:07:42.710,0.8414,0.84155,2.70,4.10
2010.02.18 11:07:45.376,0.8414,0.84155,2.70,2.50
2010.02.18 11:07:45.991,0.84135,0.84155,2.90,4.10
2010.02.18 11:07:46.226,0.84135,0.84155,1.90,4.30
2010.02.18 11:07:48.440,0.84135,0.8415,1.90,2.50
2010.02.18 11:07:49.997,0.84135,0.84155,1.90,4.30
2010.02.18 11:07:51.112,0.84135,0.84155,2.50,4.30
2010.02.18 11:07:51.724,0.8413,0.8415,9.90,2.50
2010.02.18 11:07:52.052,0.8413,0.8415,1.90,2.50
2010.02.18 11:07:52.931,0.8414,0.8415,1.90,2.50
2010.02.18 11:07:53.283,0.8414,0.84155,1.90,2.50
2010.02.18 11:07:53.637,0.8414,0.84155,1.90,4.10
2010.02.18 11:07:54.461,0.84135,0.84155,2.10,4.10
2010.02.18 11:07:54.782,0.84135,0.84155,1.90,4.30
2010.02.18 11:07:55.281,0.8414,0.84155,1.00,4.30
2010.02.18 11:07:55.861,0.84145,0.8416,2.70,4.00
2010.02.18 11:07:56.060,0.8414,0.84155,1.00,2.50
2010.02.18 11:07:58.431,0.84145,0.84155,1.00,2.50
2010.02.18 11:07:59.099,0.8415,0.8417,1.90,1.10
2010.02.18 11:07:59.391,0.8415,0.84175,1.90,4.30
2010.02.18 11:08:04.446,0.8415,0.84175,1.90,5.20
2010.02.18 11:08:04.592,0.84155,0.8417,1.00,2.50
2010.02.18 11:08:10.687,0.84155,0.84175,3.10,4.10
2010.02.18 11:08:11.216,0.84155,0.84175,4.70,4.10
2010.02.18 11:08:11.589,0.84155,0.84175,4.50,4.30
2010.02.18 11:08:12.652,0.84155,0.8417,1.90,2.50
2010.02.18 11:08:12.879,0.84155,0.84175,4.70,4.10
2010.02.18 11:08:15.453,0.84155,0.84175,4.50,4.30
2010.02.18 11:08:15.574,0.84155,0.84175,2.90,4.30
2010.02.18 11:08:16.169,0.84155,0.8417,1.00,2.50
2010.02.18 11:08:22.528,0.84155,0.84175,2.90,4.30
2010.02.18 11:08:23.314,0.84155,0.84175,3.10,4.10
2010.02.18 11:08:23.790,0.84155,0.84175,2.90,4.30
2010.02.18 11:08:25.356,0.84155,0.84175,3.10,4.10
2010.02.18 11:08:26.268,0.84155,0.84175,2.90,4.30
2010.02.18 11:08:27.655,0.84155,0.84175,2.90,5.20
2010.02.18 11:08:27.948,0.84155,0.8417,1.00,2.50
2010.02.18 11:08:29.113,0.8415,0.8417,2.10,2.50
2010.02.18 11:08:29.421,0.8415,0.8417,1.90,2.50
2010.02.18 11:08:30.957,0.8415,0.84165,2.70,1.00
2010.02.18 11:08:31.311,0.84155,0.8417,1.00,2.50
2010.02.18 11:08:34.217,0.84155,0.84175,4.90,1.60
2010.02.18 11:08:34.756,0.8416,0.84175,2.70,1.60
2010.02.18 11:08:34.932,0.8416,0.8418,9.50,2.50
2010.02.18 11:08:35.398,0.8416,0.8418,9.30,2.50
2010.02.18 11:08:36.196,0.8416,0.8418,2.70,2.50
2010.02.18 11:08:37.132,0.8416,0.8418,1.90,2.70
2010.02.18 11:08:37.454,0.8416,0.8417,2.90,2.50
2010.02.18 11:08:37.999,0.8416,0.8418,5.50,2.50
2010.02.18 11:08:38.316,0.8416,0.8418,9.50,2.50
2010.02.18 11:08:38.595,0.84165,0.8418,1.00,2.50
2010.02.18 11:08:40.770,0.84165,0.84185,2.90,4.30
2010.02.18 11:08:45.765,0.84165,0.84185,2.50,6.40
2010.02.18 11:08:45.945,0.8416,0.8418,1.90,2.50
2010.02.18 11:08:48.408,0.8416,0.8418,1.90,2.70
2010.02.18 11:08:48.568,0.8416,0.84175,1.60,2.50
2010.02.18 11:08:49.129,0.84155,0.84175,4.70,2.50
2010.02.18 11:08:52.220,0.84155,0.84175,4.50,2.70
2010.02.18 11:08:52.735,0.84155,0.84175,4.50,4.30
2010.02.18 11:08:55.549,0.84155,0.84175,4.50,5.20
2010.02.18 11:08:56.322,0.84155,0.8417,1.90,2.50
2010.02.18 11:09:01.429,0.8415,0.8417,9.50,2.50
2010.02.18 11:09:01.793,0.84155,0.84175,2.50,4.30
2010.02.18 11:09:06.317,0.8416,0.84175,1.00,2.70
2010.02.18 11:09:06.682,0.84165,0.84185,2.50,5.50
2010.02.18 11:09:08.710,0.8416,0.8418,5.50,2.50
2010.02.18 11:09:11.970,0.8416,0.8418,5.30,2.70
2010.02.18 11:09:12.108,0.8416,0.84175,1.10,2.50
2010.02.18 11:09:12.748,0.84155,0.84175,14.30,2.50
2010.02.18 11:09:12.886,0.84155,0.84175,4.50,4.30
2010.02.18 11:09:18.560,0.84155,0.84175,2.90,4.30
2010.02.18 11:09:25.290,0.8415,0.84175,4.70,5.50
2010.02.18 11:09:25.477,0.84155,0.8418,3.10,5.30
2010.02.18 11:09:26.738,0.84155,0.84175,3.10,1.60
2010.02.18 11:09:27.436,0.84155,0.84175,1.00,1.60
2010.02.18 11:09:28.269,0.84155,0.84175,1.00,4.30
2010.02.18 11:09:29.110,0.84155,0.84175,1.00,4.10
2010.02.18 11:09:36.885,0.8416,0.84175,1.00,2.50
2010.02.18 11:09:37.239,0.8416,0.8418,2.70,3.70
2010.02.18 11:09:38.232,0.8416,0.8418,3.10,2.50
2010.02.18 11:09:39.637,0.8417,0.84185,1.00,3.70
2010.02.18 11:09:39.918,0.8417,0.84185,1.00,2.50
2010.02.18 11:09:40.191,0.8417,0.84185,1.00,2.50
2010.02.18 11:09:40.757,0.8417,0.84195,8.70,2.50
2010.02.18 11:09:41.051,0.8417,0.84195,12.70,2.50
2010.02.18 11:09:41.337,0.84165,0.84195,22.80,4.10
2010.02.18 11:09:41.624,0.8417,0.84195,8.70,4.10
2010.02.18 11:09:42.146,0.8417,0.84195,13.50,4.10
2010.02.18 11:09:42.421,0.84175,0.84195,1.00,2.50
2010.02.18 11:09:43.227,0.84175,0.84195,1.00,2.50
2010.02.18 11:09:43.592,0.8418,0.84195,1.00,2.50
2010.02.18 11:09:46.823,0.84185,0.84205,2.70,5.10
2010.02.18 11:09:47.577,0.84185,0.84205,2.70,4.10
2010.02.18 11:09:47.857,0.84175,0.84195,2.70,2.50
2010.02.18 11:09:48.497,0.84175,0.84195,2.70,4.10
2010.02.18 11:09:49.319,0.84175,0.84195,3.10,2.50
2010.02.18 11:09:49.521,0.84175,0.84195,4.70,2.50
2010.02.18 11:10:14.354,0.84175,0.842,5.50,3.90
2010.02.18 11:10:14.709,0.84175,0.842,9.50,3.90
2010.02.18 11:10:15.113,0.84175,0.842,13.50,3.90
2010.02.18 11:10:18.486,0.84175,0.842,9.50,3.90
2010.02.18 11:10:19.298,0.84175,0.84195,5.50,2.50
2010.02.18 11:10:19.983,0.84175,0.84195,5.50,4.10
2010.02.18 11:10:21.008,0.84175,0.84195,2.10,4.10
2010.02.18 11:10:21.150,0.84175,0.842,1.90,6.60
2010.02.18 11:10:21.947,0.8417,0.84195,5.30,4.30
2010.02.18 11:10:25.571,0.8417,0.84195,5.50,4.10
2010.02.18 11:10:25.767,0.84175,0.84195,2.50,1.60
2010.02.18 11:10:26.375,0.84175,0.842,4.50,5.50
2010.02.18 11:10:29.796,0.8417,0.84195,13.30,4.30
2010.02.18 11:10:29.940,0.8417,0.84195,9.30,4.30
2010.02.18 11:10:32.635,0.84175,0.84195,2.50,1.70
2010.02.18 11:10:32.827,0.8418,0.842,1.00,7.50
2010.02.18 11:10:33.408,0.84175,0.842,14.70,2.50
2010.02.18 11:10:33.706,0.8418,0.84205,6.50,7.50
2010.02.18 11:10:35.069,0.84175,0.842,6.50,5.50
2010.02.18 11:10:35.353,0.8417,0.84195,9.30,4.30
2010.02.18 11:10:35.619,0.8417,0.84195,5.30,4.30
2010.02.18 11:10:42.273,0.84175,0.84195,1.00,4.10
2010.02.18 11:10:42.624,0.84175,0.84195,1.00,1.60
2010.02.18 11:10:43.944,0.84175,0.84195,2.70,1.60
2010.02.18 11:10:44.155,0.84175,0.842,1.90,5.50
2010.02.18 11:10:52.151,0.84175,0.842,1.90,6.30
2010.02.18 11:10:52.318,0.84175,0.84195,1.90,1.70
2010.02.18 11:10:52.469,0.84175,0.8419,1.90,2.50
2010.02.18 11:10:57.113,0.84175,0.84195,4.50,2.70
2010.02.18 11:10:59.669,0.84175,0.84195,4.10,4.30
2010.02.18 11:10:59.812,0.84175,0.84195,2.50,4.30
2010.02.18 11:11:02.330,0.84175,0.84195,2.50,4.20
2010.02.18 11:11:02.449,0.84175,0.84195,2.50,4.30
2010.02.18 11:11:05.545,0.84175,0.84195,2.70,4.10
2010.02.18 11:11:06.152,0.84175,0.84195,4.70,4.10
2010.02.18 11:11:06.396,0.8418,0.84195,1.90,2.50
2010.02.18 11:11:18.674,0.8418,0.84195,1.00,2.50
2010.02.18 11:11:26.747,0.8418,0.84195,1.00,4.30
2010.02.18 11:11:26.946,0.84175,0.84195,4.50,4.30
2010.02.18 11:11:27.466,0.84175,0.84195,4.50,2.70
2010.02.18 11:11:27.675,0.84175,0.84195,4.50,4.30
2010.02.18 11:11:29.587,0.8418,0.84195,1.10,4.30
2010.02.18 11:11:29.698,0.8418,0.842,1.30,1.30
2010.02.18 11:11:29.804,0.8418,0.842,3.90,2.50
2010.02.18 11:11:30.509,0.8418,0.842,8.70,2.50
2010.02.18 11:11:30.813,0.8418,0.842,4.70,2.50
2010.02.18 11:11:31.050,0.8418,0.842,3.50,2.50
2010.02.18 11:11:32.893,0.84175,0.842,11.70,2.50
2010.02.18 11:11:33.185,0.84175,0.842,2.70,2.70
2010.02.18 11:11:36.518,0.84175,0.842,2.90,2.50
2010.02.18 11:11:37.257,0.84175,0.842,5.50,2.50
2010.02.18 11:11:37.630,0.84185,0.84205,2.50,7.10
2010.02.18 11:11:38.464,0.8418,0.842,2.90,2.70
2010.02.18 11:11:43.129,0.8418,0.842,4.50,2.70
2010.02.18 11:11:43.205,0.84185,0.84205,1.90,2.50
2010.02.18 11:11:43.272,0.84185,0.84205,1.90,1.60
2010.02.18 11:11:43.339,0.84185,0.84205,2.70,1.60
2010.02.18 11:11:43.407,0.84185,0.8421,2.90,5.50
2010.02.18 11:11:43.965,0.8419,0.8421,2.50,2.70
2010.02.18 11:11:44.289,0.84185,0.8421,9.90,2.70
2010.02.18 11:11:44.584,0.84185,0.8421,1.90,2.70
2010.02.18 11:11:46.883,0.84185,0.842,1.90,2.70
2010.02.18 11:11:51.528,0.8418,0.84195,1.90,2.50
2010.02.18 11:11:52.780,0.84175,0.84195,4.70,2.50
2010.02.18 11:12:01.013,0.84175,0.84195,4.70,2.50
2010.02.18 11:12:08.127,0.8418,0.84195,1.00,2.50
2010.02.18 11:12:09.120,0.8418,0.842,2.70,2.50
2010.02.18 11:12:13.667,0.8418,0.842,2.70,3.70
2010.02.18 11:12:13.836,0.8418,0.842,2.50,3.70
2010.02.18 11:12:14.009,0.84175,0.842,1.30,4.50
2010.02.18 11:12:14.174,0.84175,0.842,1.00,6.10
2010.02.18 11:12:19.642,0.84175,0.84195,1.00,2.00
2010.02.18 11:12:19.858,0.8416,0.8418,3.90,2.50
2010.02.18 11:12:20.018,0.8416,0.8418,3.10,2.50
2010.02.18 11:12:20.330,0.8416,0.8418,4.70,2.50
2010.02.18 11:12:21.521,0.8417,0.8418,1.00,2.50
2010.02.18 11:12:21.793,0.8417,0.8419,2.70,3.70
2010.02.18 11:12:22.064,0.8417,0.8419,2.70,2.50
2010.02.18 11:12:22.824,0.8417,0.84195,3.50,7.10
2010.02.18 11:12:23.094,0.84175,0.84195,1.30,4.10
2010.02.18 11:12:23.556,0.84175,0.84195,1.30,2.50
2010.02.18 11:12:24.783,0.84185,0.84205,1.00,8.10
2010.02.18 11:12:25.348,0.84185,0.84205,1.00,2.50
2010.02.18 11:12:27.131,0.84185,0.84205,1.00,5.30
2010.02.18 11:12:27.394,0.84175,0.84195,5.50,2.50
2010.02.18 11:12:59.018,0.84175,0.84195,5.50,3.30
2010.02.18 11:12:59.260,0.84175,0.84195,4.70,2.50
2010.02.18 11:12:59.395,0.84175,0.84195,4.50,2.50
2010.02.18 11:12:59.918,0.84175,0.84195,2.90,2.50
2010.02.18 11:13:00.047,0.8417,0.84195,4.70,6.90
2010.02.18 11:13:07.258,0.8417,0.84195,4.70,7.70
2010.02.18 11:13:08.104,0.8417,0.84185,1.00,2.50
2010.02.18 11:13:10.565,0.8416,0.84185,5.50,2.50
2010.02.18 11:13:10.693,0.8416,0.84185,5.50,4.10
2010.02.18 11:13:10.887,0.8416,0.84185,4.70,4.10
2010.02.18 11:13:11.586,0.8416,0.84185,4.50,4.30
2010.02.18 11:13:11.950,0.84155,0.8418,4.50,2.70
2010.02.18 11:13:12.621,0.84155,0.8418,5.30,2.70
2010.02.18 11:13:12.877,0.8416,0.8418,2.70,2.50
2010.02.18 11:13:16.810,0.8416,0.8418,3.50,2.50
2010.02.18 11:13:20.282,0.8416,0.84185,2.70,8.00
2010.02.18 11:13:21.155,0.84155,0.84175,9.50,2.50
2010.02.18 11:13:21.997,0.84155,0.84175,5.50,2.50
2010.02.18 11:13:23.448,0.8416,0.8418,2.70,2.50
2010.02.18 11:13:24.006,0.8416,0.8418,2.50,2.60
2010.02.18 11:13:24.914,0.8416,0.8418,2.70,2.50
2010.02.18 11:13:26.190,0.84155,0.84175,13.50,2.50
2010.02.18 11:13:26.395,0.84155,0.84175,9.50,2.50
2010.02.18 11:13:27.468,0.84155,0.84175,5.50,2.50
2010.02.18 11:13:27.827,0.8416,0.8418,2.70,2.50
2010.02.18 11:13:28.551,0.84155,0.84175,9.50,2.50
2010.02.18 11:13:28.795,0.84155,0.84175,5.50,2.50
2010.02.18 11:13:31.805,0.84155,0.84175,5.30,2.70
2010.02.18 11:13:32.029,0.8415,0.8417,4.70,2.50
2010.02.18 11:13:35.560,0.8415,0.8417,5.50,2.50
2010.02.18 11:13:36.116,0.84155,0.8417,1.00,2.50
2010.02.18 11:13:36.828,0.84155,0.8418,1.90,2.70
2010.02.18 11:13:37.656,0.84155,0.8418,2.70,2.70
2010.02.18 11:13:37.971,0.84155,0.8418,9.50,2.50
2010.02.18 11:13:38.289,0.84155,0.8418,10.30,2.50
2010.02.18 11:13:38.566,0.84155,0.8418,14.30,2.50
2010.02.18 11:13:39.366,0.84155,0.8418,7.70,2.50
2010.02.18 11:13:39.622,0.84155,0.8418,3.70,2.50
2010.02.18 11:13:40.990,0.8416,0.8418,1.00,2.50
2010.02.18 11:13:41.134,0.84155,0.8418,3.30,2.50
2010.02.18 11:13:41.826,0.84155,0.8418,10.30,2.50
2010.02.18 11:13:42.169,0.84155,0.8418,6.30,2.50
2010.02.18 11:13:42.519,0.84155,0.8418,10.30,2.50
2010.02.18 11:13:43.544,0.84155,0.8418,14.30,2.50
2010.02.18 11:13:43.711,0.84155,0.8418,13.50,2.50
2010.02.18 11:13:44.928,0.84155,0.8418,14.30,2.50
2010.02.18 11:13:45.153,0.84155,0.8418,11.70,2.50
2010.02.18 11:13:46.813,0.8416,0.8418,1.00,2.50
2010.02.18 11:13:47.026,0.8416,0.8418,4.50,2.50
2010.02.18 11:13:47.606,0.8416,0.8418,2.90,2.50
2010.02.18 11:13:47.957,0.84165,0.84185,2.50,2.70
2010.02.18 11:13:48.298,0.84165,0.84185,2.70,3.70
2010.02.18 11:13:49.108,0.84165,0.84185,1.00,3.70
2010.02.18 11:13:50.281,0.84165,0.8418,1.00,2.50
2010.02.18 11:13:53.001,0.8416,0.8418,1.00,2.50
2010.02.18 11:13:53.619,0.8416,0.8418,5.10,2.50
2010.02.18 11:13:53.794,0.84165,0.84185,2.50,3.90
2010.02.18 11:13:56.066,0.84165,0.84185,4.10,2.70
2010.02.18 11:13:56.168,0.84165,0.84185,5.50,2.50
2010.02.18 11:13:56.269,0.8417,0.84185,1.00,2.50
2010.02.18 11:13:58.393,0.84165,0.84185,4.70,2.50
2010.02.18 11:14:02.245,0.84165,0.84185,2.70,2.50
2010.02.18 11:14:02.356,0.84165,0.84185,2.50,2.70
2010.02.18 11:14:05.554,0.84165,0.84185,2.70,2.50
2010.02.18 11:14:16.514,0.84165,0.84185,3.50,2.50
2010.02.18 11:14:16.731,0.84165,0.8419,9.50,3.70
2010.02.18 11:14:17.480,0.8417,0.8419,1.00,3.70
2010.02.18 11:14:17.701,0.84165,0.8419,5.50,3.70
2010.02.18 11:14:19.572,0.84165,0.8419,5.50,2.50
2010.02.18 11:14:19.928,0.84165,0.8419,4.70,5.30
2010.02.18 11:14:20.279,0.84165,0.84185,2.10,2.50
2010.02.18 11:14:22.161,0.84165,0.8419,4.70,5.30
2010.02.18 11:14:24.752,0.84165,0.84185,2.10,2.50
2010.02.18 11:14:31.551,0.8417,0.84195,2.70,10.90
2010.02.18 11:14:31.733,0.8417,0.84195,8.70,2.50
2010.02.18 11:14:32.631,0.84175,0.84195,1.00,2.50
2010.02.18 11:14:34.778,0.8417,0.84185,6.10,2.50
2010.02.18 11:14:35.390,0.8417,0.84185,1.00,2.50
2010.02.18 11:14:38.160,0.84175,0.8419,1.00,2.50
2010.02.18 11:14:38.245,0.8417,0.84185,1.00,2.50
2010.02.18 11:14:43.750,0.8417,0.84185,1.00,2.50
2010.02.18 11:14:43.962,0.84165,0.84185,8.70,2.50
2010.02.18 11:14:44.167,0.84165,0.84185,4.70,2.50
2010.02.18 11:14:44.720,0.84165,0.84185,2.70,2.50
2010.02.18 11:14:46.927,0.84165,0.84185,2.70,3.70
2010.02.18 11:15:00.648,0.84165,0.84185,3.10,2.50
2010.02.18 11:15:04.597,0.84165,0.8419,6.20,1.00
2010.02.18 11:15:05.367,0.84165,0.84185,13.50,2.50
2010.02.18 11:15:07.581,0.84165,0.84185,12.70,2.50
2010.02.18 11:15:07.702,0.84165,0.84185,10.90,2.50
2010.02.18 11:15:08.317,0.84165,0.84185,10.50,7.10
2010.02.18 11:15:08.453,0.8416,0.84185,2.70,18.40
2010.02.18 11:15:09.423,0.8416,0.8418,2.50,5.50
2010.02.18 11:15:09.781,0.8415,0.8417,3.10,2.50
2010.02.18 11:15:11.155,0.8415,0.8417,5.50,2.50
2010.02.18 11:15:11.277,0.8415,0.84175,5.50,4.10
2010.02.18 11:15:15.448,0.8415,0.84175,9.50,4.10
2010.02.18 11:15:16.968,0.8415,0.84175,13.50,2.50
2010.02.18 11:15:22.746,0.84155,0.84175,4.00,2.50
2010.02.18 11:15:23.134,0.84155,0.84175,8.00,2.50
2010.02.18 11:15:27.567,0.84155,0.84175,4.00,2.50
2010.02.18 11:15:28.491,0.8415,0.84175,12.70,2.50
2010.02.18 11:15:28.732,0.8415,0.84175,8.70,2.50
2010.02.18 11:15:29.398,0.8415,0.84175,9.50,2.50
2010.02.18 11:15:30.322,0.8415,0.84175,8.70,2.50
2010.02.18 11:15:33.658,0.8415,0.84175,8.70,3.70
2010.02.18 11:15:36.328,0.84145,0.84175,27.60,2.50
2010.02.18 11:15:37.958,0.8416,0.84175,1.00,2.50
2010.02.18 11:15:38.263,0.8416,0.8418,2.70,3.70
2010.02.18 11:15:38.566,0.8416,0.8418,2.70,2.50
2010.02.18 11:15:39.304,0.8416,0.8418,3.10,2.50
2010.02.18 11:15:41.239,0.8416,0.84175,1.00,2.50
2010.02.18 11:15:41.377,0.8416,0.84175,1.00,2.50
2010.02.18 11:15:42.813,0.8416,0.8418,4.70,2.50
2010.02.18 11:15:44.759,0.8416,0.8418,3.10,2.50
2010.02.18 11:15:50.636,0.8416,0.8418,4.70,2.50
2010.02.18 11:15:52.712,0.8416,0.84185,10.70,6.90
2010.02.18 11:15:53.476,0.8416,0.8418,8.00,2.50
2010.02.18 11:15:53.731,0.84155,0.8418,13.50,2.50
2010.02.18 11:15:54.060,0.84155,0.84175,6.10,2.50
2010.02.18 11:15:54.770,0.8416,0.84185,1.00,10.90
2010.02.18 11:15:54.941,0.8416,0.84185,1.00,6.90
2010.02.18 11:15:56.480,0.8416,0.84185,1.00,7.80
2010.02.18 11:15:58.664,0.84155,0.8418,13.40,3.70
2010.02.18 11:15:58.894,0.84155,0.8418,13.50,3.70
2010.02.18 11:16:01.436,0.8416,0.8418,1.00,3.70
2010.02.18 11:16:05.776,0.84155,0.8418,13.50,3.70
2010.02.18 11:16:05.811,0.84155,0.8418,12.70,4.70
2010.02.18 11:16:06.163,0.8415,0.84175,9.50,2.50
2010.02.18 11:16:06.848,0.8415,0.84175,5.50,2.50
2010.02.18 11:16:17.772,0.84155,0.84175,1.00,2.50
2010.02.18 11:16:18.486,0.8415,0.84175,1.00,5.30
2010.02.18 11:16:19.084,0.8415,0.84175,5.50,2.50
2010.02.18 11:16:19.400,0.84155,0.84175,1.00,2.50
2010.02.18 11:16:20.648,0.8415,0.84175,1.00,6.90
2010.02.18 11:16:21.622,0.84155,0.84175,1.00,6.90
2010.02.18 11:16:22.141,0.84155,0.84175,1.00,2.50
2010.02.18 11:16:26.826,0.8415,0.84175,9.50,2.50
2010.02.18 11:16:30.651,0.8415,0.84175,9.50,4.10
2010.02.18 11:16:31.582,0.8415,0.84175,5.50,4.10
2010.02.18 11:16:33.566,0.8415,0.84175,5.30,5.60
2010.02.18 11:16:33.663,0.8415,0.8417,2.70,2.50
2010.02.18 11:16:37.383,0.8415,0.8417,1.90,2.50
2010.02.18 11:16:37.737,0.8415,0.8417,1.00,2.50
2010.02.18 11:16:38.102,0.84145,0.8417,13.50,2.50
2010.02.18 11:16:38.941,0.84145,0.8417,8.70,2.50
2010.02.18 11:16:39.238,0.84145,0.84165,1.00,5.30
2010.02.18 11:16:39.518,0.84145,0.8417,2.70,6.10
2010.02.18 11:16:40.095,0.84145,0.8417,2.70,5.30
2010.02.18 11:16:44.848,0.84145,0.8417,4.70,5.30
2010.02.18 11:16:48.287,0.84145,0.8417,2.70,6.10
2010.02.18 11:16:48.637,0.84145,0.8417,2.70,5.30
2010.02.18 11:16:50.534,0.84145,0.8417,1.00,6.10
2010.02.18 11:16:51.045,0.84145,0.8417,2.70,5.30
2010.02.18 11:16:51.979,0.84145,0.8417,5.50,2.50
2010.02.18 11:16:52.026,0.8415,0.8417,1.00,2.50
2010.02.18 11:16:52.404,0.84145,0.8417,12.70,2.50
2010.02.18 11:16:52.762,0.84145,0.8417,8.70,3.70
2010.02.18 11:16:53.128,0.84145,0.8417,4.70,3.70
2010.02.18 11:16:55.722,0.8415,0.8417,1.00,3.70
2010.02.18 11:16:56.019,0.84145,0.8417,4.70,3.70
2010.02.18 11:16:56.325,0.84145,0.8417,3.10,5.30
2010.02.18 11:16:56.591,0.8414,0.84165,7.90,2.50
2010.02.18 11:16:57.640,0.8414,0.84165,3.90,5.30
2010.02.18 11:16:57.995,0.8414,0.84165,3.90,2.80
2010.02.18 11:16:58.928,0.84145,0.8417,2.70,10.10
2010.02.18 11:16:59.134,0.84145,0.8417,2.70,13.30
2010.02.18 11:17:00.669,0.84145,0.8417,2.70,9.30
2010.02.18 11:17:01.816,0.8415,0.8417,1.00,9.30
2010.02.18 11:17:02.169,0.8415,0.8417,2.70,2.80
2010.02.18 11:17:03.343,0.84145,0.8417,7.10,5.30
2010.02.18 11:17:03.597,0.8415,0.8417,1.00,5.30
2010.02.18 11:17:07.798,0.8415,0.8417,2.70,2.80
2010.02.18 11:17:08.194,0.84145,0.8417,10.70,5.30
2010.02.18 11:17:08.332,0.84145,0.8417,1.00,5.30
2010.02.18 11:17:08.470,0.84145,0.8417,1.00,9.30
2010.02.18 11:17:08.613,0.84145,0.8417,1.00,13.30
2010.02.18 11:17:09.851,0.84145,0.8417,2.70,13.30
2010.02.18 11:17:09.886,0.8415,0.8417,1.00,9.30
2010.02.18 11:17:11.173,0.8415,0.8417,1.00,5.30
2010.02.18 11:17:11.657,0.8415,0.8417,2.70,2.80
2010.02.18 11:17:11.853,0.8415,0.8417,2.70,1.20
2010.02.18 11:17:12.995,0.8415,0.8417,1.00,3.70
2010.02.18 11:17:13.801,0.8415,0.8417,1.00,5.30
2010.02.18 11:17:14.020,0.84145,0.8417,1.00,5.30
2010.02.18 11:17:14.671,0.84145,0.8417,1.00,5.30
2010.02.18 11:17:14.942,0.84145,0.84165,1.00,2.80
2010.02.18 11:17:15.204,0.84145,0.84165,2.70,2.80
2010.02.18 11:17:15.457,0.8415,0.8417,1.00,9.30
2010.02.18 11:17:16.798,0.8415,0.8417,1.00,5.30
2010.02.18 11:17:16.882,0.8415,0.8417,1.00,9.30
2010.02.18 11:17:19.127,0.84155,0.8417,2.70,5.20
2010.02.18 11:17:19.280,0.84155,0.8417,2.70,1.20
2010.02.18 11:17:20.325,0.8415,0.8417,1.10,3.70
2010.02.18 11:17:21.006,0.8415,0.8417,1.00,10.10
2010.02.18 11:17:21.194,0.84145,0.8416,1.00,2.50
2010.02.18 11:17:23.449,0.84145,0.84165,2.70,15.10
2010.02.18 11:17:23.649,0.84145,0.84165,2.70,13.30
2010.02.18 11:17:23.840,0.84145,0.84165,2.70,5.30
2010.02.18 11:17:27.207,0.8415,0.84165,2.50,2.80
2010.02.18 11:17:28.075,0.84145,0.84165,2.70,5.30
2010.02.18 11:17:34.683,0.84145,0.84165,2.50,5.30
2010.02.18 11:17:38.121,0.84145,0.84165,2.50,2.50
2010.02.18 11:17:38.887,0.84145,0.8417,3.10,9.30
2010.02.18 11:17:39.096,0.84145,0.8417,3.10,5.30
2010.02.18 11:17:45.153,0.84145,0.8417,3.10,6.10
2010.02.18 11:17:45.406,0.84145,0.84165,2.90,2.50
2010.02.18 11:17:45.655,0.84145,0.84165,2.50,2.50
2010.02.18 11:17:54.402,0.84145,0.84165,2.50,4.10
2010.02.18 11:17:54.687,0.84145,0.84165,2.50,5.30
2010.02.18 11:17:54.968,0.84145,0.84165,2.50,7.20
2010.02.18 11:17:55.193,0.8414,0.8416,3.10,2.50
2010.02.18 11:17:55.643,0.8414,0.8416,3.00,2.50
2010.02.18 11:17:56.201,0.84145,0.84165,2.50,9.30
2010.02.18 11:17:56.327,0.84145,0.84165,2.50,5.30
2010.02.18 11:18:01.452,0.84145,0.84165,2.50,9.30
2010.02.18 11:18:01.753,0.84145,0.84165,2.50,15.10
2010.02.18 11:18:02.928,0.84145,0.84165,2.50,7.10
2010.02.18 11:18:04.046,0.8414,0.8416,2.70,3.70
2010.02.18 11:18:05.618,0.84135,0.8416,1.00,9.50
2010.02.18 11:18:05.912,0.84135,0.84155,1.00,1.00
2010.02.18 11:18:06.505,0.84125,0.84145,11.50,3.70
2010.02.18 11:18:06.774,0.84125,0.84145,2.50,3.90
2010.02.18 11:18:07.034,0.84125,0.84145,2.50,5.50
2010.02.18 11:18:07.586,0.8412,0.8414,2.70,2.80
2010.02.18 11:18:07.950,0.8412,0.8414,2.70,5.30
2010.02.18 11:18:08.817,0.8412,0.8414,2.50,5.30
2010.02.18 11:18:09.145,0.8412,0.8414,2.70,5.30
2010.02.18 11:18:12.158,0.84125,0.84145,2.50,2.70
2010.02.18 11:18:12.522,0.84125,0.84145,2.70,2.50
2010.02.18 11:18:13.828,0.84125,0.84145,2.50,4.30
2010.02.18 11:18:13.967,0.84125,0.84145,2.50,5.50
2010.02.18 11:18:16.641,0.84125,0.84145,2.70,2.50
2010.02.18 11:18:17.733,0.84125,0.84145,6.70,2.50
2010.02.18 11:18:18.112,0.84125,0.84145,4.70,2.50
2010.02.18 11:18:21.612,0.84125,0.84135,1.00,2.50
2010.02.18 11:18:21.801,0.84115,0.84135,2.70,2.50
2010.02.18 11:18:23.063,0.8412,0.8414,2.70,2.50
2010.02.18 11:18:23.925,0.84125,0.84145,2.50,3.60
2010.02.18 11:18:24.239,0.84125,0.84145,4.70,2.50
2010.02.18 11:18:25.847,0.84125,0.84145,2.70,2.50
2010.02.18 11:18:26.319,0.84125,0.84145,2.50,2.70
2010.02.18 11:18:27.131,0.84125,0.84145,2.70,2.50
2010.02.18 11:18:27.714,0.84125,0.84145,3.10,2.50
2010.02.18 11:18:29.051,0.84125,0.84145,2.50,2.70
2010.02.18 11:18:33.876,0.8413,0.84145,2.90,1.00
2010.02.18 11:18:34.151,0.84135,0.84155,1.00,5.30
2010.02.18 11:18:36.030,0.8413,0.8415,1.00,3.70
2010.02.18 11:18:36.878,0.84135,0.8415,1.00,2.50
2010.02.18 11:18:39.634,0.8413,0.8415,4.70,2.50
2010.02.18 11:18:40.898,0.8413,0.8415,5.50,2.50
2010.02.18 11:18:41.139,0.84135,0.84155,3.10,2.50
2010.02.18 11:18:42.003,0.84135,0.84155,4.70,2.50
2010.02.18 11:18:43.076,0.8414,0.84155,1.00,2.50
2010.02.18 11:18:43.841,0.8414,0.8416,2.50,6.40
2010.02.18 11:18:44.099,0.84135,0.84155,4.70,2.50
2010.02.18 11:18:48.182,0.8414,0.84155,1.00,2.50
2010.02.18 11:18:48.528,0.84135,0.84155,4.70,2.50
2010.02.18 11:18:49.440,0.8414,0.8416,2.70,5.30
2010.02.18 11:18:50.707,0.84135,0.84155,4.70,2.50
2010.02.18 11:18:51.422,0.8414,0.8416,2.70,5.30
2010.02.18 11:18:52.840,0.84135,0.84155,4.70,2.50
2010.02.18 11:18:53.192,0.8414,0.8416,2.70,2.50
2010.02.18 11:18:54.100,0.84135,0.84155,4.70,2.50
2010.02.18 11:18:55.434,0.8413,0.84155,6.70,4.50
2010.02.18 11:18:55.771,0.8413,0.84155,2.70,8.50
2010.02.18 11:18:56.108,0.8413,0.84155,2.70,6.10
2010.02.18 11:18:56.920,0.8413,0.84155,2.70,10.10
2010.02.18 11:18:57.231,0.8413,0.84155,2.70,6.10
2010.02.18 11:18:57.997,0.8413,0.84155,2.70,5.30
2010.02.18 11:18:58.583,0.8413,0.84155,3.10,2.80
2010.02.18 11:19:06.911,0.8413,0.84155,7.10,2.80
2010.02.18 11:19:07.171,0.8413,0.84155,3.10,2.80
2010.02.18 11:19:09.650,0.8413,0.84155,7.10,2.80
2010.02.18 11:19:10.739,0.8413,0.84155,3.10,2.80
2010.02.18 11:19:13.567,0.84135,0.84155,2.50,2.80
2010.02.18 11:19:13.700,0.84135,0.8416,4.50,10.10
2010.02.18 11:19:14.059,0.84135,0.8416,4.50,6.10
2010.02.18 11:19:21.325,0.84135,0.8416,4.70,6.10
2010.02.18 11:19:23.978,0.84135,0.8416,4.50,6.10
2010.02.18 11:19:29.630,0.84135,0.8416,4.70,6.10
2010.02.18 11:19:29.886,0.84135,0.8415,4.50,1.00
2010.02.18 11:19:30.588,0.84125,0.8415,6.30,3.50
2010.02.18 11:19:30.843,0.8413,0.84155,2.50,11.70
2010.02.18 11:19:32.371,0.84125,0.84155,8.70,11.90
2010.02.18 11:19:32.708,0.8413,0.84155,2.50,11.70
2010.02.18 11:19:34.086,0.84135,0.84155,2.70,10.90
2010.02.18 11:19:34.331,0.84135,0.8416,5.30,2.80
2010.02.18 11:19:37.699,0.84135,0.8416,5.50,2.80
2010.02.18 11:19:38.276,0.84135,0.8416,5.50,5.30
2010.02.18 11:19:38.633,0.84135,0.84165,5.30,15.90
2010.02.18 11:19:40.160,0.84135,0.84165,5.50,15.70
2010.02.18 11:19:43.701,0.84135,0.84165,5.50,14.10
2010.02.18 11:19:50.408,0.84135,0.84165,5.50,15.70
2010.02.18 11:19:50.684,0.84135,0.84165,5.30,15.90
2010.02.18 11:19:52.682,0.84135,0.84155,4.70,2.50
2010.02.18 11:20:00.690,0.84135,0.84155,3.10,2.50
2010.02.18 11:20:01.599,0.84135,0.84155,2.70,2.50
2010.02.18 11:20:11.789,0.84135,0.84155,3.10,2.50
2010.02.18 11:20:15.353,0.8414,0.84155,1.00,2.50
2010.02.18 11:20:16.103,0.8414,0.84165,2.70,10.10
2010.02.18 11:20:17.297,0.8414,0.84165,2.70,6.10
2010.02.18 11:20:25.610,0.8414,0.84165,2.70,10.10
2010.02.18 11:20:26.266,0.8414,0.8416,2.70,2.80
2010.02.18 11:20:26.443,0.8414,0.8416,2.70,1.20
2010.02.18 11:20:26.533,0.8414,0.84165,2.70,10.90
2010.02.18 11:20:26.624,0.8414,0.84165,3.10,5.30
2010.02.18 11:20:27.245,0.84145,0.84165,2.70,1.20
2010.02.18 11:20:28.742,0.84145,0.8417,3.10,2.50
2010.02.18 11:20:29.015,0.84145,0.8417,3.10,5.30
2010.02.18 11:20:32.525,0.84145,0.8417,2.90,5.30
2010.02.18 11:20:33.283,0.84145,0.8417,3.10,5.30
2010.02.18 11:20:37.174,0.84145,0.8417,3.10,6.10
2010.02.18 11:20:37.530,0.84145,0.84165,2.70,2.80
2010.02.18 11:20:38.711,0.8414,0.8416,2.70,1.20
2010.02.18 11:20:41.646,0.84145,0.8416,2.50,1.20
2010.02.18 11:20:42.509,0.8414,0.8416,2.70,1.20
2010.02.18 11:20:53.435,0.84155,0.8417,1.00,14.30
2010.02.18 11:20:53.793,0.84155,0.84165,1.00,8.00
2010.02.18 11:20:54.290,0.84155,0.84165,1.00,11.70
2010.02.18 11:20:54.805,0.84155,0.84165,1.00,13.30
2010.02.18 11:21:02.446,0.84155,0.84165,1.00,10.50
2010.02.18 11:21:03.321,0.84155,0.8417,1.00,9.50
2010.02.18 11:21:03.359,0.84155,0.8417,1.00,13.50
2010.02.18 11:21:03.912,0.84155,0.8417,1.00,9.30
2010.02.18 11:21:03.967,0.84155,0.8417,1.00,5.50
2010.02.18 11:21:07.755,0.84155,0.8417,1.00,2.80
2010.02.18 11:21:13.566,0.84155,0.84175,1.00,7.10
2010.02.18 11:21:13.752,0.84155,0.84175,1.00,7.50
2010.02.18 11:21:14.504,0.84155,0.8417,1.00,1.20
2010.02.18 11:21:21.831,0.84155,0.8417,1.00,2.80
2010.02.18 11:21:21.982,0.84155,0.8417,1.00,5.30
2010.02.18 11:21:25.712,0.84155,0.8417,1.00,2.80
2010.02.18 11:21:26.287,0.84155,0.8417,1.00,5.30
2010.02.18 11:21:27.521,0.84155,0.84175,1.00,15.10
2010.02.18 11:21:27.870,0.84155,0.84175,1.00,7.50
2010.02.18 11:21:31.253,0.84155,0.84175,1.00,7.30
2010.02.18 11:21:31.498,0.84155,0.84175,1.00,6.90
2010.02.18 11:21:34.089,0.84155,0.84165,1.00,2.50
2010.02.18 11:21:35.621,0.84155,0.84165,1.00,6.90
2010.02.18 11:21:37.379,0.84155,0.84165,1.00,5.30
2010.02.18 11:21:37.588,0.84155,0.8417,1.00,1.20
2010.02.18 11:21:39.236,0.84155,0.84175,1.00,1.70
2010.02.18 11:21:39.551,0.84155,0.84175,1.00,1.00
2010.02.18 11:21:40.404,0.84155,0.8418,1.00,6.30
2010.02.18 11:21:43.914,0.8416,0.8418,1.00,5.30
2010.02.18 11:21:44.481,0.8416,0.8418,2.70,5.30
2010.02.18 11:21:44.647,0.8416,0.8418,2.70,2.50
2010.02.18 11:21:48.104,0.84165,0.84185,2.50,5.90
2010.02.18 11:21:48.311,0.84165,0.84185,2.70,2.50
2010.02.18 11:21:49.021,0.84165,0.84185,3.10,2.50
2010.02.18 11:21:49.215,0.84165,0.84185,7.10,2.50
2010.02.18 11:21:51.596,0.84165,0.84185,8.70,2.50
2010.02.18 11:21:55.120,0.8417,0.84185,1.00,2.50
2010.02.18 11:21:55.357,0.8417,0.8419,7.10,2.50
2010.02.18 11:21:55.934,0.8417,0.84185,4.30,2.50
2010.02.18 11:21:56.196,0.8417,0.84185,1.00,2.50
2010.02.18 11:22:03.383,0.8417,0.84185,1.10,2.50
2010.02.18 11:22:03.670,0.8417,0.84195,9.30,2.70
2010.02.18 11:22:03.961,0.84175,0.842,9.30,3.10
2010.02.18 11:22:04.190,0.84175,0.842,9.30,2.70
2010.02.18 11:22:04.422,0.84175,0.842,6.90,2.70
2010.02.18 11:22:04.654,0.84175,0.842,2.90,5.50
2010.02.18 11:22:05.586,0.8417,0.8419,13.50,2.50
2010.02.18 11:22:06.151,0.8417,0.8419,12.70,2.50
2010.02.18 11:22:06.250,0.8417,0.8419,8.70,2.50
2010.02.18 11:22:06.349,0.8417,0.8419,9.50,2.50
2010.02.18 11:22:06.449,0.8417,0.8419,13.50,2.50
2010.02.18 11:22:08.699,0.8417,0.8419,9.50,2.50
2010.02.18 11:22:09.149,0.8417,0.8419,8.70,2.50
2010.02.18 11:22:09.356,0.8417,0.8419,7.10,2.50
2010.02.18 11:22:09.569,0.8417,0.8419,3.10,2.50
2010.02.18 11:22:10.820,0.8417,0.8419,3.90,2.50
2010.02.18 11:22:13.277,0.8417,0.8419,7.10,2.50
2010.02.18 11:22:13.406,0.8417,0.8419,3.10,2.50
2010.02.18 11:22:15.719,0.8417,0.8419,2.50,6.30
2010.02.18 11:22:15.889,0.84165,0.84185,4.70,2.50
2010.02.18 11:22:16.385,0.84165,0.84185,8.70,2.50
2010.02.18 11:22:16.551,0.84165,0.8419,12.70,6.40
2010.02.18 11:22:36.058,0.84165,0.84185,8.70,2.50
2010.02.18 11:22:41.698,0.84165,0.84185,6.70,2.50
2010.02.18 11:22:41.866,0.84165,0.84185,2.70,2.50
2010.02.18 11:22:43.074,0.8416,0.84175,4.00,2.50
2010.02.18 11:22:43.432,0.84155,0.84175,1.00,2.50
2010.02.18 11:22:44.192,0.8416,0.84175,1.00,2.50
2010.02.18 11:22:44.811,0.84155,0.84175,1.00,2.50
2010.02.18 11:22:45.084,0.8416,0.8418,2.50,1.20
2010.02.18 11:22:45.351,0.84155,0.8418,10.20,1.20
2010.02.18 11:22:45.484,0.84155,0.8418,6.10,1.30
2010.02.18 11:22:45.739,0.84155,0.8418,2.10,1.30
2010.02.18 11:22:46.392,0.84165,0.8418,1.00,1.20
2010.02.18 11:22:46.642,0.84165,0.84185,3.10,2.50
2010.02.18 11:23:01.835,0.84165,0.84185,3.10,2.90
2010.02.18 11:23:02.497,0.84155,0.84175,10.80,3.70
2010.02.18 11:23:03.665,0.84155,0.84175,2.80,5.30
2010.02.18 11:23:47.677,0.84155,0.84175,2.70,5.50
2010.02.18 11:23:48.026,0.84155,0.8417,1.00,2.50
2010.02.18 11:23:51.406,0.84155,0.8417,1.00,2.50
2010.02.18 11:23:51.733,0.84155,0.8417,1.00,2.50
2010.02.18 11:24:01.057,0.84155,0.8417,1.00,3.70
2010.02.18 11:24:05.200,0.84155,0.8417,1.00,3.90
2010.02.18 11:24:05.412,0.84155,0.8417,1.00,5.50
2010.02.18 11:24:11.564,0.84155,0.8417,1.00,5.30
2010.02.18 11:24:11.728,0.84155,0.8417,1.00,3.70
2010.02.18 11:24:15.504,0.84155,0.84165,1.00,2.70
2010.02.18 11:24:16.281,0.84155,0.8416,1.00,1.00
2010.02.18 11:24:16.447,0.84135,0.84155,2.50,2.70
2010.02.18 11:24:17.290,0.84135,0.84155,2.50,6.40
2010.02.18 11:24:17.649,0.8413,0.8415,2.70,3.70
2010.02.18 11:24:19.958,0.8413,0.8415,2.50,3.90
2010.02.18 11:24:25.819,0.8413,0.8415,2.50,2.70
2010.02.18 11:24:27.787,0.8413,0.84155,2.70,6.90
2010.02.18 11:24:28.418,0.8413,0.84155,3.10,5.30
2010.02.18 11:24:28.778,0.8414,0.8416,2.50,2.70
2010.02.18 11:24:30.893,0.84135,0.84155,5.50,2.50
2010.02.18 11:24:31.428,0.84135,0.84155,9.50,2.50
2010.02.18 11:24:32.414,0.8414,0.8416,2.50,3.60
2010.02.18 11:24:32.766,0.8414,0.8416,2.50,2.70
2010.02.18 11:24:35.402,0.84135,0.84155,8.70,2.50
2010.02.18 11:24:36.051,0.84135,0.84155,7.10,2.50
2010.02.18 11:24:36.263,0.84135,0.84155,3.00,4.10
2010.02.18 11:24:36.582,0.84135,0.84155,3.10,2.50
2010.02.18 11:24:37.469,0.8414,0.8416,2.50,2.50
2010.02.18 11:24:38.928,0.8414,0.8416,2.50,2.70
2010.02.18 11:24:40.644,0.8414,0.8416,2.90,2.70
2010.02.18 11:24:41.166,0.8414,0.8416,3.70,2.70
2010.02.18 11:24:41.418,0.84155,0.84175,6.30,4.00
2010.02.18 11:24:41.675,0.84155,0.8418,6.30,3.90
2010.02.18 11:24:42.495,0.84155,0.8418,10.30,3.70
2010.02.18 11:24:43.272,0.84155,0.8418,14.30,3.70
2010.02.18 11:24:43.537,0.84155,0.84185,10.30,11.40
2010.02.18 11:24:44.155,0.84155,0.84175,10.10,1.00
2010.02.18 11:24:44.503,0.84155,0.84175,6.10,2.70
2010.02.18 11:24:44.741,0.8416,0.84175,2.50,1.00
2010.02.18 11:24:45.459,0.84155,0.84175,6.10,2.70
2010.02.18 11:24:45.626,0.8416,0.8418,1.00,3.50
2010.02.18 11:24:45.784,0.84165,0.8418,1.60,3.50
2010.02.18 11:24:46.101,0.8416,0.8418,1.90,2.50
2010.02.18 11:24:46.969,0.84165,0.8418,4.70,2.50
2010.02.18 11:24:47.589,0.8417,0.8418,1.00,2.50
2010.02.18 11:24:47.890,0.8417,0.8419,2.70,2.50
2010.02.18 11:24:48.247,0.8417,0.8419,4.00,2.50
2010.02.18 11:24:48.593,0.8417,0.8419,3.10,2.50
2010.02.18 11:24:49.385,0.8417,0.8419,2.90,2.70
2010.02.18 11:24:50.321,0.8417,0.8419,2.50,2.70
2010.02.18 11:24:50.499,0.8417,0.84195,2.60,6.70
2010.02.18 11:24:50.674,0.84175,0.84195,2.50,6.80
2010.02.18 11:24:51.228,0.84175,0.84195,2.50,5.50
2010.02.18 11:24:51.427,0.8417,0.84195,5.30,5.50
2010.02.18 11:24:51.778,0.8417,0.84195,1.50,5.90
2010.02.18 11:24:52.134,0.8417,0.842,1.20,23.20
2010.02.18 11:24:52.973,0.84165,0.84195,12.30,9.90
2010.02.18 11:24:55.097,0.8417,0.84195,2.00,9.90
2010.02.18 11:24:55.628,0.8417,0.84195,3.90,8.30
2010.02.18 11:24:55.777,0.8417,0.84195,5.70,3.90
2010.02.18 11:24:57.638,0.8417,0.84195,6.50,3.90
2010.02.18 11:24:57.938,0.8417,0.84195,5.70,3.90
2010.02.18 11:24:58.086,0.8417,0.84195,4.50,3.90
2010.02.18 11:24:58.238,0.8417,0.84195,4.50,7.90
2010.02.18 11:24:58.765,0.8417,0.84195,4.10,7.90
2010.02.18 11:24:59.109,0.8417,0.84195,10.50,4.30
2010.02.18 11:24:59.457,0.8417,0.84195,5.70,4.30
2010.02.18 11:24:59.808,0.8417,0.84195,4.50,3.90
2010.02.18 11:25:00.686,0.8417,0.84195,5.70,3.90
2010.02.18 11:25:01.636,0.8417,0.84195,4.50,3.90
2010.02.18 11:25:01.856,0.8417,0.84195,5.30,3.90
2010.02.18 11:25:02.371,0.8417,0.84195,4.50,3.90
2010.02.18 11:25:02.641,0.84165,0.8419,7.70,2.70
2010.02.18 11:25:02.878,0.84165,0.8419,6.90,2.70
2010.02.18 11:25:04.607,0.84165,0.8419,6.90,3.60
2010.02.18 11:25:04.672,0.84165,0.8419,3.50,3.60
2010.02.18 11:25:05.433,0.84165,0.8419,4.10,5.50
2010.02.18 11:25:05.920,0.84165,0.8419,5.10,5.50
2010.02.18 11:25:06.458,0.84165,0.8419,7.10,2.70
2010.02.18 11:25:06.759,0.84165,0.8419,6.10,2.70
2010.02.18 11:25:09.821,0.84165,0.8419,6.10,3.60
2010.02.18 11:25:09.981,0.84165,0.84195,6.10,15.40
2010.02.18 11:25:15.007,0.84165,0.8419,6.10,3.90
2010.02.18 11:25:15.158,0.84165,0.84185,3.50,2.50
2010.02.18 11:25:27.311,0.84165,0.84185,4.30,2.50
2010.02.18 11:25:27.671,0.84165,0.8419,3.50,5.50
2010.02.18 11:25:29.064,0.84165,0.8419,6.30,5.30
2010.02.18 11:25:31.532,0.8417,0.8419,1.00,5.30
2010.02.18 11:25:31.743,0.84165,0.84195,15.20,7.50
2010.02.18 11:25:31.834,0.8417,0.84195,5.50,2.50
2010.02.18 11:25:32.545,0.84175,0.84195,1.60,3.70
2010.02.18 11:25:33.191,0.8417,0.84195,2.70,3.70
2010.02.18 11:25:33.545,0.84165,0.84195,15.10,5.50
2010.02.18 11:25:33.890,0.84165,0.8419,15.10,1.20
2010.02.18 11:25:34.098,0.84165,0.8419,11.10,1.20
2010.02.18 11:25:35.180,0.84165,0.84185,10.30,2.50
2010.02.18 11:25:35.332,0.8417,0.8419,2.50,2.70
2010.02.18 11:25:36.163,0.8417,0.84195,2.70,15.20
2010.02.18 11:25:36.838,0.8417,0.84195,2.70,7.20
2010.02.18 11:25:37.127,0.8417,0.84195,2.50,15.40
2010.02.18 11:25:40.014,0.8417,0.8419,2.50,3.50
2010.02.18 11:25:40.349,0.84165,0.84185,2.90,2.50
2010.02.18 11:25:40.459,0.8417,0.8419,2.50,5.50
2010.02.18 11:25:42.142,0.84165,0.84185,1.90,2.50
2010.02.18 11:25:42.799,0.84165,0.84185,1.60,2.50
2010.02.18 11:25:45.139,0.84165,0.84185,2.40,2.50
2010.02.18 11:25:45.714,0.84165,0.84185,1.60,2.50
2010.02.18 11:25:48.574,0.8416,0.84185,10.30,2.50
2010.02.18 11:25:56.729,0.84165,0.84185,1.00,2.50
2010.02.18 11:25:57.020,0.8417,0.8419,2.50,9.50
2010.02.18 11:25:57.307,0.8417,0.8419,2.50,5.50
2010.02.18 11:25:59.511,0.84165,0.84185,4.70,2.50
2010.02.18 11:25:59.652,0.84165,0.84185,4.30,3.70
2010.02.18 11:25:59.793,0.8417,0.8419,2.50,6.40
2010.02.18 11:25:59.933,0.8417,0.8419,2.50,5.50
2010.02.18 11:26:14.837,0.84165,0.84185,5.90,3.70
2010.02.18 11:26:15.020,0.84165,0.84185,4.30,3.70
2010.02.18 11:26:26.045,0.8416,0.8418,2.70,2.50
2010.02.18 11:26:26.820,0.8416,0.84185,2.70,10.40
2010.02.18 11:26:26.923,0.84155,0.84175,1.60,2.50
2010.02.18 11:26:29.035,0.8416,0.84175,1.00,2.50
2010.02.18 11:26:29.801,0.8416,0.84175,1.00,2.50
2010.02.18 11:26:30.059,0.84155,0.84175,1.60,2.50
2010.02.18 11:26:30.921,0.84155,0.8417,1.60,2.50
2010.02.18 11:26:31.179,0.84155,0.8417,1.70,2.50
2010.02.18 11:26:31.417,0.84155,0.84175,4.30,3.70
2010.02.18 11:26:38.503,0.8416,0.84175,1.00,3.70
2010.02.18 11:26:38.816,0.8416,0.84175,2.70,1.20
2010.02.18 11:26:46.870,0.8416,0.8418,2.70,5.30
2010.02.18 11:26:51.537,0.8416,0.8418,2.60,5.30
2010.02.18 11:26:52.111,0.8416,0.8418,3.40,5.30
2010.02.18 11:26:52.471,0.8416,0.8418,5.50,2.50
2010.02.18 11:26:52.823,0.8416,0.8418,2.70,2.50
2010.02.18 11:27:12.974,0.84155,0.8418,15.10,3.70
2010.02.18 11:27:12.998,0.84155,0.8418,11.10,3.70
2010.02.18 11:27:13.246,0.84155,0.8418,7.10,3.70
2010.02.18 11:27:22.379,0.84155,0.8418,6.30,3.70
2010.02.18 11:27:26.212,0.84165,0.8418,1.60,3.70
2010.02.18 11:27:26.313,0.84165,0.8418,1.60,1.20
2010.02.18 11:27:27.005,0.84165,0.84185,1.60,5.30
2010.02.18 11:27:28.067,0.8416,0.84185,1.00,5.30
2010.02.18 11:27:34.487,0.8416,0.84185,3.90,5.30
2010.02.18 11:27:34.661,0.84165,0.84185,1.00,2.50
2010.02.18 11:27:35.352,0.84165,0.84185,1.90,2.50
2010.02.18 11:27:38.779,0.84165,0.84185,1.60,3.70
2010.02.18 11:27:40.089,0.8416,0.84185,13.50,3.70
2010.02.18 11:27:40.281,0.84165,0.84185,1.60,3.70
2010.02.18 11:27:45.073,0.84165,0.84185,1.70,3.70
2010.02.18 11:27:59.032,0.84165,0.84185,1.60,3.70
2010.02.18 11:28:00.397,0.8416,0.84185,1.90,3.90
2010.02.18 11:28:00.520,0.8416,0.84185,4.50,3.90
2010.02.18 11:28:01.197,0.8416,0.84185,2.50,5.50
2010.02.18 11:28:05.822,0.8416,0.84185,2.70,5.30
2010.02.18 11:28:06.123,0.84165,0.84185,1.60,5.30
2010.02.18 11:28:06.471,0.8416,0.84185,6.70,5.30
2010.02.18 11:28:06.821,0.8416,0.84185,2.70,5.30
2010.02.18 11:28:08.394,0.84165,0.8418,1.60,2.50
2010.02.18 11:28:08.741,0.84155,0.8418,15.10,2.50
2010.02.18 11:28:12.028,0.84155,0.8418,11.10,2.50
2010.02.18 11:28:12.189,0.84155,0.8418,10.30,2.50
2010.02.18 11:28:13.704,0.84155,0.8418,6.30,3.70
2010.02.18 11:28:14.502,0.84155,0.8418,6.10,3.90
2010.02.18 11:28:16.931,0.84155,0.8418,6.10,11.90
2010.02.18 11:28:17.539,0.84155,0.8418,6.10,7.90
2010.02.18 11:28:19.785,0.84155,0.8418,4.50,7.90
2010.02.18 11:28:20.748,0.84155,0.84175,3.50,2.50
2010.02.18 11:28:21.768,0.8415,0.84175,6.70,2.70
2010.02.18 11:28:22.135,0.84145,0.8417,6.30,5.30
2010.02.18 11:28:23.669,0.8415,0.8417,1.00,5.30
2010.02.18 11:28:24.023,0.84145,0.8417,10.30,5.30
2010.02.18 11:28:24.150,0.8415,0.8417,1.00,5.30
2010.02.18 11:28:24.278,0.84145,0.8417,6.30,5.30
2010.02.18 11:28:24.408,0.8415,0.8417,1.00,5.30
2010.02.18 11:28:24.540,0.8415,0.8417,1.00,5.30
2010.02.18 11:28:27.281,0.84155,0.8417,4.30,2.80
2010.02.18 11:28:28.008,0.8415,0.8417,2.90,2.80
2010.02.18 11:28:28.180,0.84155,0.8417,2.50,2.80
2010.02.18 11:28:28.306,0.84155,0.8417,2.70,2.80
2010.02.18 11:28:29.489,0.84155,0.84175,4.30,3.70
2010.02.18 11:28:30.741,0.84155,0.84175,4.10,3.90
2010.02.18 11:28:31.045,0.84155,0.84175,2.50,2.70
2010.02.18 11:28:31.340,0.8415,0.84175,7.50,3.90
2010.02.18 11:28:31.931,0.8415,0.84175,2.70,3.90
2010.02.18 11:28:32.226,0.8415,0.84175,1.90,4.70
2010.02.18 11:28:35.809,0.8415,0.84175,2.70,3.90
2010.02.18 11:28:36.194,0.8415,0.84175,2.90,3.90
2010.02.18 11:28:36.263,0.84155,0.84175,1.60,3.90
2010.02.18 11:28:36.310,0.84155,0.8418,4.50,15.20
2010.02.18 11:28:36.844,0.84155,0.8418,4.50,14.30
2010.02.18 11:28:37.198,0.84155,0.8418,10.10,4.70
2010.02.18 11:28:39.750,0.84155,0.84175,10.10,1.00
2010.02.18 11:28:39.822,0.84155,0.8418,5.90,4.60
2010.02.18 11:28:39.904,0.84155,0.84175,5.90,2.50
2010.02.18 11:28:40.145,0.8415,0.8418,16.20,4.70
2010.02.18 11:28:41.034,0.84155,0.8418,2.90,6.30
2010.02.18 11:28:41.553,0.84155,0.84185,4.50,19.40
2010.02.18 11:28:43.055,0.84155,0.8418,2.90,6.30
2010.02.18 11:28:50.878,0.84155,0.8418,4.50,6.30
2010.02.18 11:28:58.387,0.84155,0.8418,4.70,6.10
2010.02.18 11:29:00.327,0.84155,0.8418,4.70,5.30
2010.02.18 11:29:01.631,0.84155,0.8418,5.50,2.80
2010.02.18 11:29:01.796,0.84155,0.8418,4.70,2.80
2010.02.18 11:29:01.961,0.84155,0.8418,10.30,1.20
2010.02.18 11:29:02.128,0.8416,0.8418,1.00,1.20
2010.02.18 11:29:02.914,0.8416,0.84185,2.90,5.30
2010.02.18 11:29:03.617,0.8416,0.84185,2.90,9.30
2010.02.18 11:29:05.586,0.8416,0.84185,2.90,5.30
2010.02.18 11:29:06.227,0.8416,0.8418,1.00,2.50
2010.02.18 11:29:06.820,0.84155,0.8418,4.30,5.30
2010.02.18 11:29:11.055,0.84155,0.8418,4.30,9.30
2010.02.18 11:29:14.874,0.84155,0.8418,1.70,9.30
2010.02.18 11:29:14.982,0.84155,0.8418,1.70,13.30
2010.02.18 11:29:15.203,0.84155,0.8418,1.70,9.30
2010.02.18 11:29:16.495,0.84155,0.84175,1.70,1.20
2010.02.18 11:29:23.494,0.84155,0.84175,1.60,1.20
2010.02.18 11:29:24.181,0.84155,0.84175,1.70,1.20
2010.02.18 11:29:29.698,0.8415,0.84175,5.50,1.20
2010.02.18 11:29:39.637,0.8415,0.84175,3.70,2.80
2010.02.18 11:29:40.473,0.8415,0.84175,3.90,2.80
2010.02.18 11:29:42.636,0.8415,0.84175,3.70,2.80
2010.02.18 11:29:42.785,0.8415,0.84175,3.90,2.80
2010.02.18 11:29:44.251,0.8415,0.84175,2.90,5.30
2010.02.18 11:29:44.381,0.8415,0.8417,2.50,1.20
2010.02.18 11:29:48.984,0.8415,0.8417,2.50,2.00
2010.02.18 11:29:49.286,0.8414,0.84165,10.90,2.50
2010.02.18 11:29:50.041,0.8414,0.84165,2.90,2.50
2010.02.18 11:29:50.285,0.8414,0.8417,2.90,16.00
2010.02.18 11:29:51.559,0.84145,0.84165,1.60,5.30
2010.02.18 11:29:53.529,0.8414,0.84165,3.10,5.30
2010.02.18 11:29:53.877,0.8414,0.84165,4.70,3.70
2010.02.18 11:29:54.453,0.8414,0.84165,8.70,3.70
2010.02.18 11:29:54.633,0.8414,0.84165,4.70,4.50
2010.02.18 11:29:54.976,0.8414,0.84165,8.70,4.50
2010.02.18 11:29:55.884,0.8414,0.84165,8.70,3.70
2010.02.18 11:30:05.509,0.8414,0.84165,8.60,3.70
2010.02.18 11:30:05.559,0.8414,0.84165,8.70,3.70
2010.02.18 11:30:06.523,0.8414,0.84165,8.70,4.50
2010.02.18 11:30:10.572,0.8414,0.84165,8.70,3.70
2010.02.18 11:30:11.732,0.84145,0.8417,4.50,2.80
2010.02.18 11:30:12.021,0.84145,0.8417,1.90,5.30
2010.02.18 11:30:12.593,0.84145,0.8417,1.00,5.30
2010.02.18 11:30:14.613,0.84145,0.8417,1.90,5.30
2010.02.18 11:30:15.552,0.84145,0.8417,2.90,2.80
2010.02.18 11:30:16.093,0.84145,0.8417,1.90,2.80
2010.02.18 11:30:16.413,0.84145,0.8417,3.50,1.20
2010.02.18 11:30:20.733,0.84145,0.8417,3.50,3.70
2010.02.18 11:30:21.001,0.84145,0.8417,6.30,1.20
2010.02.18 11:30:22.721,0.84145,0.8417,6.10,1.20
2010.02.18 11:30:23.383,0.8415,0.84175,2.90,9.30
2010.02.18 11:30:24.125,0.8415,0.84175,2.90,1.60
2010.02.18 11:30:24.317,0.8415,0.8418,9.50,5.30
2010.02.18 11:30:25.101,0.8415,0.8418,9.50,9.30
2010.02.18 11:30:25.291,0.84145,0.8418,28.60,5.30
2010.02.18 11:30:25.980,0.8415,0.8418,9.30,9.50
2010.02.18 11:30:26.875,0.8415,0.8418,9.30,10.40
2010.02.18 11:30:27.120,0.8415,0.84175,5.30,2.50
2010.02.18 11:30:35.075,0.8415,0.84175,9.30,2.50
2010.02.18 11:30:35.144,0.8415,0.84175,5.30,2.50
2010.02.18 11:30:37.977,0.8415,0.8418,5.30,13.50
2010.02.18 11:30:38.132,0.84145,0.8418,24.40,9.50
2010.02.18 11:30:39.633,0.8415,0.8418,9.30,5.50
2010.02.18 11:30:40.183,0.8415,0.8418,9.30,9.50
2010.02.18 11:30:40.762,0.8415,0.8418,9.30,5.50
2010.02.18 11:30:42.472,0.8415,0.8418,9.30,9.50
2010.02.18 11:30:44.525,0.8415,0.8418,9.50,9.30
2010.02.18 11:30:45.222,0.8415,0.8418,9.50,5.30
2010.02.18 11:30:47.793,0.84155,0.8418,1.60,5.30
2010.02.18 11:30:48.726,0.8416,0.8418,2.50,1.20
2010.02.18 11:30:49.293,0.84155,0.8418,6.30,3.70
2010.02.18 11:30:51.730,0.84155,0.8418,6.90,3.70
2010.02.18 11:30:52.377,0.8416,0.8418,2.50,1.20
2010.02.18 11:30:53.019,0.8416,0.84185,2.50,13.50
2010.02.18 11:30:53.259,0.8416,0.84185,4.50,5.50
2010.02.18 11:30:55.960,0.8416,0.84185,4.50,2.70
2010.02.18 11:31:02.642,0.8416,0.84185,4.50,3.50
2010.02.18 11:31:07.613,0.8416,0.84185,4.50,2.70
2010.02.18 11:31:11.855,0.8416,0.84185,4.70,2.50
2010.02.18 11:31:21.552,0.8416,0.84185,4.50,2.60
2010.02.18 11:31:21.891,0.8416,0.8418,1.00,2.50
2010.02.18 11:31:24.814,0.8416,0.8418,1.00,2.70
2010.02.18 11:31:29.147,0.8416,0.84175,1.00,1.00
2010.02.18 11:31:30.403,0.84155,0.84175,5.30,1.00
2010.02.18 11:31:39.355,0.84155,0.8418,7.10,2.50
2010.02.18 11:31:41.190,0.84155,0.8418,6.30,4.40
2010.02.18 11:31:41.371,0.84155,0.84175,4.70,2.50
2010.02.18 11:31:42.443,0.84155,0.84175,2.90,2.70
2010.02.18 11:31:43.111,0.84155,0.84175,4.50,2.70
2010.02.18 11:31:43.644,0.84155,0.84175,2.90,2.70
2010.02.18 11:31:47.318,0.8416,0.8418,2.50,11.20
2010.02.18 11:31:47.488,0.84155,0.84175,4.50,2.60
2010.02.18 11:31:47.658,0.84155,0.84175,2.90,2.70
2010.02.18 11:31:54.004,0.84155,0.8417,1.00,2.50
2010.02.18 11:31:55.615,0.84155,0.84175,2.50,3.90
2010.02.18 11:31:56.429,0.84155,0.84175,2.50,2.70
2010.02.18 11:32:11.735,0.84155,0.84175,3.30,2.70
2010.02.18 11:32:11.869,0.8416,0.8418,2.70,11.70
2010.02.18 11:32:12.001,0.84155,0.84175,10.10,2.50
2010.02.18 11:32:12.845,0.84155,0.8418,7.10,3.70
2010.02.18 11:32:23.360,0.84155,0.8418,6.90,4.80
2010.02.18 11:32:23.986,0.84155,0.84175,4.90,1.20
2010.02.18 11:32:24.343,0.8415,0.84175,2.70,5.30
2010.02.18 11:32:24.671,0.8415,0.84175,2.50,5.50
2010.02.18 11:32:25.273,0.8415,0.84175,2.50,9.50
2010.02.18 11:32:25.467,0.8415,0.84175,2.50,13.50
2010.02.18 11:32:28.195,0.8416,0.8418,1.00,12.90
2010.02.18 11:32:28.880,0.8416,0.84185,3.10,9.30
2010.02.18 11:32:29.190,0.84165,0.8419,4.50,5.50
2010.02.18 11:32:29.758,0.84165,0.8419,4.50,9.50
2010.02.18 11:32:30.608,0.84165,0.8419,4.50,13.50
2010.02.18 11:32:35.335,0.84165,0.8419,4.50,5.50
2010.02.18 11:32:36.948,0.84165,0.8419,4.50,9.50
2010.02.18 11:32:37.780,0.84165,0.8419,2.90,10.40
2010.02.18 11:32:38.136,0.8416,0.84185,4.70,3.70
2010.02.18 11:32:38.489,0.8416,0.84185,3.10,3.70
2010.02.18 11:32:38.778,0.8416,0.84185,3.10,5.30
2010.02.18 11:32:39.986,0.8416,0.84185,4.70,2.50
2010.02.18 11:32:47.783,0.8416,0.84185,4.50,2.70
2010.02.18 11:32:48.674,0.8416,0.84185,8.50,2.70
2010.02.18 11:32:49.022,0.8416,0.84185,8.70,2.50
2010.02.18 11:32:49.376,0.8416,0.84185,4.70,2.50
2010.02.18 11:32:50.381,0.8416,0.84185,5.50,2.50
2010.02.18 11:32:50.556,0.84165,0.8419,1.90,10.40
2010.02.18 11:32:51.427,0.84165,0.8419,1.90,14.40
2010.02.18 11:32:57.080,0.84165,0.8419,1.90,6.40
2010.02.18 11:32:57.741,0.84165,0.8419,4.50,5.50
2010.02.18 11:32:57.981,0.84165,0.8419,4.50,13.50
2010.02.18 11:33:05.899,0.84165,0.8419,4.50,9.50
2010.02.18 11:33:09.923,0.84165,0.8419,4.50,5.50
2010.02.18 11:33:10.325,0.84165,0.8419,2.90,9.50
2010.02.18 11:33:10.705,0.84165,0.8419,2.90,13.50
2010.02.18 11:33:27.012,0.84165,0.8419,4.50,13.50
2010.02.18 11:33:27.092,0.84165,0.8419,4.50,9.50
2010.02.18 11:33:27.172,0.84165,0.8419,4.50,5.50
2010.02.18 11:33:31.706,0.84165,0.8419,4.50,6.40
2010.02.18 11:33:32.267,0.84165,0.84185,1.00,2.70
2010.02.18 11:33:32.761,0.84165,0.8419,1.00,14.40
2010.02.18 11:33:33.410,0.84165,0.8419,4.50,13.50
2010.02.18 11:33:36.617,0.84165,0.8419,4.50,9.50
2010.02.18 11:33:36.828,0.84165,0.8419,4.50,5.50
2010.02.18 11:33:38.078,0.8417,0.8419,1.00,3.70
2010.02.18 11:33:38.374,0.84165,0.8419,16.70,3.70
2010.02.18 11:33:38.680,0.8417,0.8419,2.50,3.90
2010.02.18 11:33:38.901,0.8417,0.8419,2.90,2.70
2010.02.18 11:33:39.613,0.8417,0.8419,4.50,2.70
2010.02.18 11:33:39.835,0.84175,0.842,1.00,13.50
2010.02.18 11:33:40.078,0.8418,0.842,2.50,2.70
2010.02.18 11:33:40.317,0.8418,0.842,4.50,1.00
2010.02.18 11:33:41.065,0.8418,0.84205,5.50,2.50
2010.02.18 11:33:41.807,0.8418,0.842,5.30,1.00
2010.02.18 11:33:42.800,0.84185,0.8421,1.60,9.50
2010.02.18 11:33:43.740,0.84185,0.8421,1.60,10.40
2010.02.18 11:33:44.079,0.84185,0.84205,1.60,2.50
2010.02.18 11:33:44.340,0.84185,0.84205,1.60,6.50
2010.02.18 11:33:48.237,0.84185,0.84205,1.60,2.50
2010.02.18 11:33:51.615,0.84185,0.84205,1.60,6.50
2010.02.18 11:33:51.826,0.8418,0.84205,5.90,2.50
2010.02.18 11:33:52.047,0.8418,0.8421,5.90,13.50
2010.02.18 11:33:53.521,0.84185,0.8421,1.60,13.50
2010.02.18 11:33:55.626,0.84185,0.84205,1.60,6.50
2010.02.18 11:33:56.398,0.84185,0.84205,1.60,2.50
2010.02.18 11:33:57.640,0.84185,0.84205,1.60,2.70
2010.02.18 11:33:57.974,0.8418,0.84205,5.30,2.70
2010.02.18 11:33:58.740,0.8418,0.84205,5.30,3.10
2010.02.18 11:33:59.246,0.8418,0.84205,5.30,11.10
2010.02.18 11:34:03.636,0.8418,0.84205,5.30,10.70
2010.02.18 11:34:05.313,0.8418,0.84205,5.30,6.70
2010.02.18 11:34:09.090,0.8418,0.84205,4.70,1.10
2010.02.18 11:34:09.436,0.8418,0.8421,5.50,13.90
2010.02.18 11:34:10.584,0.8418,0.84205,5.30,1.00
2010.02.18 11:34:10.747,0.8418,0.842,4.50,2.70
2010.02.18 11:34:12.434,0.8418,0.842,4.70,2.50
2010.02.18 11:34:18.894,0.84175,0.8419,11.50,2.50
2010.02.18 11:34:19.527,0.84175,0.84195,6.10,1.00
2010.02.18 11:34:19.864,0.84175,0.842,6.10,5.50
2010.02.18 11:34:21.391,0.84175,0.84195,1.90,2.50
2010.02.18 11:34:22.954,0.84175,0.8419,1.00,2.70
2010.02.18 11:34:23.587,0.84175,0.84195,1.00,10.50
2010.02.18 11:34:24.410,0.84175,0.84195,1.00,2.50
2010.02.18 11:34:26.881,0.84175,0.84195,2.90,2.50
2010.02.18 11:34:27.025,0.8418,0.84205,4.50,5.50
2010.02.18 11:34:28.353,0.8418,0.842,1.90,2.50
2010.02.18 11:34:35.791,0.8418,0.842,5.90,2.50
2010.02.18 11:34:37.118,0.8419,0.84205,1.00,2.70
2010.02.18 11:35:16.870,0.8419,0.84215,4.50,2.70
2010.02.18 11:35:17.818,0.84195,0.84215,3.10,2.50
2010.02.18 11:35:18.631,0.84195,0.84215,4.70,2.50
2010.02.18 11:35:23.098,0.84195,0.84215,2.90,2.70
2010.02.18 11:35:24.880,0.8419,0.8421,1.90,2.50
2010.02.18 11:35:26.557,0.8419,0.84205,1.00,2.70
2010.02.18 11:35:26.648,0.84185,0.84205,6.10,2.70
2010.02.18 11:35:26.973,0.84185,0.842,1.60,2.50
2010.02.18 11:35:27.761,0.8418,0.842,1.90,2.50
2010.02.18 11:35:27.997,0.84175,0.842,15.10,2.50
2010.02.18 11:35:29.814,0.84175,0.842,16.00,2.50
2010.02.18 11:35:30.168,0.8418,0.84205,2.50,5.50
2010.02.18 11:35:30.285,0.8418,0.84205,2.70,5.30
2010.02.18 11:35:30.870,0.8418,0.84205,6.70,5.30
2010.02.18 11:35:33.403,0.84185,0.84205,1.00,5.30
2010.02.18 11:35:33.679,0.8418,0.84205,6.70,5.30
2010.02.18 11:35:35.053,0.8418,0.842,2.70,2.50
2010.02.18 11:35:35.585,0.8418,0.842,3.50,2.50
2010.02.18 11:35:35.766,0.8418,0.84205,2.70,9.30
2010.02.18 11:35:35.945,0.8418,0.84205,6.70,5.30
2010.02.18 11:35:36.986,0.84185,0.84205,5.70,5.30
2010.02.18 11:35:37.268,0.84185,0.84205,4.30,5.30
2010.02.18 11:35:37.519,0.84185,0.84205,1.70,5.30
2010.02.18 11:35:38.067,0.84185,0.84205,1.00,5.30
2010.02.18 11:35:38.325,0.84185,0.8421,5.10,5.30
2010.02.18 11:35:39.197,0.84185,0.8421,9.10,5.30
2010.02.18 11:35:40.194,0.84185,0.84215,8.30,12.40
2010.02.18 11:35:40.848,0.84185,0.84205,12.10,2.80
2010.02.18 11:35:40.927,0.8418,0.84205,7.10,5.30
2010.02.18 11:35:43.869,0.8418,0.84205,6.70,5.30
2010.02.18 11:35:44.673,0.8418,0.84205,2.70,5.30
2010.02.18 11:35:45.017,0.8418,0.84205,6.70,5.30
2010.02.18 11:35:47.390,0.84185,0.84205,2.70,1.20
2010.02.18 11:35:48.253,0.84185,0.8421,5.50,5.30
2010.02.18 11:35:49.241,0.8418,0.84205,6.70,6.10
2010.02.18 11:35:49.596,0.8418,0.84205,2.70,5.30
2010.02.18 11:35:51.309,0.8418,0.842,2.70,1.20
2010.02.18 11:35:52.586,0.8418,0.842,6.70,1.20
2010.02.18 11:35:52.931,0.8418,0.842,2.70,1.20
2010.02.18 11:35:54.280,0.84185,0.842,1.00,1.20
2010.02.18 11:35:54.525,0.8418,0.84195,1.00,3.70
2010.02.18 11:35:54.766,0.8418,0.84195,2.70,1.20
2010.02.18 11:35:54.933,0.8418,0.842,2.50,2.90
2010.02.18 11:35:55.675,0.84175,0.842,11.50,2.90
2010.02.18 11:35:55.997,0.84175,0.842,7.50,2.90
2010.02.18 11:35:56.098,0.84175,0.842,5.60,2.90
2010.02.18 11:35:56.540,0.84175,0.842,9.60,2.90
2010.02.18 11:35:57.401,0.8417,0.84195,2.10,1.20
2010.02.18 11:35:57.631,0.8418,0.84195,1.00,4.00
2010.02.18 11:35:58.251,0.84175,0.842,1.50,3.50
2010.02.18 11:35:58.599,0.84165,0.84195,15.10,5.50
2010.02.18 11:35:58.942,0.84165,0.84195,11.10,9.50
2010.02.18 11:35:59.690,0.84165,0.8419,6.30,2.80
2010.02.18 11:35:59.927,0.84165,0.8419,6.90,2.90
2010.02.18 11:36:00.160,0.84165,0.8419,5.30,2.90
2010.02.18 11:36:00.399,0.84165,0.8419,4.50,2.90
2010.02.18 11:36:01.093,0.84165,0.84185,3.10,2.50
2010.02.18 11:36:01.338,0.84165,0.84185,2.70,5.30
2010.02.18 11:36:02.995,0.84165,0.84185,3.50,2.50
2010.02.18 11:36:03.356,0.84165,0.84195,7.10,13.50
2010.02.18 11:36:03.652,0.84165,0.84195,15.90,5.50
2010.02.18 11:36:04.612,0.8417,0.842,1.00,20.20
2010.02.18 11:36:04.918,0.84175,0.84195,5.50,2.50
2010.02.18 11:36:05.021,0.84175,0.842,5.50,2.50
2010.02.18 11:36:05.607,0.8418,0.842,1.00,2.50
2010.02.18 11:36:10.150,0.8418,0.84205,3.10,5.30
2010.02.18 11:36:10.948,0.8418,0.84205,7.10,5.30
2010.02.18 11:36:11.040,0.8418,0.84205,5.50,3.70
2010.02.18 11:36:11.131,0.84185,0.84205,1.60,2.50
2010.02.18 11:36:11.217,0.8419,0.8421,2.90,5.10
2010.02.18 11:36:11.462,0.8419,0.84205,1.00,2.50
2010.02.18 11:36:15.470,0.8419,0.8421,3.10,2.50
2010.02.18 11:36:17.327,0.842,0.84215,2.50,7.70
2010.02.18 11:36:17.517,0.842,0.84215,2.70,4.00
2010.02.18 11:36:17.705,0.842,0.8422,2.50,5.50
2010.02.18 11:36:17.898,0.84195,0.84215,1.90,2.50
2010.02.18 11:36:18.898,0.842,0.84215,1.00,2.50
2010.02.18 11:36:19.126,0.842,0.8422,2.70,5.30
2010.02.18 11:36:20.047,0.842,0.84215,1.00,2.50
2010.02.18 11:36:20.266,0.84195,0.84215,6.30,2.50
2010.02.18 11:36:25.382,0.842,0.84215,1.00,2.50
2010.02.18 11:36:26.108,0.842,0.8422,2.70,5.30
2010.02.18 11:36:32.629,0.842,0.8422,2.60,5.30
2010.02.18 11:36:32.835,0.842,0.8422,2.70,5.30
2010.02.18 11:36:33.383,0.8419,0.8421,12.70,2.50
2010.02.18 11:36:33.590,0.8419,0.8421,4.70,2.50
2010.02.18 11:36:34.328,0.8419,0.84215,4.70,4.50
2010.02.18 11:36:34.629,0.8419,0.84215,4.50,4.70
2010.02.18 11:36:34.921,0.8419,0.84215,1.90,4.70
2010.02.18 11:36:35.517,0.8419,0.84215,1.90,5.10
2010.02.18 11:36:35.685,0.84185,0.84205,3.50,2.50
2010.02.18 11:36:36.469,0.84185,0.84205,1.90,2.50
2010.02.18 11:36:37.416,0.84185,0.84205,2.10,2.50
2010.02.18 11:36:37.781,0.8419,0.84215,4.70,5.50
2010.02.18 11:36:39.111,0.8419,0.84215,4.70,3.90
2010.02.18 11:36:40.917,0.8419,0.84215,5.50,2.50
2010.02.18 11:36:41.553,0.84195,0.8422,4.50,5.90
2010.02.18 11:36:42.194,0.84195,0.8422,4.70,5.70
2010.02.18 11:36:43.707,0.84195,0.8422,4.70,5.30
2010.02.18 11:36:44.065,0.8419,0.8422,15.40,5.70
2010.02.18 11:36:50.260,0.84195,0.8422,6.30,2.80
2010.02.18 11:36:51.024,0.84195,0.8422,6.30,5.30
2010.02.18 11:36:52.264,0.842,0.8422,1.00,5.30
2010.02.18 11:36:53.021,0.842,0.84225,2.50,14.70
2010.02.18 11:36:53.354,0.84195,0.84225,6.30,14.70
2010.02.18 11:36:54.656,0.84195,0.84225,6.30,15.60
2010.02.18 11:36:55.563,0.84195,0.8422,6.30,2.50
2010.02.18 11:37:04.167,0.84195,0.84215,4.50,1.00
2010.02.18 11:37:04.808,0.84195,0.84215,1.60,3.10
2010.02.18 11:37:05.170,0.8419,0.84215,2.90,5.90
2010.02.18 11:37:05.703,0.8419,0.84215,3.10,5.70
2010.02.18 11:37:10.588,0.8419,0.84215,3.90,5.70
2010.02.18 11:37:11.520,0.8419,0.84215,3.90,5.30
2010.02.18 11:37:12.759,0.8419,0.84215,3.10,5.30
2010.02.18 11:37:13.447,0.8419,0.84215,2.90,5.50
2010.02.18 11:37:15.250,0.8419,0.8421,2.90,1.00
2010.02.18 11:37:18.098,0.8419,0.8421,3.10,1.00
2010.02.18 11:37:21.892,0.84195,0.84215,1.00,1.10
2010.02.18 11:37:21.954,0.84195,0.84215,5.50,1.00
2010.02.18 11:37:22.602,0.84195,0.84215,4.70,1.00
2010.02.18 11:37:23.454,0.84195,0.8422,4.70,4.50
2010.02.18 11:37:23.785,0.842,0.8422,2.70,2.50
2010.02.18 11:37:26.266,0.84205,0.8422,1.00,2.50
2010.02.18 11:37:26.470,0.84205,0.84225,2.70,5.70
2010.02.18 11:37:27.670,0.84215,0.84235,2.70,11.30
2010.02.18 11:37:28.030,0.84215,0.84235,2.70,5.70
2010.02.18 11:37:28.379,0.84215,0.84235,2.70,5.30
2010.02.18 11:37:29.037,0.84215,0.84235,2.70,5.70
2010.02.18 11:37:29.344,0.84215,0.84235,2.70,5.30
2010.02.18 11:37:29.631,0.84215,0.8424,2.70,7.70
2010.02.18 11:37:29.922,0.84215,0.8424,3.60,7.10
2010.02.18 11:37:30.665,0.8422,0.8424,2.50,4.40
2010.02.18 11:37:30.815,0.84215,0.8423,1.00,1.00
2010.02.18 11:37:30.960,0.84215,0.8423,1.00,3.30
2010.02.18 11:37:31.638,0.84205,0.8423,7.10,6.50
2010.02.18 11:37:33.509,0.84215,0.84235,2.50,13.90
2010.02.18 11:37:33.728,0.8421,0.8423,2.90,3.50
2010.02.18 11:37:34.597,0.8421,0.8423,2.90,3.10
2010.02.18 11:37:47.093,0.8421,0.8423,3.10,2.50
2010.02.18 11:37:47.964,0.8421,0.8423,2.90,2.50
2010.02.18 11:37:48.319,0.8421,0.8423,3.10,2.50
2010.02.18 11:37:48.671,0.8421,0.8423,3.10,3.30
2010.02.18 11:37:49.023,0.8421,0.84235,4.70,5.70
2010.02.18 11:37:49.374,0.8422,0.84235,2.50,2.00
2010.02.18 11:37:49.622,0.8421,0.84235,4.70,5.30
2010.02.18 11:37:50.532,0.8421,0.84235,4.70,4.50
2010.02.18 11:37:50.689,0.8421,0.84235,5.50,4.50
2010.02.18 11:37:50.770,0.8421,0.84235,5.50,4.10
2010.02.18 11:37:50.962,0.8421,0.84235,9.50,4.10
2010.02.18 11:37:51.210,0.8421,0.84235,8.70,4.10
2010.02.18 11:37:54.362,0.84215,0.84235,1.00,4.10
2010.02.18 11:37:54.565,0.8421,0.84235,8.70,4.10
2010.02.18 11:37:58.449,0.8421,0.8423,4.70,2.50
2010.02.18 11:38:08.364,0.8421,0.8423,2.90,2.50
2010.02.18 11:38:08.776,0.8421,0.8423,3.10,2.50
2010.02.18 11:38:09.419,0.8421,0.8423,2.90,2.50
2010.02.18 11:38:11.322,0.8421,0.8423,2.90,2.90
2010.02.18 11:38:11.749,0.8421,0.8423,2.90,2.50
2010.02.18 11:38:12.549,0.8421,0.8423,2.90,2.70
2010.02.18 11:38:13.276,0.8421,0.8423,2.90,3.10
2010.02.18 11:38:15.594,0.8421,0.8423,2.50,3.90
2010.02.18 11:38:15.877,0.842,0.84225,9.50,3.30
2010.02.18 11:38:16.351,0.842,0.84225,9.50,3.50
2010.02.18 11:38:17.643,0.842,0.8422,8.70,2.50
2010.02.18 11:38:17.751,0.842,0.8422,4.70,2.50
2010.02.18 11:38:26.445,0.842,0.8422,4.60,2.50
2010.02.18 11:38:26.460,0.842,0.8422,4.70,2.50
2010.02.18 11:38:32.913,0.842,0.8422,4.50,2.70
2010.02.18 11:38:32.963,0.842,0.8422,4.50,2.50
2010.02.18 11:38:33.850,0.842,0.84215,1.90,2.50
2010.02.18 11:38:36.026,0.842,0.84215,1.00,2.50
2010.02.18 11:38:36.964,0.842,0.8422,2.90,3.10
2010.02.18 11:38:37.067,0.842,0.8422,2.90,2.70
2010.02.18 11:38:37.786,0.842,0.8422,3.10,2.90
2010.02.18 11:38:37.901,0.84205,0.84225,2.70,4.10
2010.02.18 11:38:38.538,0.84205,0.84225,2.50,4.30
2010.02.18 11:38:39.804,0.8421,0.84225,1.00,2.50
2010.02.18 11:38:40.629,0.8421,0.8423,2.70,2.50
2010.02.18 11:38:40.944,0.8421,0.8423,4.70,2.90
2010.02.18 11:38:42.504,0.84215,0.8423,1.00,2.90
2010.02.18 11:38:42.560,0.8421,0.8423,4.70,2.90
2010.02.18 11:38:43.065,0.8421,0.8423,4.70,2.50
2010.02.18 11:38:43.830,0.84215,0.8423,1.00,2.50
2010.02.18 11:38:44.592,0.84215,0.84235,3.90,2.50
2010.02.18 11:38:44.861,0.84215,0.8423,1.90,2.50
2010.02.18 11:38:45.588,0.84215,0.84235,4.50,3.10
2010.02.18 11:38:46.143,0.8421,0.8423,5.50,2.50
2010.02.18 11:38:46.940,0.8421,0.84225,2.50,1.00
2010.02.18 11:38:47.376,0.84205,0.84225,1.90,1.00
2010.02.18 11:38:47.869,0.84205,0.8422,1.90,2.50
2010.02.18 11:38:48.223,0.84205,0.84225,5.90,1.10
2010.02.18 11:38:48.569,0.84205,0.8422,1.90,2.50
2010.02.18 11:38:50.436,0.84205,0.8422,2.70,2.50
2010.02.18 11:38:50.640,0.84205,0.8423,2.70,11.90
2010.02.18 11:38:51.178,0.84205,0.8423,2.90,10.90
2010.02.18 11:38:51.386,0.84205,0.8423,2.70,3.90
2010.02.18 11:38:55.590,0.84205,0.8423,1.90,3.90
2010.02.18 11:38:55.825,0.84205,0.8423,1.90,11.50
2010.02.18 11:38:56.291,0.84205,0.84225,1.90,1.00
2010.02.18 11:38:58.961,0.84205,0.8423,1.90,10.70
2010.02.18 11:38:59.111,0.84205,0.8423,1.90,6.70
2010.02.18 11:38:59.274,0.84205,0.84225,1.90,1.00
2010.02.18 11:39:04.390,0.84205,0.8422,1.90,2.50
2010.02.18 11:39:06.592,0.84205,0.8423,1.90,3.10
2010.02.18 11:39:09.705,0.84205,0.84225,1.90,1.00
2010.02.18 11:39:09.934,0.8419,0.8421,5.50,2.50
2010.02.18 11:39:10.462,0.8419,0.8421,4.70,2.50
2010.02.18 11:39:10.737,0.84185,0.84205,5.90,2.50
2010.02.18 11:39:13.734,0.84185,0.84205,2.70,5.30
2010.02.18 11:39:16.938,0.8418,0.84205,1.00,5.50
2010.02.18 11:39:17.039,0.84175,0.84205,17.10,5.90
2010.02.18 11:39:17.153,0.84175,0.84205,12.30,9.90
2010.02.18 11:39:17.773,0.84175,0.84205,16.30,5.90
2010.02.18 11:39:22.164,0.8418,0.84205,4.30,5.30
2010.02.18 11:39:22.527,0.8418,0.84205,8.30,5.70
2010.02.18 11:39:27.671,0.84185,0.84205,2.50,3.20
2010.02.18 11:39:27.742,0.84185,0.8421,5.50,4.10
2010.02.18 11:39:27.796,0.84185,0.8421,7.10,4.10
2010.02.18 11:39:28.155,0.84195,0.8421,1.00,2.50
2010.02.18 11:39:28.511,0.84205,0.84225,2.50,4.70
2010.02.18 11:39:29.262,0.84205,0.84225,2.50,3.10
2010.02.18 11:39:29.465,0.84205,0.84225,2.50,2.70
2010.02.18 11:39:33.699,0.842,0.84225,2.90,4.30
2010.02.18 11:39:33.974,0.84205,0.84225,2.50,4.30
2010.02.18 11:39:34.691,0.84205,0.84225,2.70,4.10
2010.02.18 11:39:36.005,0.84205,0.8423,2.70,7.00
2010.02.18 11:39:37.707,0.8421,0.84225,1.00,2.50
2010.02.18 11:39:37.861,0.84215,0.84235,2.50,11.90
2010.02.18 11:39:38.006,0.84215,0.84235,2.50,3.90
2010.02.18 11:39:39.186,0.84215,0.84235,2.70,3.70
2010.02.18 11:39:39.490,0.84215,0.84235,2.50,3.90
2010.02.18 11:39:40.386,0.8421,0.84225,1.00,2.50
2010.02.18 11:39:40.735,0.84205,0.84225,4.70,2.50
2010.02.18 11:39:41.863,0.8421,0.84225,1.00,2.50
2010.02.18 11:39:42.102,0.8421,0.84235,1.00,8.90
2010.02.18 11:39:42.335,0.8421,0.84235,1.00,4.10
2010.02.18 11:39:43.091,0.8421,0.84235,1.00,4.30
2010.02.18 11:39:43.360,0.84215,0.84235,2.50,9.10
2010.02.18 11:39:43.635,0.84215,0.84235,2.50,4.30
2010.02.18 11:39:44.332,0.8422,0.84235,1.00,3.10
2010.02.18 11:39:44.620,0.84215,0.84235,4.50,2.70
2010.02.18 11:39:48.942,0.84215,0.84235,4.10,3.90
2010.02.18 11:39:49.480,0.84215,0.84235,2.50,3.90
2010.02.18 11:39:49.529,0.8421,0.8423,1.00,2.70
2010.02.18 11:39:50.652,0.8421,0.8423,1.00,2.50
2010.02.18 11:39:51.975,0.8421,0.8423,1.00,2.50
2010.02.18 11:39:52.123,0.84215,0.84235,2.50,9.50
2010.02.18 11:39:52.625,0.84215,0.84235,2.50,7.90
2010.02.18 11:39:52.688,0.84215,0.84235,2.50,2.70
2010.02.18 11:39:54.304,0.8422,0.84235,1.00,2.70
2010.02.18 11:39:54.876,0.8422,0.84235,2.50,1.00
2010.02.18 11:39:55.061,0.84225,0.8425,4.50,15.10
2010.02.18 11:39:55.321,0.84225,0.8425,4.50,6.30
2010.02.18 11:39:56.578,0.84225,0.8424,1.90,2.50
2010.02.18 11:39:56.691,0.8422,0.8424,5.50,2.50
2010.02.18 11:39:58.738,0.8422,0.8424,1.10,2.70
2010.02.18 11:39:59.054,0.8422,0.8424,1.00,2.70
2010.02.18 11:40:01.083,0.84215,0.8424,9.70,2.70
2010.02.18 11:40:01.305,0.84215,0.8424,9.30,2.70
2010.02.18 11:40:02.537,0.84215,0.8424,5.30,3.90
2010.02.18 11:40:03.207,0.8422,0.8424,1.00,3.90
2010.02.18 11:40:03.492,0.8422,0.8424,3.50,2.50
2010.02.18 11:40:04.061,0.8422,0.8424,3.90,2.50
2010.02.18 11:40:05.162,0.8422,0.8424,5.50,2.50
2010.02.18 11:40:08.187,0.8422,0.8424,3.90,2.50
2010.02.18 11:40:09.586,0.8422,0.8424,1.00,2.70
2010.02.18 11:40:12.013,0.84215,0.8424,9.30,2.70
2010.02.18 11:40:12.117,0.84215,0.8424,5.30,2.70
2010.02.18 11:40:13.883,0.84215,0.8424,2.70,2.70
2010.02.18 11:40:14.057,0.84215,0.8424,5.50,2.50
2010.02.18 11:40:15.949,0.84215,0.8424,4.70,3.70
2010.02.18 11:40:17.477,0.84215,0.84235,4.50,1.00
2010.02.18 11:40:18.003,0.84215,0.84235,1.90,2.70
2010.02.18 11:40:18.385,0.84215,0.84235,1.60,2.70
2010.02.18 11:40:18.624,0.8421,0.84235,9.30,2.70
2010.02.18 11:40:20.338,0.8421,0.84235,5.30,2.70
2010.02.18 11:40:23.175,0.8421,0.84235,2.90,4.30
2010.02.18 11:40:23.422,0.8421,0.84235,2.90,5.50
2010.02.18 11:40:24.147,0.8421,0.84225,1.00,2.50
2010.02.18 11:40:24.256,0.84205,0.84225,5.90,2.50
2010.02.18 11:40:28.211,0.84205,0.84225,4.30,2.50
2010.02.18 11:40:28.833,0.84205,0.84225,3.70,2.70
2010.02.18 11:40:28.870,0.842,0.84225,4.50,5.50
2010.02.18 11:40:30.150,0.842,0.84225,4.50,5.30
2010.02.18 11:40:30.179,0.842,0.84225,4.50,5.50
2010.02.18 11:40:31.825,0.842,0.8422,1.90,2.50
2010.02.18 11:40:32.603,0.8419,0.84215,2.90,5.50
2010.02.18 11:40:32.912,0.8419,0.84215,2.90,9.50
2010.02.18 11:40:33.685,0.8419,0.84215,3.10,5.30
2010.02.18 11:40:33.720,0.8419,0.84215,2.90,5.50
2010.02.18 11:40:35.477,0.8419,0.84215,2.90,11.10
2010.02.18 11:40:35.748,0.8419,0.84215,2.50,15.10
2010.02.18 11:40:37.139,0.8419,0.84215,2.50,13.50
2010.02.18 11:40:37.988,0.8419,0.84215,2.50,9.50
2010.02.18 11:40:38.341,0.8419,0.84215,2.50,5.50
2010.02.18 11:40:41.541,0.8419,0.84215,2.50,9.50
2010.02.18 11:40:41.849,0.8419,0.84215,2.50,11.10
2010.02.18 11:40:42.901,0.8419,0.84215,2.50,9.50
2010.02.18 11:40:45.301,0.84195,0.84215,2.50,6.70
2010.02.18 11:40:45.650,0.84195,0.84215,2.90,2.70
2010.02.18 11:40:46.358,0.84195,0.84215,3.10,2.50
2010.02.18 11:40:50.052,0.842,0.8422,2.50,2.90
2010.02.18 11:40:55.729,0.84195,0.8422,3.70,2.90
2010.02.18 11:40:59.402,0.84195,0.8422,5.30,1.30
2010.02.18 11:41:00.276,0.842,0.8422,1.00,1.20
2010.02.18 11:41:00.494,0.842,0.84225,1.10,15.50
2010.02.18 11:41:00.715,0.842,0.84225,1.10,15.10
2010.02.18 11:41:03.972,0.842,0.84225,1.00,15.90
2010.02.18 11:41:04.288,0.84195,0.84215,4.50,2.70
2010.02.18 11:41:04.605,0.84195,0.84215,2.50,2.70
2010.02.18 11:41:06.425,0.84195,0.84215,2.50,3.50
2010.02.18 11:41:06.474,0.84195,0.8421,2.50,1.00
2010.02.18 11:41:06.577,0.84195,0.84215,2.50,2.70
2010.02.18 11:41:06.625,0.8419,0.84215,6.30,4.30
2010.02.18 11:41:06.679,0.8419,0.8421,4.50,4.00
2010.02.18 11:41:06.723,0.8419,0.8421,5.30,4.00
2010.02.18 11:41:07.277,0.8419,0.84215,4.70,15.10
2010.02.18 11:41:07.313,0.84195,0.84215,2.50,7.10
2010.02.18 11:41:08.427,0.84195,0.84215,2.60,5.30
2010.02.18 11:41:09.110,0.84195,0.84215,2.70,5.30
2010.02.18 11:41:09.459,0.84195,0.84215,2.70,2.50
2010.02.18 11:41:12.206,0.84195,0.84215,2.50,2.70
2010.02.18 11:41:12.888,0.84195,0.84215,2.70,2.50
2010.02.18 11:41:13.574,0.84195,0.84215,2.50,2.70
2010.02.18 11:41:14.142,0.84195,0.84215,2.70,2.50
2010.02.18 11:41:15.449,0.84195,0.84215,2.50,2.70
2010.02.18 11:41:19.394,0.84195,0.84215,2.50,6.30
2010.02.18 11:41:19.668,0.8419,0.84215,2.50,15.10
2010.02.18 11:41:19.940,0.8419,0.84215,2.50,11.10
2010.02.18 11:41:20.209,0.8419,0.84215,2.50,11.90
2010.02.18 11:41:21.438,0.8419,0.84215,2.50,9.50
2010.02.18 11:41:21.563,0.8419,0.84215,2.50,5.50
2010.02.18 11:41:21.651,0.8419,0.8421,2.50,1.60
2010.02.18 11:41:21.734,0.84185,0.84205,12.70,2.50
2010.02.18 11:41:22.358,0.8419,0.8421,2.70,3.70
2010.02.18 11:41:22.713,0.84195,0.84215,2.70,3.70
2010.02.18 11:41:23.248,0.84195,0.84215,2.50,3.90
2010.02.18 11:41:23.611,0.84185,0.8421,4.50,4.70
2010.02.18 11:41:24.465,0.8418,0.8421,13.50,6.30
2010.02.18 11:41:24.719,0.8418,0.84205,2.90,2.50
2010.02.18 11:41:25.434,0.8418,0.84205,10.90,2.50
2010.02.18 11:41:25.792,0.84185,0.8421,4.50,3.50
2010.02.18 11:41:27.173,0.84185,0.842,1.00,2.70
2010.02.18 11:41:27.392,0.8418,0.842,1.00,2.70
2010.02.18 11:41:27.611,0.8418,0.842,1.00,2.50
2010.02.18 11:41:27.962,0.8418,0.842,1.00,2.70
2010.02.18 11:41:31.460,0.8418,0.84195,1.00,2.70
2010.02.18 11:41:31.578,0.84175,0.84195,4.50,2.70
2010.02.18 11:41:33.916,0.84175,0.84195,5.30,2.50
2010.02.18 11:41:34.132,0.84175,0.842,5.30,2.70
2010.02.18 11:41:36.021,0.84175,0.842,4.50,2.70
2010.02.18 11:41:38.190,0.8418,0.842,2.90,2.70
2010.02.18 11:41:43.506,0.8418,0.842,3.10,2.50
2010.02.18 11:41:43.654,0.8418,0.842,2.70,2.50
2010.02.18 11:41:46.140,0.8418,0.842,2.50,2.70
2010.02.18 11:41:46.770,0.8418,0.842,2.50,4.30
2010.02.18 11:41:46.898,0.8419,0.84205,1.00,3.30
2010.02.18 11:41:47.018,0.84185,0.84205,4.60,2.50
2010.02.18 11:41:47.549,0.8419,0.84205,1.00,2.50
2010.02.18 11:41:47.677,0.8419,0.84215,3.10,5.30
2010.02.18 11:41:49.849,0.8419,0.84215,3.90,5.30
2010.02.18 11:41:50.052,0.84195,0.84215,2.70,2.50
2010.02.18 11:41:50.457,0.84195,0.84215,4.70,2.50
2010.02.18 11:41:54.191,0.84195,0.84215,3.10,2.50
2010.02.18 11:42:05.948,0.84195,0.84215,2.70,2.50
2010.02.18 11:42:06.085,0.84195,0.84215,2.70,3.70
2010.02.18 11:42:06.627,0.84195,0.84215,2.70,4.50
2010.02.18 11:42:06.686,0.8419,0.84215,2.50,7.90
2010.02.18 11:42:08.598,0.84185,0.8421,5.10,5.30
2010.02.18 11:42:09.418,0.84185,0.8421,2.70,5.30
2010.02.18 11:42:09.515,0.8418,0.84205,4.50,5.30
2010.02.18 11:42:16.564,0.8418,0.84205,4.50,13.30
2010.02.18 11:42:19.464,0.8418,0.84205,4.50,14.10
2010.02.18 11:42:19.989,0.8418,0.84205,4.50,14.30
2010.02.18 11:42:20.332,0.84165,0.84185,8.70,2.50
2010.02.18 11:42:20.668,0.84165,0.84185,4.70,2.50
2010.02.18 11:42:21.008,0.8417,0.84195,2.50,6.10
2010.02.18 11:42:21.682,0.8417,0.84195,2.50,5.30
2010.02.18 11:42:22.019,0.84175,0.84195,1.00,5.30
2010.02.18 11:42:22.178,0.8417,0.84195,2.70,5.30
2010.02.18 11:42:22.754,0.8417,0.84195,6.70,5.30
2010.02.18 11:42:22.918,0.8417,0.84195,2.50,10.30
2010.02.18 11:42:23.075,0.8417,0.84195,2.50,6.30
2010.02.18 11:42:24.036,0.8417,0.84195,2.50,10.30
2010.02.18 11:42:24.383,0.8417,0.84195,2.50,14.30
2010.02.18 11:42:24.736,0.8417,0.84195,2.50,16.10
2010.02.18 11:42:25.312,0.84165,0.84185,4.70,2.50
2010.02.18 11:42:26.453,0.84165,0.84185,2.70,2.50
2010.02.18 11:42:33.072,0.84165,0.84185,4.30,2.50
2010.02.18 11:42:35.991,0.84165,0.84185,4.70,2.50
2010.02.18 11:42:36.020,0.84165,0.84185,6.30,2.50
2010.02.18 11:42:36.831,0.8417,0.84195,2.50,9.30
2010.02.18 11:42:36.889,0.8417,0.84195,2.50,5.30
2010.02.18 11:42:37.957,0.8418,0.842,2.50,1.20
2010.02.18 11:42:39.264,0.84175,0.84195,11.20,2.50
2010.02.18 11:42:39.523,0.84175,0.84195,6.30,2.50
2010.02.18 11:42:41.312,0.84175,0.84195,2.70,2.50
2010.02.18 11:42:42.064,0.84175,0.84195,2.70,3.70
2010.02.18 11:42:52.585,0.84165,0.8419,14.30,2.50
2010.02.18 11:42:53.079,0.84165,0.8419,6.30,5.30
2010.02.18 11:42:54.984,0.84165,0.84185,2.70,3.70
2010.02.18 11:42:59.703,0.84165,0.8419,4.70,5.30
2010.02.18 11:43:00.005,0.8417,0.8419,2.70,2.80
2010.02.18 11:43:00.298,0.8417,0.8419,2.70,1.20
2010.02.18 11:43:09.271,0.84175,0.84195,1.00,5.30
2010.02.18 11:43:09.889,0.8418,0.84195,1.00,2.50
2010.02.18 11:43:10.065,0.8418,0.84205,3.10,5.30
2010.02.18 11:43:11.117,0.8418,0.84205,3.90,5.30
2010.02.18 11:43:11.353,0.8418,0.84205,3.90,2.80
2010.02.18 11:43:11.919,0.8418,0.84205,7.90,2.80
2010.02.18 11:43:12.158,0.8418,0.84205,3.90,2.80
2010.02.18 11:43:13.373,0.8418,0.84205,3.10,2.80
2010.02.18 11:43:13.726,0.8418,0.84205,2.90,5.50
2010.02.18 11:43:14.412,0.8418,0.84205,3.00,5.30
2010.02.18 11:43:14.973,0.8418,0.84205,3.10,5.30
2010.02.18 11:43:15.336,0.84175,0.842,6.10,3.90
2010.02.18 11:43:15.894,0.84175,0.842,4.50,3.90
2010.02.18 11:43:17.355,0.84175,0.84195,4.50,2.70
2010.02.18 11:43:29.507,0.84175,0.84195,4.50,1.00
2010.02.18 11:43:30.275,0.84175,0.842,6.90,7.90
2010.02.18 11:43:30.490,0.84175,0.842,6.90,3.90
2010.02.18 11:43:31.130,0.8418,0.842,1.00,2.70
2010.02.18 11:43:50.289,0.84175,0.842,7.50,5.50
2010.02.18 11:43:50.957,0.84175,0.842,1.90,5.50
2010.02.18 11:43:51.330,0.84175,0.842,1.90,5.30
2010.02.18 11:43:51.678,0.84175,0.842,4.50,5.50
2010.02.18 11:43:52.379,0.84175,0.842,4.50,5.30
2010.02.18 11:43:54.513,0.84175,0.84195,4.50,2.70
2010.02.18 11:43:55.311,0.84175,0.84195,2.50,2.70
2010.02.18 11:43:59.664,0.84175,0.84195,4.50,2.70
2010.02.18 11:44:00.335,0.84175,0.842,4.50,15.00
2010.02.18 11:44:00.654,0.84175,0.842,6.90,6.50
2010.02.18 11:44:01.498,0.84175,0.842,6.90,2.50
2010.02.18 11:44:07.637,0.84175,0.842,6.90,2.70
2010.02.18 11:44:07.804,0.84175,0.842,6.90,2.50
2010.02.18 11:44:07.967,0.84175,0.842,6.90,2.70
2010.02.18 11:44:08.474,0.84175,0.842,6.10,2.70
2010.02.18 11:44:09.546,0.84175,0.842,6.10,5.50
2010.02.18 11:44:09.813,0.8417,0.8419,1.00,1.00
2010.02.18 11:44:10.078,0.84165,0.84185,5.10,2.50
2010.02.18 11:44:10.934,0.84165,0.84185,2.70,2.70
2010.02.18 11:44:11.280,0.84165,0.84185,2.70,2.50
2010.02.18 11:44:12.065,0.84165,0.84185,1.00,2.50
2010.02.18 11:44:12.772,0.84165,0.84185,1.00,2.50
2010.02.18 11:44:12.898,0.84165,0.8419,7.20,2.70
2010.02.18 11:44:14.839,0.84165,0.8419,11.20,2.70
2010.02.18 11:44:15.419,0.84165,0.8419,7.20,2.70
2010.02.18 11:44:16.415,0.8417,0.8419,1.00,2.50
2010.02.18 11:44:16.525,0.8417,0.8419,1.00,2.50
2010.02.18 11:44:17.106,0.8417,0.8419,3.10,2.50
2010.02.18 11:44:17.898,0.8417,0.8419,2.70,2.50
2010.02.18 11:44:24.771,0.8417,0.8419,2.50,2.70
2010.02.18 11:44:30.291,0.8417,0.8419,2.70,2.50
2010.02.18 11:44:32.473,0.8417,0.8419,4.70,2.50
2010.02.18 11:44:33.692,0.8417,0.8419,2.70,2.50
2010.02.18 11:44:34.853,0.84175,0.8419,1.00,2.50
2010.02.18 11:44:35.086,0.84175,0.84195,3.90,2.50
2010.02.18 11:44:36.325,0.84175,0.84195,3.10,2.50
2010.02.18 11:44:57.396,0.84175,0.84195,4.70,2.50
2010.02.18 11:44:58.172,0.84175,0.84195,6.30,2.50
2010.02.18 11:45:04.364,0.84175,0.84195,4.70,2.50
2010.02.18 11:45:04.643,0.84175,0.84195,3.10,2.50
2010.02.18 11:45:08.544,0.84175,0.84195,4.70,2.50
2010.02.18 11:45:09.132,0.84175,0.84195,6.30,2.50
2010.02.18 11:45:14.407,0.84175,0.84195,6.50,2.50
2010.02.18 11:45:15.255,0.8418,0.842,4.00,2.50
2010.02.18 11:45:15.447,0.84185,0.84205,2.90,2.70
2010.02.18 11:45:18.513,0.8418,0.84205,1.00,6.30
2010.02.18 11:45:19.094,0.8418,0.84205,1.00,7.90
2010.02.18 11:45:19.449,0.8418,0.84205,1.00,8.30
2010.02.18 11:45:19.738,0.84175,0.84195,4.70,2.50
2010.02.18 11:45:20.585,0.84175,0.84195,5.50,2.50
2010.02.18 11:45:20.816,0.84175,0.84205,13.50,7.90
2010.02.18 11:45:23.056,0.84175,0.84205,13.50,8.80
2010.02.18 11:45:23.133,0.84175,0.84205,12.70,8.80
2010.02.18 11:45:23.751,0.84175,0.8419,1.00,2.70
2010.02.18 11:45:24.926,0.84175,0.84195,2.90,2.70
2010.02.18 11:45:25.612,0.84175,0.8419,1.00,2.70
2010.02.18 11:45:26.166,0.8417,0.8419,4.50,2.70
2010.02.18 11:45:26.446,0.84175,0.84195,2.70,2.50
2010.02.18 11:45:26.694,0.84175,0.84195,2.70,4.10
2010.02.18 11:45:27.424,0.84175,0.84195,4.50,2.70
2010.02.18 11:45:27.616,0.84175,0.8419,1.90,2.70
2010.02.18 11:45:27.807,0.8417,0.8419,2.90,2.70
2010.02.18 11:45:28.875,0.8417,0.8419,3.10,2.50
2010.02.18 11:45:31.595,0.8417,0.8419,2.90,2.70
2010.02.18 11:45:31.739,0.8417,0.8419,3.10,2.50
2010.02.18 11:45:31.889,0.8417,0.8419,2.90,2.70
2010.02.18 11:45:36.702,0.8417,0.8419,3.10,2.50
2010.02.18 11:45:36.789,0.8417,0.8419,2.90,2.70
2010.02.18 11:45:41.460,0.8417,0.8419,2.50,2.70
2010.02.18 11:45:43.918,0.84165,0.84185,3.90,2.50
2010.02.18 11:45:50.911,0.84165,0.84185,3.70,2.70
2010.02.18 11:45:51.594,0.84165,0.84185,2.50,6.30
2010.02.18 11:45:51.768,0.84155,0.8418,8.50,2.70
2010.02.18 11:45:52.524,0.84155,0.84175,5.90,2.50
2010.02.18 11:45:52.771,0.84155,0.84175,1.90,2.50
2010.02.18 11:46:00.113,0.84155,0.84175,2.70,2.50
2010.02.18 11:46:01.932,0.84155,0.84175,2.90,2.50
2010.02.18 11:46:02.155,0.84155,0.84175,9.50,2.50
2010.02.18 11:46:02.823,0.8416,0.8418,2.50,3.60
2010.02.18 11:46:03.046,0.8416,0.8418,3.10,2.50
2010.02.18 11:46:04.229,0.8416,0.8418,4.70,2.50
2010.02.18 11:46:06.767,0.84165,0.84185,2.50,2.70
2010.02.18 11:46:36.234,0.84165,0.84185,2.50,5.20
2010.02.18 11:46:36.729,0.84165,0.84185,2.50,8.00
2010.02.18 11:46:36.925,0.8416,0.8418,1.10,2.50
2010.02.18 11:46:37.505,0.8416,0.8418,1.00,3.50
2010.02.18 11:46:37.705,0.84155,0.8418,13.30,2.70
2010.02.18 11:46:59.006,0.84155,0.8418,13.50,2.50
2010.02.18 11:47:03.850,0.8416,0.8418,8.30,2.50
2010.02.18 11:47:04.198,0.8416,0.8418,1.00,2.50
2010.02.18 11:47:05.297,0.8416,0.8418,1.10,2.50
2010.02.18 11:47:05.553,0.84165,0.84185,2.50,3.60
2010.02.18 11:47:05.798,0.84165,0.84185,2.50,2.70
2010.02.18 11:47:05.985,0.84165,0.84185,2.90,2.70
2010.02.18 11:47:06.077,0.84165,0.84185,4.50,2.70
2010.02.18 11:47:11.764,0.84165,0.84185,5.50,2.50
2010.02.18 11:47:11.976,0.84165,0.8419,9.50,2.50
2010.02.18 11:47:12.056,0.84165,0.8419,13.50,2.50
2010.02.18 11:47:12.693,0.8417,0.8419,9.50,2.50
2010.02.18 11:47:12.775,0.8417,0.8419,13.50,2.50
2010.02.18 11:47:13.196,0.84175,0.8419,1.90,2.50
2010.02.18 11:47:14.119,0.84175,0.8419,2.70,2.50
2010.02.18 11:47:14.423,0.84175,0.842,13.30,2.70
2010.02.18 11:47:15.516,0.84175,0.842,13.50,2.50
2010.02.18 11:47:17.548,0.84175,0.84195,13.30,1.00
2010.02.18 11:47:17.774,0.84175,0.8419,1.90,2.50
2010.02.18 11:47:27.148,0.84175,0.8419,2.70,2.50
2010.02.18 11:47:27.217,0.84175,0.8419,2.10,2.50
2010.02.18 11:47:27.253,0.84175,0.8419,1.90,2.50
2010.02.18 11:47:27.283,0.84175,0.84195,4.50,1.00
2010.02.18 11:47:27.384,0.84175,0.8419,1.90,2.50
2010.02.18 11:47:35.677,0.84175,0.8419,2.10,2.50
2010.02.18 11:47:35.920,0.84175,0.842,5.50,2.50
2010.02.18 11:47:36.856,0.8418,0.842,1.00,2.50
2010.02.18 11:47:36.943,0.84175,0.842,13.50,2.50
2010.02.18 11:47:37.108,0.84175,0.842,5.50,2.50
2010.02.18 11:47:37.198,0.84175,0.842,5.50,3.50
2010.02.18 11:47:37.289,0.84175,0.8419,1.90,2.50
2010.02.18 11:47:41.264,0.8417,0.8419,5.50,2.50
2010.02.18 11:47:41.615,0.84165,0.8419,15.20,2.50
2010.02.18 11:47:42.133,0.84165,0.8419,13.50,2.50
2010.02.18 11:47:42.198,0.8417,0.8419,3.50,2.50
2010.02.18 11:47:44.656,0.8417,0.8419,5.50,2.50
2010.02.18 11:48:01.710,0.8417,0.8419,3.50,2.50
2010.02.18 11:48:15.481,0.8417,0.8419,3.90,2.50
2010.02.18 11:48:15.795,0.8417,0.8419,5.50,2.50
2010.02.18 11:48:28.301,0.8417,0.8419,3.90,2.50
2010.02.18 11:48:40.457,0.8417,0.8419,5.50,2.50
2010.02.18 11:48:40.815,0.8417,0.8419,5.30,2.70
2010.02.18 11:48:42.673,0.8417,0.8418,1.90,2.70
2010.02.18 11:48:42.792,0.8416,0.8418,1.90,2.70
2010.02.18 11:48:44.705,0.8416,0.8418,1.90,2.50
2010.02.18 11:48:46.189,0.8416,0.8418,1.90,2.70
2010.02.18 11:48:48.361,0.8416,0.8418,1.90,2.50
2010.02.18 11:48:48.953,0.8416,0.8418,2.70,2.50
2010.02.18 11:48:49.316,0.8416,0.8418,1.90,2.70
2010.02.18 11:48:50.381,0.8416,0.8418,1.90,2.50
2010.02.18 11:48:51.770,0.8416,0.8418,1.90,2.60
2010.02.18 11:48:51.926,0.8416,0.8418,1.90,2.70
2010.02.18 11:48:55.829,0.8416,0.8418,1.90,2.50
2010.02.18 11:48:56.339,0.8416,0.8418,1.90,2.70
2010.02.18 11:48:57.241,0.8416,0.8418,1.60,2.70
2010.02.18 11:48:57.411,0.84155,0.8418,5.30,2.70
2010.02.18 11:48:58.713,0.84155,0.8418,5.50,2.50
2010.02.18 11:48:59.044,0.8416,0.8418,1.00,2.50
2010.02.18 11:49:00.328,0.84155,0.8418,9.30,2.70
2010.02.18 11:49:00.683,0.84165,0.84185,2.50,9.50
2010.02.18 11:49:01.494,0.84165,0.84185,2.50,2.70
2010.02.18 11:49:02.512,0.8416,0.8418,1.00,2.70
2010.02.18 11:49:02.773,0.84155,0.8418,5.30,2.70
2010.02.18 11:49:10.100,0.84155,0.84175,1.90,2.50
2010.02.18 11:49:10.648,0.84155,0.84175,1.90,2.70
2010.02.18 11:49:12.048,0.8415,0.84175,4.50,2.70
2010.02.18 11:49:13.289,0.8415,0.84175,4.70,2.50
2010.02.18 11:49:13.472,0.8415,0.84175,8.70,2.50
2010.02.18 11:49:14.737,0.84145,0.8417,22.80,1.00
2010.02.18 11:49:15.002,0.84145,0.84165,12.70,2.50
2010.02.18 11:49:15.255,0.84145,0.84165,8.70,2.50
2010.02.18 11:49:16.518,0.8415,0.84175,2.50,5.50
2010.02.18 11:49:16.702,0.8415,0.84175,3.10,5.30
2010.02.18 11:49:17.044,0.8415,0.84175,7.10,5.30
2010.02.18 11:49:18.714,0.8415,0.84175,3.10,5.30
2010.02.18 11:49:23.215,0.8415,0.84175,2.90,5.50
2010.02.18 11:49:24.772,0.8415,0.84175,2.90,7.10
2010.02.18 11:49:25.251,0.8415,0.84175,2.90,7.50
2010.02.18 11:49:28.753,0.8415,0.8417,1.00,2.50
2010.02.18 11:49:30.475,0.84145,0.8417,8.70,2.50
2010.02.18 11:49:30.741,0.84145,0.8417,4.70,5.30
2010.02.18 11:49:41.221,0.84145,0.84175,4.70,17.10
2010.02.18 11:49:43.534,0.84155,0.84175,1.00,12.50
2010.02.18 11:49:44.121,0.84155,0.84175,2.70,9.60
2010.02.18 11:49:44.447,0.84155,0.8418,2.50,5.50
2010.02.18 11:49:45.681,0.84155,0.8418,2.50,6.30
2010.02.18 11:49:46.025,0.8415,0.84175,9.30,2.70
2010.02.18 11:49:46.695,0.8415,0.84175,4.50,2.70
2010.02.18 11:49:46.828,0.8415,0.84175,2.90,7.10
2010.02.18 11:49:47.644,0.8415,0.84175,2.50,7.10
2010.02.18 11:49:49.510,0.8415,0.84175,2.60,6.90
2010.02.18 11:49:50.213,0.84155,0.84175,2.50,2.80
2010.02.18 11:49:53.003,0.8415,0.84175,2.70,5.30
2010.02.18 11:49:55.756,0.84155,0.84175,2.50,2.80
2010.02.18 11:49:57.837,0.84155,0.84175,2.70,2.80
2010.02.18 11:49:59.122,0.84155,0.84175,2.50,2.80
2010.02.18 11:50:01.600,0.84155,0.84175,2.70,2.80
2010.02.18 11:50:07.115,0.8416,0.84175,1.00,2.80
2010.02.18 11:50:07.252,0.84155,0.84175,2.70,2.80
2010.02.18 11:50:10.579,0.8415,0.84175,3.10,5.30
2010.02.18 11:50:11.775,0.84155,0.84175,2.50,2.80
2010.02.18 11:50:13.102,0.84155,0.84175,2.70,2.80
2010.02.18 11:50:14.532,0.84155,0.84175,2.50,3.70
2010.02.18 11:50:14.882,0.8415,0.8417,3.10,2.50
2010.02.18 11:50:15.920,0.8415,0.8417,2.70,2.50
2010.02.18 11:50:18.991,0.8415,0.8417,2.70,4.10
2010.02.18 11:50:19.344,0.8415,0.8417,2.70,5.30
2010.02.18 11:50:23.430,0.8415,0.8417,2.70,3.70
2010.02.18 11:50:24.473,0.8416,0.84175,2.70,6.80
2010.02.18 11:50:25.208,0.8416,0.84175,2.70,2.80
2010.02.18 11:50:27.316,0.8416,0.84175,2.50,2.80
2010.02.18 11:50:27.556,0.8415,0.84175,7.90,5.30
2010.02.18 11:50:27.619,0.8415,0.84175,3.90,5.30
2010.02.18 11:50:28.186,0.8415,0.84175,3.10,5.30
2010.02.18 11:50:28.356,0.84145,0.84165,14.30,2.50
2010.02.18 11:50:28.521,0.84145,0.84165,12.70,2.50
2010.02.18 11:50:29.124,0.84145,0.84165,4.70,2.50
2010.02.18 11:50:29.290,0.8415,0.84175,2.50,13.50
2010.02.18 11:50:32.655,0.84155,0.84175,2.50,13.50
2010.02.18 11:50:32.866,0.8415,0.84175,2.90,14.30
2010.02.18 11:50:38.208,0.8415,0.84175,2.90,13.50
2010.02.18 11:50:38.408,0.8415,0.84175,3.10,13.30
2010.02.18 11:50:38.991,0.84155,0.84175,2.50,10.80
2010.02.18 11:50:39.340,0.84155,0.84175,2.70,2.80
2010.02.18 11:50:40.994,0.84155,0.84175,2.70,1.20
2010.02.18 11:50:48.334,0.84155,0.8417,2.70,2.80
2010.02.18 11:50:48.411,0.8415,0.84165,2.50,1.00
2010.02.18 11:50:48.490,0.84145,0.84165,2.70,1.00
2010.02.18 11:50:49.125,0.84145,0.8417,2.70,10.10
2010.02.18 11:50:49.213,0.84145,0.8417,2.70,6.10
2010.02.18 11:50:50.951,0.8415,0.8417,1.00,5.30
2010.02.18 11:50:51.154,0.8415,0.8417,2.70,5.30
2010.02.18 11:50:56.408,0.8415,0.84165,2.70,1.00
2010.02.18 11:50:57.219,0.84145,0.8417,2.70,10.10
2010.02.18 11:50:59.120,0.84145,0.8417,2.70,6.10
2010.02.18 11:50:59.660,0.8414,0.8417,9.80,10.10
2010.02.18 11:51:01.591,0.8415,0.8417,2.70,5.30
2010.02.18 11:51:04.870,0.84145,0.8417,6.70,10.10
2010.02.18 11:51:05.433,0.84145,0.8417,2.70,14.10
2010.02.18 11:51:05.630,0.84145,0.8417,2.70,10.10
2010.02.18 11:51:08.908,0.84145,0.8417,2.70,9.30
2010.02.18 11:51:09.262,0.8415,0.8417,2.70,5.30
2010.02.18 11:51:12.242,0.8415,0.8417,2.50,5.30
2010.02.18 11:51:12.425,0.84145,0.8417,2.70,10.10
2010.02.18 11:51:16.734,0.8414,0.84165,7.10,5.30
2010.02.18 11:51:17.124,0.8414,0.84165,3.10,5.30
2010.02.18 11:51:18.535,0.8414,0.84165,3.10,6.10
2010.02.18 11:51:18.657,0.8414,0.84165,3.10,7.10
2010.02.18 11:51:18.775,0.8414,0.8416,1.00,2.50
2010.02.18 11:51:21.766,0.8414,0.8416,1.00,3.50
2010.02.18 11:51:22.120,0.84135,0.84155,4.70,2.50
2010.02.18 11:51:24.624,0.84135,0.84155,2.70,2.50
2010.02.18 11:51:25.412,0.8414,0.84155,1.00,2.50
2010.02.18 11:51:31.209,0.8414,0.8415,1.00,2.50
2010.02.18 11:51:31.551,0.84135,0.8415,1.00,2.50
2010.02.18 11:51:45.027,0.8413,0.8415,4.90,2.50
2010.02.18 11:51:45.384,0.8413,0.8415,1.00,2.50
2010.02.18 11:51:48.663,0.8413,0.8415,1.00,2.50
2010.02.18 11:51:54.837,0.84125,0.8415,11.10,2.50
2010.02.18 11:51:54.976,0.84125,0.8415,9.50,2.50
2010.02.18 11:51:55.941,0.84125,0.8415,11.10,2.50
2010.02.18 11:51:57.081,0.84125,0.8414,6.10,2.50
2010.02.18 11:51:57.145,0.84125,0.8414,2.10,2.50
2010.02.18 11:51:57.221,0.8412,0.8414,10.90,2.50
2010.02.18 11:51:57.288,0.84125,0.8414,1.00,2.50
2010.02.18 11:52:05.691,0.84135,0.8415,1.00,2.50
2010.02.18 11:52:05.876,0.8414,0.84155,1.00,2.50
2010.02.18 11:52:06.450,0.8414,0.8416,1.00,5.70
2010.02.18 11:52:06.627,0.8414,0.84155,1.00,2.50
2010.02.18 11:52:18.233,0.8414,0.8416,1.00,2.50
2010.02.18 11:52:31.334,0.8414,0.8416,1.30,2.50
2010.02.18 11:52:32.240,0.8414,0.84155,1.00,2.50
2010.02.18 11:52:33.956,0.8414,0.8416,1.00,2.50
2010.02.18 11:52:42.945,0.8414,0.84155,1.00,2.50
2010.02.18 11:52:49.495,0.84145,0.84165,1.00,11.00
2010.02.18 11:52:50.173,0.8414,0.8416,2.70,2.50
2010.02.18 11:52:50.362,0.8414,0.84155,1.00,2.50
2010.02.18 11:52:51.456,0.84145,0.84165,1.00,6.30
2010.02.18 11:52:51.764,0.84145,0.84165,1.00,5.30
2010.02.18 11:52:55.069,0.8414,0.84165,3.10,5.30
2010.02.18 11:52:55.303,0.84145,0.84165,1.00,5.30
2010.02.18 11:52:55.910,0.8414,0.84165,3.10,5.30
2010.02.18 11:52:56.263,0.84145,0.84165,1.00,5.30
2010.02.18 11:53:04.436,0.84145,0.8417,2.70,5.50
2010.02.18 11:53:06.617,0.84145,0.84165,2.70,5.30
2010.02.18 11:53:07.228,0.84145,0.8416,1.00,2.50
2010.02.18 11:53:07.544,0.8414,0.8416,1.00,2.50
2010.02.18 11:53:08.270,0.8414,0.8416,1.00,5.30
2010.02.18 11:53:08.813,0.84145,0.84165,2.70,6.10
2010.02.18 11:53:09.129,0.8414,0.8416,1.00,5.30
2010.02.18 11:53:09.662,0.84145,0.8416,2.50,2.80
2010.02.18 11:53:09.873,0.8414,0.8416,1.00,5.30
2010.02.18 11:53:10.682,0.84145,0.8416,2.50,2.80
2010.02.18 11:53:11.529,0.8414,0.8416,1.00,5.30
2010.02.18 11:53:11.882,0.84145,0.8416,2.70,2.80
2010.02.18 11:53:12.377,0.84145,0.8416,2.50,2.80
2010.02.18 11:53:12.447,0.8414,0.8416,1.00,5.30
2010.02.18 11:53:13.752,0.8414,0.8416,1.00,6.10
2010.02.18 11:53:13.998,0.8414,0.8416,1.00,6.10
2010.02.18 11:53:14.226,0.8414,0.84155,1.00,5.30
2010.02.18 11:53:14.997,0.84135,0.84155,2.70,5.30
2010.02.18 11:53:15.355,0.84135,0.8416,3.50,13.30
2010.02.18 11:53:16.001,0.84135,0.8416,2.70,5.30
2010.02.18 11:53:17.656,0.84135,0.8416,2.70,9.30
2010.02.18 11:53:18.394,0.84135,0.8416,2.70,13.30
2010.02.18 11:53:18.617,0.8414,0.84165,1.00,20.60
2010.02.18 11:53:19.239,0.84135,0.8416,2.70,9.30
2010.02.18 11:53:19.927,0.8414,0.8416,1.00,13.30
2010.02.18 11:53:21.294,0.8414,0.8416,1.00,9.30
2010.02.18 11:53:22.239,0.8414,0.8416,1.00,2.80
2010.02.18 11:53:28.733,0.84145,0.84165,2.60,8.00
2010.02.18 11:53:28.878,0.84155,0.84175,1.00,3.60
2010.02.18 11:53:29.401,0.84155,0.84175,1.00,1.20
2010.02.18 11:53:29.775,0.8415,0.84175,3.10,7.70
2010.02.18 11:53:30.124,0.8415,0.84175,3.10,9.30
2010.02.18 11:53:30.975,0.8415,0.84175,3.10,13.30
2010.02.18 11:53:33.793,0.8415,0.8418,2.90,27.40
2010.02.18 11:53:34.083,0.84145,0.84165,1.00,2.50
