2017.04.19 02:00:00.021,1.08803,1.08812,1.12,1.00
2017.04.19 02:00:00.073,1.08802,1.08815,1.87,1.50
2017.04.19 02:00:00.226,1.08807,1.08815,1.12,1.00
2017.04.19 02:00:00.383,1.08807,1.08817,1.12,1.50
2017.04.19 02:00:00.434,1.0881,1.08817,1.37,1.00
2017.04.19 02:00:00.485,1.0881,1.08819,1.12,1.00
2017.04.19 02:00:00.536,1.0881,1.08819,1.37,1.00
2017.04.19 02:00:01.042,1.0881,1.08819,1.37,1.00
2017.04.19 02:00:01.310,1.0881,1.08821,3.37,1.00
2017.04.19 02:00:01.545,1.08813,1.08822,1.37,1.00
2017.04.19 02:00:02.065,1.08813,1.08824,1.37,1.00
2017.04.19 02:00:02.436,1.08814,1.08827,1.37,1.12
2017.04.19 02:00:02.487,1.08814,1.08824,1.37,1.00
2017.04.19 02:00:02.989,1.08814,1.08823,1.37,1.00
2017.04.19 02:00:03.293,1.08817,1.08827,1.87,1.00
2017.04.19 02:00:03.395,1.08819,1.08829,1.37,1.00
2017.04.19 02:00:04.049,1.08819,1.08829,1.87,1.00
2017.04.19 02:00:04.725,1.08817,1.08829,1.87,1.00
2017.04.19 02:00:05.315,1.08817,1.08827,1.87,1.00
2017.04.19 02:00:05.468,1.08815,1.08824,1.87,1.00
2017.04.19 02:00:05.620,1.08814,1.08823,2.25,1.00
2017.04.19 02:00:08.048,1.08814,1.08823,1.37,1.00
2017.04.19 02:00:08.653,1.08814,1.08823,1.37,1.00
2017.04.19 02:00:09.208,1.08813,1.08822,1.37,1.00
2017.04.19 02:00:10.040,1.08811,1.0882,3.00,1.00
2017.04.19 02:00:10.295,1.08809,1.08818,1.37,1.00
2017.04.19 02:00:10.808,1.08809,1.08818,1.87,1.00
2017.04.19 02:00:11.339,1.08808,1.08817,2.62,1.00
2017.04.19 02:00:12.058,1.08808,1.08817,1.37,1.00
2017.04.19 02:00:12.329,1.08808,1.08817,2.62,1.00
2017.04.19 02:00:12.651,1.0881,1.08819,2.62,1.00
2017.04.19 02:00:13.610,1.0881,1.0882,2.62,1.00
2017.04.19 02:00:14.095,1.0881,1.08822,1.37,1.50
2017.04.19 02:00:14.987,1.0881,1.08822,1.37,1.00
2017.04.19 02:00:15.189,1.08809,1.08821,1.37,1.00
2017.04.19 02:00:16.849,1.08811,1.08821,1.37,1.00
2017.04.19 02:00:17.001,1.08811,1.08823,1.37,1.00
2017.04.19 02:00:17.701,1.08813,1.08823,1.12,1.12
2017.04.19 02:00:17.853,1.0881,1.08821,1.37,1.25
2017.04.19 02:00:18.367,1.0881,1.08821,1.37,1.25
2017.04.19 02:00:18.418,1.0881,1.08821,1.12,1.25
2017.04.19 02:00:20.081,1.08808,1.08823,1.37,1.87
2017.04.19 02:00:22.821,1.08812,1.08825,1.37,1.50
2017.04.19 02:00:23.024,1.08811,1.08827,2.62,1.00
2017.04.19 02:00:25.293,1.08814,1.08828,1.87,2.25
2017.04.19 02:00:25.344,1.08814,1.0883,1.87,2.66
2017.04.19 02:00:25.496,1.08814,1.08828,1.87,1.00
2017.04.19 02:00:27.517,1.08814,1.0883,1.87,2.81
2017.04.19 02:00:28.310,1.08814,1.0883,1.87,1.87
2017.04.19 02:00:30.448,1.08816,1.0883,1.37,1.12
2017.04.19 02:00:31.095,1.08814,1.0883,1.37,1.12
2017.04.19 02:00:31.626,1.08815,1.0883,1.37,1.50
2017.04.19 02:00:37.868,1.08815,1.08829,1.37,1.00
2017.04.19 02:00:38.186,1.08813,1.08827,2.25,1.50
2017.04.19 02:00:38.237,1.08813,1.08827,1.87,1.00
2017.04.19 02:00:38.389,1.08814,1.08829,1.87,1.31
2017.04.19 02:00:38.989,1.08814,1.0883,1.37,4.31
2017.04.19 02:00:39.952,1.08814,1.0883,1.37,3.19
2017.04.19 02:00:41.195,1.08815,1.0883,2.06,1.00
2017.04.19 02:00:41.247,1.08816,1.0883,1.37,2.25
2017.04.19 02:00:41.788,1.08816,1.0883,1.87,1.00
2017.04.19 02:00:42.317,1.08816,1.08831,1.87,1.00
2017.04.19 02:00:42.848,1.08816,1.08831,2.06,1.00
2017.04.19 02:00:43.145,1.08816,1.08829,1.37,1.00
2017.04.19 02:00:43.348,1.08815,1.08829,1.00,1.87
2017.04.19 02:00:43.868,1.08814,1.08829,2.25,1.87
2017.04.19 02:00:44.400,1.08815,1.08829,1.00,1.12
2017.04.19 02:00:44.858,1.08814,1.08827,1.00,1.50
2017.04.19 02:00:45.365,1.08812,1.08827,1.00,1.87
2017.04.19 02:00:45.898,1.08812,1.08828,3.00,2.06
2017.04.19 02:00:46.225,1.08812,1.08828,3.00,3.56
2017.04.19 02:00:46.741,1.08812,1.08828,3.00,2.06
2017.04.19 02:00:47.464,1.08812,1.08826,3.00,1.00
2017.04.19 02:00:48.047,1.08813,1.08829,1.00,1.31
2017.04.19 02:00:48.198,1.08815,1.0883,1.00,3.56
2017.04.19 02:00:48.502,1.08817,1.0883,1.00,1.00
2017.04.19 02:00:49.073,1.08815,1.08831,1.87,1.50
2017.04.19 02:00:49.124,1.08817,1.0883,1.00,1.00
2017.04.19 02:00:50.196,1.08816,1.0883,1.00,1.00
2017.04.19 02:00:52.711,1.08817,1.08831,1.00,1.00
2017.04.19 02:00:53.083,1.08816,1.08828,1.69,1.00
2017.04.19 02:00:53.610,1.08817,1.08828,1.50,1.00
2017.04.19 02:00:55.193,1.08817,1.08826,1.50,1.00
2017.04.19 02:00:55.397,1.08815,1.08825,1.12,1.00
2017.04.19 02:00:55.786,1.08812,1.08825,1.50,1.00
2017.04.19 02:00:56.382,1.08812,1.08826,1.87,1.00
2017.04.19 02:00:56.918,1.08813,1.08826,1.00,1.00
2017.04.19 02:00:57.755,1.08814,1.08826,1.00,1.00
2017.04.19 02:00:58.311,1.08814,1.08825,1.00,1.00
2017.04.19 02:00:59.028,1.08812,1.08825,1.87,1.00
2017.04.19 02:00:59.560,1.08813,1.08825,1.00,1.00
2017.04.19 02:01:01.878,1.08818,1.08829,1.00,1.00
2017.04.19 02:01:04.178,1.08817,1.08827,1.00,1.00
2017.04.19 02:01:06.490,1.08817,1.08828,1.00,1.00
2017.04.19 02:01:07.588,1.08816,1.08828,1.00,1.00
2017.04.19 02:01:08.130,1.08817,1.08828,1.00,1.00
2017.04.19 02:01:09.344,1.08817,1.08829,1.00,1.69
2017.04.19 02:01:09.850,1.08818,1.0883,1.00,1.25
2017.04.19 02:01:10.208,1.08821,1.0883,1.00,1.00
2017.04.19 02:01:10.412,1.08821,1.08832,1.00,1.00
2017.04.19 02:01:12.446,1.08822,1.08832,1.00,1.00
2017.04.19 02:01:13.464,1.08822,1.08833,1.00,2.44
2017.04.19 02:01:14.454,1.08822,1.08832,1.00,1.00
2017.04.19 02:01:20.438,1.08822,1.08834,1.00,2.44
2017.04.19 02:01:20.668,1.0882,1.08834,1.00,2.09
2017.04.19 02:01:21.231,1.08819,1.08834,1.00,2.09
2017.04.19 02:01:22.513,1.0882,1.08834,1.50,1.69
2017.04.19 02:01:23.446,1.08821,1.08834,1.00,1.69
2017.04.19 02:01:24.119,1.08821,1.08834,1.00,1.00
2017.04.19 02:01:24.353,1.08821,1.08836,1.00,1.87
2017.04.19 02:01:24.944,1.08822,1.08836,1.00,1.87
2017.04.19 02:01:25.464,1.08824,1.08837,1.00,1.37
2017.04.19 02:01:25.718,1.08822,1.08838,1.69,1.00
2017.04.19 02:01:26.225,1.08823,1.08837,1.00,1.00
2017.04.19 02:01:26.538,1.08825,1.08836,1.00,1.00
2017.04.19 02:01:27.055,1.08824,1.08837,1.25,1.00
2017.04.19 02:01:27.643,1.08824,1.08838,1.25,1.00
2017.04.19 02:01:28.191,1.08824,1.08839,1.25,1.00
2017.04.19 02:01:30.440,1.08826,1.0884,1.00,1.12
2017.04.19 02:01:30.745,1.08827,1.08838,1.00,1.00
2017.04.19 02:01:31.416,1.08827,1.08837,1.00,1.00
2017.04.19 02:01:31.619,1.08824,1.08836,1.87,1.00
2017.04.19 02:01:31.924,1.08826,1.08837,1.00,1.00
2017.04.19 02:01:32.431,1.08826,1.08838,1.00,1.00
2017.04.19 02:01:32.976,1.08826,1.08837,1.00,1.00
2017.04.19 02:01:33.829,1.08827,1.08837,1.00,1.00
2017.04.19 02:01:34.482,1.08826,1.08837,1.00,1.00
2017.04.19 02:01:36.837,1.08826,1.08838,1.00,1.00
2017.04.19 02:01:38.187,1.08826,1.08837,1.00,1.00
2017.04.19 02:01:41.269,1.08827,1.08837,1.00,1.00
2017.04.19 02:01:41.817,1.08829,1.08838,1.00,1.00
2017.04.19 02:01:41.918,1.08829,1.0884,1.00,1.00
2017.04.19 02:01:42.296,1.0883,1.08842,1.25,1.00
2017.04.19 02:01:42.347,1.08832,1.08842,1.00,1.00
2017.04.19 02:01:43.330,1.0883,1.08842,1.31,1.00
2017.04.19 02:01:45.946,1.0883,1.08845,1.50,1.37
2017.04.19 02:01:45.997,1.08833,1.08846,1.00,1.37
2017.04.19 02:01:46.311,1.08835,1.08846,1.00,1.00
2017.04.19 02:01:46.516,1.08833,1.08846,1.00,1.00
2017.04.19 02:01:47.035,1.08833,1.08845,1.00,1.00
2017.04.19 02:01:48.819,1.08831,1.08845,1.25,1.00
2017.04.19 02:01:49.478,1.08831,1.08844,1.00,1.00
2017.04.19 02:01:49.963,1.08827,1.08841,1.87,1.00
2017.04.19 02:01:50.944,1.08825,1.08841,1.25,1.50
2017.04.19 02:01:51.089,1.08827,1.08841,1.00,1.50
2017.04.19 02:01:51.794,1.08827,1.0884,1.00,1.00
2017.04.19 02:01:52.486,1.08827,1.08842,1.00,1.25
2017.04.19 02:01:53.028,1.08828,1.08842,1.00,1.25
2017.04.19 02:01:53.079,1.08832,1.08844,1.00,2.44
2017.04.19 02:01:53.383,1.08832,1.08844,1.00,1.12
2017.04.19 02:01:54.050,1.08832,1.08845,1.00,2.06
2017.04.19 02:01:56.029,1.08833,1.08844,1.00,1.00
2017.04.19 02:01:56.555,1.08834,1.08845,1.00,1.00
2017.04.19 02:01:57.157,1.08834,1.08846,1.00,1.50
2017.04.19 02:01:57.712,1.08834,1.08844,1.00,1.00
2017.04.19 02:01:58.013,1.08831,1.08842,1.00,1.00
2017.04.19 02:01:58.317,1.08829,1.08842,1.00,1.00
2017.04.19 02:01:58.419,1.08827,1.08841,1.50,1.00
2017.04.19 02:02:04.950,1.08829,1.08841,1.00,1.00
2017.04.19 02:02:06.356,1.08827,1.08841,1.50,1.00
2017.04.19 02:02:07.556,1.08826,1.0884,1.00,1.50
2017.04.19 02:02:07.768,1.08826,1.08837,1.00,1.00
2017.04.19 02:02:08.099,1.08825,1.08833,1.25,1.00
2017.04.19 02:02:08.151,1.08823,1.08833,1.12,1.00
2017.04.19 02:02:08.253,1.08821,1.08832,1.50,1.50
2017.04.19 02:02:08.304,1.08821,1.08829,1.50,1.00
2017.04.19 02:02:08.405,1.08817,1.08829,1.00,1.00
2017.04.19 02:02:08.948,1.08818,1.0883,1.00,1.00
2017.04.19 02:02:08.999,1.0882,1.08831,1.00,1.00
2017.04.19 02:02:09.580,1.08821,1.0883,1.00,1.00
2017.04.19 02:02:09.749,1.08821,1.08834,1.50,1.00
2017.04.19 02:02:10.048,1.08824,1.08834,1.00,1.00
2017.04.19 02:02:10.584,1.08824,1.08835,1.00,1.25
2017.04.19 02:02:11.763,1.08823,1.08835,1.00,1.25
2017.04.19 02:02:12.090,1.08827,1.08838,1.00,1.50
2017.04.19 02:02:12.501,1.08827,1.0884,1.00,2.81
2017.04.19 02:02:13.050,1.08828,1.0884,1.00,2.44
2017.04.19 02:02:13.374,1.0883,1.0884,1.00,1.50
2017.04.19 02:02:13.476,1.0883,1.08843,1.00,1.50
2017.04.19 02:02:15.491,1.0883,1.08841,1.00,1.00
2017.04.19 02:02:16.135,1.08829,1.08841,1.00,1.00
2017.04.19 02:02:16.655,1.0883,1.08842,1.00,1.00
2017.04.19 02:02:16.979,1.08832,1.08842,1.00,1.50
2017.04.19 02:02:18.606,1.08832,1.08843,1.00,1.00
2017.04.19 02:02:18.862,1.08833,1.08845,1.00,2.06
2017.04.19 02:02:19.417,1.08834,1.08846,1.00,1.50
2017.04.19 02:02:22.640,1.08834,1.08845,1.00,1.00
2017.04.19 02:02:23.147,1.08834,1.08844,1.00,1.00
2017.04.19 02:02:23.475,1.08834,1.08846,1.00,1.00
2017.04.19 02:02:24.554,1.08834,1.08844,1.00,1.00
2017.04.19 02:02:26.464,1.08834,1.08845,1.00,1.00
2017.04.19 02:02:26.830,1.08832,1.08845,1.00,1.00
2017.04.19 02:02:27.143,1.08831,1.08843,1.00,1.00
2017.04.19 02:02:27.718,1.08832,1.08843,1.00,1.00
2017.04.19 02:02:28.108,1.08832,1.08845,1.00,1.00
2017.04.19 02:02:28.789,1.08833,1.08845,1.00,1.00
2017.04.19 02:02:31.430,1.08833,1.08846,1.00,1.12
2017.04.19 02:02:31.733,1.08831,1.08846,1.50,1.00
2017.04.19 02:02:33.066,1.08831,1.08845,1.00,1.00
2017.04.19 02:02:35.417,1.0883,1.08845,1.50,1.00
2017.04.19 02:02:36.849,1.0883,1.08843,1.00,1.00
2017.04.19 02:02:40.058,1.08828,1.08843,2.62,1.00
2017.04.19 02:02:40.160,1.08826,1.0884,2.00,1.00
2017.04.19 02:02:40.414,1.08829,1.08844,1.00,1.87
2017.04.19 02:02:41.025,1.08829,1.08844,1.19,1.87
2017.04.19 02:02:41.355,1.08828,1.08843,1.12,2.25
2017.04.19 02:02:41.406,1.08828,1.08841,1.12,1.00
2017.04.19 02:02:41.937,1.08827,1.08842,3.19,1.50
2017.04.19 02:02:44.000,1.0883,1.08842,1.00,1.00
2017.04.19 02:02:44.790,1.08827,1.08839,1.50,1.00
2017.04.19 02:02:44.994,1.08826,1.08839,1.00,1.00
2017.04.19 02:02:45.600,1.08827,1.08839,1.00,1.00
2017.04.19 02:02:45.701,1.08828,1.08841,1.00,1.50
2017.04.19 02:02:46.353,1.08828,1.0884,1.00,1.00
2017.04.19 02:02:46.658,1.0883,1.08843,1.00,1.00
2017.04.19 02:02:46.996,1.0883,1.08843,3.79,1.00
2017.04.19 02:02:47.148,1.0883,1.08843,1.19,1.00
2017.04.19 02:02:47.655,1.08831,1.08844,1.00,1.00
2017.04.19 02:02:48.393,1.0883,1.08843,1.00,1.00
2017.04.19 02:02:50.479,1.0883,1.08842,1.00,1.00
2017.04.19 02:02:51.382,1.08831,1.08842,1.00,1.00
2017.04.19 02:02:52.313,1.08831,1.08843,1.00,1.00
2017.04.19 02:02:54.266,1.08832,1.08843,1.00,1.00
2017.04.19 02:02:56.084,1.08831,1.08843,1.00,1.00
2017.04.19 02:02:57.030,1.08831,1.08844,1.00,1.00
2017.04.19 02:02:58.349,1.08831,1.08842,1.00,1.00
2017.04.19 02:02:58.400,1.08829,1.08841,1.50,1.00
2017.04.19 02:02:58.933,1.08829,1.08842,1.00,1.50
2017.04.19 02:02:59.496,1.08828,1.08842,1.00,1.00
2017.04.19 02:02:59.733,1.0883,1.08842,1.00,1.00
2017.04.19 02:03:00.241,1.08831,1.08843,1.00,1.00
2017.04.19 02:03:00.943,1.08831,1.08844,1.00,2.25
2017.04.19 02:03:01.448,1.0883,1.08844,1.00,1.50
2017.04.19 02:03:02.003,1.08829,1.08844,1.31,1.50
2017.04.19 02:03:02.620,1.0883,1.08844,1.00,1.50
2017.04.19 02:03:03.208,1.08829,1.08844,1.31,2.25
2017.04.19 02:03:06.182,1.08829,1.08841,1.31,1.00
2017.04.19 02:03:06.708,1.0883,1.08842,1.54,1.00
2017.04.19 02:03:07.315,1.0883,1.08842,1.91,1.00
2017.04.19 02:03:07.417,1.08833,1.08845,1.00,1.00
2017.04.19 02:03:08.041,1.08832,1.08845,1.12,1.00
2017.04.19 02:03:09.085,1.0883,1.08844,1.87,1.50
2017.04.19 02:03:09.136,1.0883,1.08842,1.50,1.00
2017.04.19 02:03:09.187,1.0883,1.08842,1.00,1.00
2017.04.19 02:03:10.513,1.08829,1.08841,1.12,1.00
2017.04.19 02:03:10.766,1.08826,1.08839,1.12,1.00
2017.04.19 02:03:10.868,1.08825,1.08838,1.50,1.00
2017.04.19 02:03:10.919,1.08825,1.08838,1.12,1.00
2017.04.19 02:03:11.636,1.08825,1.08837,1.00,1.00
2017.04.19 02:03:12.141,1.08826,1.08839,1.00,1.50
2017.04.19 02:03:12.578,1.08824,1.08839,1.12,1.50
2017.04.19 02:03:13.579,1.08825,1.08839,1.00,1.00
2017.04.19 02:03:19.366,1.08827,1.08841,1.87,1.00
2017.04.19 02:03:19.671,1.08826,1.08839,1.00,1.00
2017.04.19 02:03:21.049,1.08825,1.08838,1.00,1.00
2017.04.19 02:03:21.552,1.08824,1.08838,1.00,1.87
2017.04.19 02:03:24.987,1.08823,1.08838,1.87,1.12
2017.04.19 02:03:25.646,1.08824,1.08838,1.00,1.87
2017.04.19 02:03:25.969,1.08826,1.08838,1.00,1.12
2017.04.19 02:03:27.925,1.08827,1.08839,1.00,1.37
2017.04.19 02:03:28.464,1.08827,1.08839,1.00,1.00
2017.04.19 02:03:28.972,1.08826,1.08839,1.12,1.00
2017.04.19 02:03:33.550,1.08826,1.08839,1.50,1.00
2017.04.19 02:03:33.652,1.08826,1.08841,1.50,1.12
2017.04.19 02:03:33.703,1.08828,1.08841,1.00,1.12
2017.04.19 02:03:34.539,1.0883,1.08841,1.00,1.00
2017.04.19 02:03:35.051,1.08829,1.08841,1.12,1.00
2017.04.19 02:03:35.356,1.08824,1.08839,3.00,1.12
2017.04.19 02:03:35.458,1.08824,1.08837,1.87,1.00
2017.04.19 02:03:37.737,1.08823,1.08837,1.12,1.00
2017.04.19 02:03:37.965,1.08823,1.08834,1.12,1.00
2017.04.19 02:03:38.320,1.08821,1.08834,1.50,1.12
2017.04.19 02:03:40.773,1.0882,1.08834,1.50,1.12
2017.04.19 02:03:41.753,1.08821,1.08835,1.00,1.87
2017.04.19 02:03:42.590,1.0882,1.08835,1.00,1.37
2017.04.19 02:03:45.452,1.08821,1.08836,1.00,1.67
2017.04.19 02:03:46.229,1.08824,1.08837,1.00,2.29
2017.04.19 02:03:46.882,1.08826,1.08841,1.00,3.00
2017.04.19 02:03:46.933,1.08828,1.08841,1.00,1.50
2017.04.19 02:03:47.086,1.08832,1.08843,1.00,1.50
2017.04.19 02:03:47.240,1.08834,1.08845,1.00,1.00
2017.04.19 02:03:47.545,1.08836,1.08848,1.00,1.75
2017.04.19 02:03:47.647,1.08837,1.08848,1.00,1.00
2017.04.19 02:03:48.152,1.08837,1.0885,1.00,2.81
2017.04.19 02:03:48.388,1.08835,1.08848,1.00,1.00
2017.04.19 02:03:48.987,1.08835,1.08847,1.00,1.00
2017.04.19 02:03:49.491,1.08835,1.08848,1.00,1.00
2017.04.19 02:03:49.592,1.08837,1.08848,1.00,1.00
2017.04.19 02:03:49.896,1.08835,1.0885,1.00,1.37
2017.04.19 02:03:50.803,1.08836,1.0885,1.00,1.37
2017.04.19 02:03:51.352,1.08835,1.0885,1.00,1.37
2017.04.19 02:03:51.913,1.08834,1.0885,1.69,1.87
2017.04.19 02:03:55.504,1.08837,1.08849,1.00,1.12
2017.04.19 02:03:55.655,1.08837,1.08852,1.12,1.50
2017.04.19 02:03:56.161,1.08838,1.08852,1.00,1.50
2017.04.19 02:03:56.652,1.08836,1.08849,2.06,1.00
2017.04.19 02:03:56.856,1.08834,1.08848,2.06,1.00
2017.04.19 02:03:58.160,1.08835,1.08849,1.00,1.50
2017.04.19 02:03:58.691,1.08836,1.0885,1.69,1.00
2017.04.19 02:03:59.194,1.08835,1.08849,1.00,1.50
2017.04.19 02:04:01.772,1.08836,1.08851,1.00,1.87
2017.04.19 02:04:01.823,1.08838,1.08851,1.00,1.87
2017.04.19 02:04:03.031,1.0884,1.08855,1.00,3.00
2017.04.19 02:04:03.082,1.0884,1.08854,1.00,1.12
2017.04.19 02:04:03.633,1.08839,1.08855,2.44,1.50
2017.04.19 02:04:04.176,1.08839,1.08854,1.50,1.00
2017.04.19 02:04:04.690,1.0884,1.08854,1.00,1.00
2017.04.19 02:04:05.235,1.08841,1.08854,1.00,1.00
2017.04.19 02:04:05.776,1.0884,1.08854,1.00,1.50
2017.04.19 02:04:06.029,1.08838,1.08854,1.25,3.00
2017.04.19 02:04:07.134,1.08838,1.08853,2.81,1.00
2017.04.19 02:04:07.449,1.0884,1.08854,1.00,2.25
2017.04.19 02:04:08.416,1.08839,1.08853,1.00,1.00
2017.04.19 02:04:09.070,1.08838,1.08852,1.69,1.00
2017.04.19 02:04:09.375,1.08836,1.08848,1.00,1.00
2017.04.19 02:04:09.882,1.08835,1.08848,1.00,1.00
2017.04.19 02:04:10.532,1.08834,1.08848,1.00,1.00
2017.04.19 02:04:11.061,1.08834,1.08849,1.00,1.00
2017.04.19 02:04:13.255,1.08833,1.08849,1.91,1.50
2017.04.19 02:04:13.610,1.08835,1.08849,1.00,1.50
2017.04.19 02:04:14.154,1.08837,1.0885,1.00,1.50
2017.04.19 02:04:14.410,1.08834,1.08849,1.12,1.50
2017.04.19 02:04:14.461,1.08836,1.0885,1.25,1.50
2017.04.19 02:04:14.766,1.08834,1.08846,1.50,1.00
2017.04.19 02:04:15.070,1.08833,1.08844,1.00,1.00
2017.04.19 02:04:15.374,1.08829,1.08841,1.37,1.00
2017.04.19 02:04:15.425,1.08828,1.08841,1.00,1.00
2017.04.19 02:04:16.461,1.08829,1.08841,1.00,1.00
2017.04.19 02:04:25.469,1.08829,1.08842,1.00,1.00
2017.04.19 02:04:25.987,1.08829,1.08841,1.00,1.00
2017.04.19 02:04:26.727,1.08828,1.08841,1.00,1.00
2017.04.19 02:04:27.701,1.08828,1.08842,1.00,1.00
2017.04.19 02:04:28.296,1.08828,1.08843,1.00,1.00
2017.04.19 02:04:29.415,1.08829,1.08843,1.00,1.00
2017.04.19 02:04:29.467,1.08831,1.08843,1.50,1.00
2017.04.19 02:04:29.569,1.08832,1.08845,1.00,1.87
2017.04.19 02:04:30.735,1.08832,1.08846,1.00,1.00
2017.04.19 02:04:31.489,1.08831,1.08846,1.69,1.00
2017.04.19 02:04:32.141,1.08831,1.08845,1.50,1.00
2017.04.19 02:04:32.636,1.08833,1.08847,1.00,1.87
2017.04.19 02:04:34.180,1.08832,1.08846,1.50,1.00
2017.04.19 02:04:35.955,1.08832,1.08846,1.00,2.25
2017.04.19 02:04:36.459,1.08832,1.08846,1.00,1.87
2017.04.19 02:04:38.171,1.08833,1.08846,1.00,1.12
2017.04.19 02:04:38.628,1.08833,1.08844,1.00,1.00
2017.04.19 02:04:38.780,1.08831,1.08844,1.00,1.00
2017.04.19 02:04:39.178,1.08831,1.08842,1.00,1.00
2017.04.19 02:04:39.724,1.08832,1.08842,1.00,1.00
2017.04.19 02:04:41.313,1.08831,1.08842,1.00,1.00
2017.04.19 02:04:41.618,1.08829,1.0884,1.50,1.00
2017.04.19 02:04:42.164,1.08829,1.08839,1.00,1.00
2017.04.19 02:04:42.772,1.08828,1.08839,1.00,1.00
2017.04.19 02:04:46.512,1.08827,1.08838,1.12,1.00
2017.04.19 02:04:48.968,1.08826,1.08838,1.00,1.00
2017.04.19 02:04:50.810,1.08825,1.08838,1.50,1.00
2017.04.19 02:04:51.115,1.08825,1.08835,1.00,1.00
2017.04.19 02:04:51.561,1.08825,1.08837,1.00,1.00
2017.04.19 02:04:52.068,1.08825,1.08838,1.00,1.00
2017.04.19 02:04:52.600,1.08825,1.08837,1.00,1.00
2017.04.19 02:04:53.342,1.08825,1.08839,1.00,1.12
2017.04.19 02:04:53.393,1.08827,1.08841,1.00,2.25
2017.04.19 02:04:55.248,1.08827,1.08843,1.87,2.66
2017.04.19 02:04:55.831,1.08829,1.08841,1.00,1.00
2017.04.19 02:04:56.356,1.08829,1.0884,1.00,1.00
2017.04.19 02:04:58.371,1.08829,1.08841,1.00,1.00
2017.04.19 02:05:00.490,1.08831,1.08842,1.00,1.00
2017.04.19 02:05:01.072,1.08831,1.08843,1.00,1.12
2017.04.19 02:05:01.377,1.08833,1.08848,1.50,3.37
2017.04.19 02:05:01.480,1.08836,1.08847,1.00,1.12
2017.04.19 02:05:05.100,1.08837,1.0885,1.12,1.50
2017.04.19 02:05:09.485,1.08837,1.08849,1.00,1.50
2017.04.19 02:05:09.587,1.08835,1.08848,2.25,1.50
2017.04.19 02:05:13.285,1.08833,1.08847,1.12,1.00
2017.04.19 02:05:14.783,1.08832,1.08845,1.50,1.00
2017.04.19 02:05:14.936,1.08831,1.08844,1.00,1.00
2017.04.19 02:05:15.457,1.0883,1.08843,1.25,1.50
2017.04.19 02:05:19.920,1.08831,1.08843,1.00,1.00
2017.04.19 02:05:21.747,1.0883,1.08841,1.00,1.00
2017.04.19 02:05:21.951,1.08828,1.0884,1.00,1.87
2017.04.19 02:05:25.963,1.08827,1.0884,1.00,1.50
2017.04.19 02:05:26.504,1.08827,1.0884,1.00,1.50
2017.04.19 02:05:28.440,1.08827,1.08842,1.12,3.37
2017.04.19 02:05:29.227,1.08828,1.08842,1.00,3.37
2017.04.19 02:05:31.401,1.08831,1.08842,1.50,1.50
2017.04.19 02:05:31.708,1.08841,1.08852,1.00,1.42
2017.04.19 02:05:31.862,1.08843,1.08856,1.12,1.87
2017.04.19 02:05:32.217,1.08841,1.08855,1.50,1.50
2017.04.19 02:05:33.089,1.08842,1.08856,1.12,1.37
2017.04.19 02:05:33.140,1.08842,1.08856,1.87,1.37
2017.04.19 02:05:33.766,1.08842,1.08856,1.87,1.37
2017.04.19 02:05:33.950,1.08841,1.08856,4.12,1.37
2017.04.19 02:05:34.509,1.08843,1.08856,1.50,1.37
2017.04.19 02:05:35.035,1.08844,1.08856,1.12,1.37
2017.04.19 02:05:37.659,1.08844,1.08858,1.87,1.12
2017.04.19 02:05:38.173,1.08844,1.08856,1.12,1.37
2017.04.19 02:05:38.663,1.08842,1.08856,1.12,1.37
2017.04.19 02:05:40.163,1.08843,1.08857,1.12,1.31
2017.04.19 02:05:40.316,1.08841,1.08855,1.87,1.00
2017.04.19 02:05:40.831,1.08841,1.08855,2.62,1.00
2017.04.19 02:05:41.423,1.08841,1.08854,1.87,1.00
2017.04.19 02:05:42.978,1.08841,1.08853,1.87,1.00
2017.04.19 02:05:43.131,1.08841,1.08856,2.62,1.87
2017.04.19 02:05:43.234,1.08844,1.08857,1.12,1.75
2017.04.19 02:05:43.719,1.08842,1.08857,3.37,1.75
2017.04.19 02:05:43.821,1.08844,1.08857,1.12,1.75
2017.04.19 02:05:45.040,1.08843,1.08857,3.00,1.37
2017.04.19 02:05:45.614,1.08843,1.08857,3.00,1.00
2017.04.19 02:05:46.254,1.08845,1.08857,1.00,1.00
2017.04.19 02:05:48.427,1.08847,1.08861,1.00,2.25
2017.04.19 02:05:48.591,1.08847,1.08861,1.87,1.50
2017.04.19 02:05:48.946,1.0885,1.08862,1.37,1.00
2017.04.19 02:05:49.447,1.0885,1.08863,1.50,1.00
2017.04.19 02:05:51.136,1.0885,1.08865,1.50,2.25
2017.04.19 02:05:51.680,1.0885,1.08866,3.19,1.50
2017.04.19 02:05:52.205,1.0885,1.08864,3.19,1.00
2017.04.19 02:05:52.509,1.08853,1.08867,1.50,1.50
2017.04.19 02:05:52.880,1.08853,1.08866,1.00,1.87
2017.04.19 02:05:54.740,1.08853,1.08866,1.00,1.50
2017.04.19 02:05:55.241,1.08853,1.08864,1.00,1.00
2017.04.19 02:05:56.186,1.08851,1.08864,1.25,1.00
2017.04.19 02:05:56.339,1.0885,1.08862,1.00,1.00
2017.04.19 02:05:57.262,1.0885,1.08861,1.00,1.00
2017.04.19 02:06:00.446,1.08849,1.08862,1.87,1.50
2017.04.19 02:06:02.455,1.08849,1.08862,1.12,1.87
2017.04.19 02:06:02.831,1.08847,1.08862,1.72,1.87
2017.04.19 02:06:03.034,1.08848,1.08862,1.37,1.87
2017.04.19 02:06:03.549,1.08848,1.08862,1.00,1.87
2017.04.19 02:06:04.021,1.0885,1.08862,1.12,2.62
2017.04.19 02:06:04.558,1.0885,1.08862,1.87,1.12
2017.04.19 02:06:05.098,1.0885,1.08862,1.12,1.87
2017.04.19 02:06:06.468,1.08848,1.08862,1.50,1.12
2017.04.19 02:06:06.706,1.08848,1.08862,1.87,1.87
2017.04.19 02:06:07.222,1.08849,1.08861,1.12,1.00
2017.04.19 02:06:07.790,1.0885,1.08861,1.37,1.00
2017.04.19 02:06:08.104,1.08849,1.08861,1.12,1.00
2017.04.19 02:06:08.620,1.08849,1.08861,1.87,1.00
2017.04.19 02:06:09.277,1.08848,1.08861,2.62,1.00
2017.04.19 02:06:10.678,1.08849,1.08861,1.37,1.00
2017.04.19 02:06:11.217,1.08848,1.08861,2.62,1.00
2017.04.19 02:06:11.906,1.08848,1.08861,3.37,1.00
2017.04.19 02:06:14.044,1.08848,1.0886,1.87,1.12
2017.04.19 02:06:14.197,1.08848,1.08858,1.00,1.00
2017.04.19 02:06:14.248,1.08846,1.08858,1.12,1.00
2017.04.19 02:06:14.299,1.08848,1.08859,1.00,1.00
2017.04.19 02:06:14.838,1.08847,1.0886,2.62,1.12
2017.04.19 02:06:16.323,1.08849,1.08861,1.00,1.12
2017.04.19 02:06:16.950,1.08849,1.08863,1.87,2.81
2017.04.19 02:06:17.457,1.0885,1.08863,1.00,1.50
2017.04.19 02:06:18.636,1.08849,1.08863,2.25,2.25
2017.04.19 02:06:20.068,1.0885,1.08863,1.00,2.25
2017.04.19 02:06:20.800,1.08848,1.08861,2.62,1.00
2017.04.19 02:06:21.308,1.08849,1.08862,1.87,1.12
2017.04.19 02:06:24.421,1.08853,1.08863,1.00,2.25
2017.04.19 02:06:25.513,1.08854,1.08864,1.00,1.75
2017.04.19 02:06:25.879,1.08852,1.08863,1.00,1.50
2017.04.19 02:06:26.356,1.08848,1.08859,1.87,1.00
2017.04.19 02:06:26.458,1.08846,1.08859,1.00,1.50
2017.04.19 02:06:26.610,1.08845,1.08856,1.00,1.00
2017.04.19 02:06:27.339,1.08845,1.08857,1.00,1.50
2017.04.19 02:06:28.050,1.08845,1.08855,1.00,1.00
2017.04.19 02:06:29.143,1.08846,1.08857,1.00,1.00
2017.04.19 02:06:29.784,1.08846,1.08857,1.00,2.25
2017.04.19 02:06:31.490,1.08844,1.08858,1.00,2.25
2017.04.19 02:06:32.046,1.08845,1.08857,1.00,1.50
2017.04.19 02:06:32.747,1.08846,1.08859,1.00,2.85
2017.04.19 02:06:32.899,1.08846,1.08859,1.00,2.85
2017.04.19 02:06:33.494,1.08844,1.08857,1.50,1.00
2017.04.19 02:06:34.483,1.08844,1.08855,1.00,1.00
2017.04.19 02:06:35.212,1.08843,1.08853,1.00,1.00
2017.04.19 02:06:37.711,1.08841,1.08852,1.50,1.00
2017.04.19 02:06:37.914,1.08839,1.08853,1.00,3.41
2017.04.19 02:06:38.067,1.08837,1.08852,1.50,2.29
2017.04.19 02:06:38.472,1.08839,1.08851,1.50,1.35
2017.04.19 02:06:38.741,1.0884,1.08854,1.50,1.30
2017.04.19 02:06:39.116,1.08838,1.08851,1.87,1.60
2017.04.19 02:06:39.268,1.08839,1.08853,1.50,1.72
2017.04.19 02:06:39.471,1.08841,1.08854,1.00,1.00
2017.04.19 02:06:40.081,1.08839,1.08854,1.00,1.00
2017.04.19 02:06:40.284,1.08839,1.08852,1.00,1.12
2017.04.19 02:06:40.809,1.0884,1.08853,1.00,1.00
2017.04.19 02:06:41.553,1.0884,1.08854,1.50,1.00
2017.04.19 02:06:42.421,1.0884,1.08855,1.50,1.50
2017.04.19 02:06:45.111,1.0884,1.08854,1.50,1.00
2017.04.19 02:06:45.841,1.0884,1.08855,1.50,1.50
2017.04.19 02:06:46.352,1.0884,1.08854,1.00,1.00
2017.04.19 02:06:48.169,1.08839,1.08853,2.25,1.00
2017.04.19 02:06:48.678,1.08839,1.08854,1.50,1.50
2017.04.19 02:06:50.275,1.08839,1.08853,1.50,1.00
2017.04.19 02:06:51.035,1.08837,1.0885,1.12,1.00
2017.04.19 02:06:51.137,1.08834,1.08849,2.81,1.00
2017.04.19 02:06:51.341,1.08836,1.08851,1.00,1.50
2017.04.19 02:06:51.696,1.08838,1.08852,1.25,1.00
2017.04.19 02:06:51.798,1.08838,1.08854,1.31,1.87
2017.04.19 02:06:52.587,1.08839,1.08854,1.00,1.12
2017.04.19 02:06:53.087,1.08837,1.08851,2.62,1.00
2017.04.19 02:06:54.086,1.08838,1.08851,1.00,1.00
2017.04.19 02:06:54.900,1.08836,1.08851,1.25,1.00
2017.04.19 02:06:55.045,1.08836,1.08851,1.19,1.00
2017.04.19 02:06:57.345,1.08836,1.0885,2.06,1.00
2017.04.19 02:06:59.418,1.08837,1.0885,1.19,1.00
2017.04.19 02:07:00.127,1.08837,1.08851,2.06,1.00
2017.04.19 02:07:02.493,1.0884,1.08851,1.00,1.00
2017.04.19 02:07:03.032,1.0884,1.08854,1.00,1.50
2017.04.19 02:07:06.170,1.0884,1.08853,1.25,1.00
2017.04.19 02:07:08.431,1.0884,1.08854,1.25,2.25
2017.04.19 02:07:09.216,1.0884,1.08852,1.25,1.00
2017.04.19 02:07:12.276,1.08841,1.08852,1.00,1.00
2017.04.19 02:07:12.824,1.08841,1.08853,1.00,1.00
2017.04.19 02:07:13.336,1.08842,1.08853,1.00,1.00
2017.04.19 02:07:24.391,1.08841,1.08853,1.00,1.00
2017.04.19 02:07:25.212,1.08841,1.08852,1.00,1.00
2017.04.19 02:07:26.892,1.0884,1.08852,1.00,1.00
2017.04.19 02:07:30.155,1.0884,1.08855,1.00,1.19
2017.04.19 02:07:30.909,1.08841,1.08855,1.00,1.19
2017.04.19 02:07:32.351,1.08842,1.08855,1.00,1.19
2017.04.19 02:07:32.964,1.08841,1.08855,1.00,1.19
2017.04.19 02:07:37.562,1.08841,1.08855,1.00,1.69
2017.04.19 02:07:41.145,1.08841,1.08854,1.00,1.00
2017.04.19 02:07:42.466,1.0884,1.08851,1.00,1.00
2017.04.19 02:07:42.518,1.08838,1.08852,1.12,1.69
2017.04.19 02:07:42.619,1.08837,1.08849,1.37,1.00
2017.04.19 02:07:42.721,1.08837,1.08851,1.00,1.00
2017.04.19 02:07:42.772,1.08841,1.08852,1.00,1.00
2017.04.19 02:07:43.804,1.0884,1.08852,1.00,1.00
2017.04.19 02:07:46.482,1.08836,1.08845,1.72,1.00
2017.04.19 02:07:46.685,1.08833,1.08847,1.50,1.25
2017.04.19 02:07:46.736,1.08832,1.08846,1.00,2.47
2017.04.19 02:07:47.661,1.08831,1.08845,1.00,1.50
2017.04.19 02:07:49.551,1.08831,1.08846,1.00,1.12
2017.04.19 02:07:50.280,1.08834,1.08847,1.50,1.37
2017.04.19 02:07:50.622,1.08836,1.08847,1.00,1.00
2017.04.19 02:07:50.732,1.08836,1.08849,1.00,1.87
2017.04.19 02:07:50.783,1.08838,1.08849,1.00,1.12
2017.04.19 02:07:51.038,1.08839,1.08852,1.00,1.87
2017.04.19 02:07:55.751,1.0884,1.08852,1.00,1.12
2017.04.19 02:07:55.954,1.08838,1.08851,1.00,1.00
2017.04.19 02:07:56.409,1.08841,1.08853,1.00,1.87
2017.04.19 02:08:00.780,1.08843,1.08856,1.00,2.25
2017.04.19 02:08:00.882,1.08841,1.08854,1.00,1.75
2017.04.19 02:08:01.034,1.08843,1.08855,1.00,1.50
2017.04.19 02:08:01.582,1.08844,1.08855,1.00,1.00
2017.04.19 02:08:01.633,1.08842,1.08855,1.00,1.00
2017.04.19 02:08:02.193,1.08843,1.08855,1.00,1.00
2017.04.19 02:08:02.780,1.08843,1.08856,1.50,1.50
2017.04.19 02:08:04.559,1.08843,1.08855,1.00,1.00
2017.04.19 02:08:05.116,1.08843,1.08854,1.00,1.00
2017.04.19 02:08:05.219,1.08841,1.08855,1.50,1.50
2017.04.19 02:08:05.740,1.08841,1.08854,1.00,1.00
2017.04.19 02:08:07.810,1.08841,1.08855,1.50,1.50
2017.04.19 02:08:09.497,1.08845,1.08858,1.00,1.50
2017.04.19 02:08:09.599,1.08846,1.08859,1.00,1.12
2017.04.19 02:08:09.751,1.08847,1.08861,1.00,1.12
2017.04.19 02:08:10.522,1.08847,1.0886,1.00,1.00
2017.04.19 02:08:11.063,1.08847,1.08859,1.00,1.50
2017.04.19 02:08:12.535,1.08847,1.08861,1.00,1.50
2017.04.19 02:08:12.839,1.08852,1.08864,1.00,1.50
2017.04.19 02:08:12.992,1.08851,1.08865,1.87,1.37
2017.04.19 02:08:13.145,1.08849,1.08861,1.75,1.00
2017.04.19 02:08:13.359,1.08849,1.08861,1.00,1.00
2017.04.19 02:08:14.124,1.08849,1.0886,1.00,1.50
2017.04.19 02:08:14.175,1.08846,1.08858,1.00,1.00
2017.04.19 02:08:16.537,1.08846,1.08857,1.00,1.00
2017.04.19 02:08:17.044,1.08845,1.08857,1.00,1.00
2017.04.19 02:08:19.369,1.08843,1.08853,1.12,1.00
2017.04.19 02:08:20.767,1.08843,1.08854,1.00,1.00
2017.04.19 02:08:21.506,1.08843,1.08855,1.00,1.00
2017.04.19 02:08:28.652,1.08843,1.08851,1.00,1.00
2017.04.19 02:08:28.753,1.08842,1.08854,1.00,1.50
2017.04.19 02:08:29.903,1.0884,1.08854,1.37,1.50
2017.04.19 02:08:30.005,1.08838,1.08851,1.56,1.00
2017.04.19 02:08:30.057,1.08837,1.08851,2.81,1.00
2017.04.19 02:08:30.110,1.08838,1.08852,1.69,1.50
2017.04.19 02:08:32.718,1.08837,1.08852,2.06,1.00
2017.04.19 02:08:33.156,1.08835,1.0885,2.44,1.50
2017.04.19 02:08:35.115,1.08837,1.08851,1.31,1.00
2017.04.19 02:08:35.638,1.08837,1.0885,1.31,1.00
2017.04.19 02:08:36.143,1.08838,1.08852,1.00,1.50
2017.04.19 02:08:37.559,1.08837,1.0885,1.62,1.00
2017.04.19 02:08:37.965,1.08835,1.08849,1.69,1.00
2017.04.19 02:08:41.162,1.08835,1.0885,2.81,1.00
2017.04.19 02:08:41.264,1.08836,1.08852,1.25,1.50
2017.04.19 02:08:42.115,1.08837,1.08851,1.00,1.00
2017.04.19 02:08:44.766,1.08837,1.08853,1.87,2.25
2017.04.19 02:08:44.817,1.0884,1.08853,1.00,1.00
2017.04.19 02:08:45.387,1.0884,1.08854,1.00,1.12
2017.04.19 02:08:58.373,1.08839,1.08853,2.06,1.50
2017.04.19 02:08:58.627,1.08842,1.08856,1.25,1.12
2017.04.19 02:08:58.728,1.08845,1.08857,1.00,1.37
2017.04.19 02:08:58.951,1.08848,1.08862,1.69,1.00
2017.04.19 02:09:00.334,1.08849,1.08863,1.25,2.25
2017.04.19 02:09:00.836,1.08848,1.08862,1.19,1.00
2017.04.19 02:09:01.823,1.08848,1.0886,1.19,1.00
2017.04.19 02:09:03.417,1.08847,1.0886,1.25,1.00
2017.04.19 02:09:03.941,1.08846,1.08859,1.19,1.12
2017.04.19 02:09:04.466,1.08846,1.08859,1.31,1.12
2017.04.19 02:09:05.023,1.08845,1.08859,1.25,1.87
2017.04.19 02:09:05.542,1.08843,1.08859,2.44,1.87
2017.04.19 02:09:06.731,1.08845,1.08859,1.00,1.87
2017.04.19 02:09:07.258,1.08846,1.08859,1.12,1.87
2017.04.19 02:09:10.596,1.08846,1.0886,1.37,1.87
2017.04.19 02:09:12.295,1.08844,1.08858,1.87,1.50
2017.04.19 02:09:12.396,1.08844,1.08855,1.12,1.00
2017.04.19 02:09:12.447,1.08842,1.08854,1.00,1.00
2017.04.19 02:09:12.549,1.08841,1.08852,1.12,1.00
2017.04.19 02:09:12.705,1.08839,1.08852,1.00,1.00
2017.04.19 02:09:13.392,1.08839,1.08853,1.00,1.00
2017.04.19 02:09:14.441,1.0884,1.08853,1.00,1.00
2017.04.19 02:09:16.173,1.08841,1.08853,1.00,1.00
2017.04.19 02:09:16.326,1.08839,1.08853,1.00,1.00
2017.04.19 02:09:21.340,1.08839,1.08851,1.00,1.00
2017.04.19 02:09:21.645,1.08835,1.08846,1.37,1.00
2017.04.19 02:09:21.747,1.08833,1.08846,1.00,1.00
2017.04.19 02:09:22.287,1.08833,1.08847,1.00,1.00
2017.04.19 02:09:23.052,1.08834,1.08847,1.00,1.00
2017.04.19 02:09:23.711,1.08834,1.08846,1.00,1.00
2017.04.19 02:09:24.846,1.08836,1.08849,1.00,1.00
2017.04.19 02:09:25.375,1.08837,1.08849,1.00,1.00
2017.04.19 02:09:26.054,1.08839,1.08851,1.00,2.25
2017.04.19 02:09:26.257,1.08839,1.08853,1.00,1.87
2017.04.19 02:09:26.777,1.0884,1.08853,1.00,1.87
2017.04.19 02:09:26.950,1.08842,1.08853,1.00,1.12
2017.04.19 02:09:28.741,1.0884,1.08853,1.00,1.12
2017.04.19 02:09:29.310,1.08839,1.08853,1.00,1.12
2017.04.19 02:09:30.327,1.08838,1.08853,1.00,1.72
2017.04.19 02:09:34.148,1.08839,1.08852,1.25,1.00
2017.04.19 02:09:34.676,1.08839,1.08851,1.69,1.00
2017.04.19 02:09:36.163,1.08837,1.08849,1.31,1.00
2017.04.19 02:09:39.512,1.08838,1.08849,1.00,1.00
2017.04.19 02:09:40.159,1.08837,1.08849,1.25,1.00
2017.04.19 02:09:41.688,1.08837,1.08847,1.25,1.00
2017.04.19 02:09:42.949,1.08837,1.08846,1.25,1.00
2017.04.19 02:09:43.051,1.08834,1.08846,2.06,1.00
2017.04.19 02:09:45.874,1.08834,1.08847,1.69,1.00
2017.04.19 02:09:46.401,1.08833,1.08847,1.25,1.50
2017.04.19 02:09:46.923,1.08833,1.08846,1.25,1.00
2017.04.19 02:09:50.781,1.08833,1.08845,2.06,1.00
2017.04.19 02:09:53.423,1.08833,1.08846,1.69,1.00
2017.04.19 02:09:54.021,1.08833,1.08847,1.69,2.10
2017.04.19 02:09:54.725,1.08832,1.08847,1.50,1.00
2017.04.19 02:09:58.265,1.08832,1.08846,1.50,1.60
2017.04.19 02:09:58.844,1.08832,1.08846,1.00,1.50
2017.04.19 02:10:04.492,1.08832,1.08845,1.00,1.00
2017.04.19 02:10:05.203,1.08833,1.08845,1.00,1.00
2017.04.19 02:10:05.750,1.08832,1.08845,1.00,1.00
2017.04.19 02:10:06.308,1.0883,1.08844,1.50,2.62
2017.04.19 02:10:06.411,1.08828,1.08842,1.31,2.47
2017.04.19 02:10:06.564,1.08828,1.08841,1.12,1.72
2017.04.19 02:10:06.818,1.08828,1.08842,1.00,2.85
2017.04.19 02:10:08.679,1.08828,1.08842,1.00,2.85
2017.04.19 02:10:08.780,1.08826,1.08842,1.00,2.10
2017.04.19 02:10:10.276,1.08826,1.08842,1.00,2.10
2017.04.19 02:10:10.884,1.08826,1.08842,1.00,2.10
2017.04.19 02:10:11.943,1.08828,1.08842,1.00,2.85
2017.04.19 02:10:12.636,1.08827,1.08841,1.00,1.00
2017.04.19 02:10:12.950,1.08827,1.08839,1.00,1.00
2017.04.19 02:10:13.988,1.08828,1.08839,1.00,1.00
2017.04.19 02:10:15.056,1.08827,1.08839,1.00,1.00
2017.04.19 02:10:28.892,1.08826,1.08839,1.00,1.00
2017.04.19 02:10:29.878,1.08827,1.08839,1.00,1.00
2017.04.19 02:10:36.322,1.08827,1.08841,1.00,2.85
2017.04.19 02:10:46.925,1.08827,1.0884,1.00,1.00
2017.04.19 02:10:55.201,1.08827,1.08842,1.00,2.10
2017.04.19 02:10:57.180,1.08829,1.08842,1.00,1.00
2017.04.19 02:10:57.384,1.08831,1.08846,1.00,1.12
2017.04.19 02:10:57.486,1.08833,1.08847,1.00,1.50
2017.04.19 02:10:58.158,1.08833,1.08847,1.00,2.10
2017.04.19 02:10:58.364,1.08833,1.08847,1.00,2.10
2017.04.19 02:10:59.834,1.08833,1.08846,1.00,1.00
2017.04.19 02:11:02.861,1.08833,1.08845,1.00,1.00
2017.04.19 02:11:03.932,1.08831,1.08845,1.00,1.00
2017.04.19 02:11:04.084,1.08828,1.08843,2.06,1.35
2017.04.19 02:11:04.295,1.08831,1.08844,1.00,1.35
2017.04.19 02:11:04.601,1.08842,1.0885,1.00,1.00
2017.04.19 02:11:04.703,1.08842,1.08855,1.00,1.35
2017.04.19 02:11:04.957,1.08842,1.08856,1.00,1.50
2017.04.19 02:11:05.522,1.08843,1.08856,1.00,1.00
2017.04.19 02:11:07.840,1.08842,1.08857,1.25,1.35
2017.04.19 02:11:09.477,1.08842,1.08857,1.25,1.60
2017.04.19 02:11:10.910,1.08844,1.08856,1.00,1.00
2017.04.19 02:11:12.268,1.08842,1.08856,1.25,1.00
2017.04.19 02:11:13.904,1.08844,1.08857,1.00,1.35
2017.04.19 02:11:15.604,1.08844,1.08854,1.00,1.00
2017.04.19 02:11:17.341,1.08842,1.08852,1.12,1.00
2017.04.19 02:11:17.867,1.08841,1.08851,1.00,1.00
2017.04.19 02:11:19.062,1.08841,1.08852,1.00,1.00
2017.04.19 02:11:20.150,1.08841,1.0885,1.00,1.00
2017.04.19 02:11:20.252,1.08839,1.0885,1.00,1.00
2017.04.19 02:11:20.828,1.0884,1.0885,1.00,1.00
2017.04.19 02:11:22.970,1.08838,1.08846,1.50,1.00
2017.04.19 02:11:23.122,1.08837,1.08845,1.00,1.00
2017.04.19 02:11:23.173,1.08835,1.08845,1.00,1.00
2017.04.19 02:11:24.291,1.08833,1.08845,1.12,1.00
2017.04.19 02:11:24.793,1.08833,1.08843,1.00,1.00
2017.04.19 02:11:26.854,1.08832,1.08843,1.00,1.00
2017.04.19 02:11:27.649,1.08833,1.08843,1.00,1.00
2017.04.19 02:11:30.087,1.08832,1.08843,1.25,1.00
2017.04.19 02:11:31.388,1.08832,1.08844,1.00,1.00
2017.04.19 02:11:37.891,1.08832,1.08845,1.00,1.00
2017.04.19 02:11:47.780,1.0883,1.0884,1.12,1.00
2017.04.19 02:11:47.983,1.08828,1.08842,1.00,1.60
2017.04.19 02:11:48.490,1.08828,1.08842,1.00,1.60
2017.04.19 02:11:53.106,1.08828,1.08842,1.00,2.10
2017.04.19 02:11:53.611,1.08827,1.08841,1.00,1.00
2017.04.19 02:11:54.179,1.08828,1.08841,1.00,1.00
2017.04.19 02:11:54.890,1.08828,1.08841,1.00,2.10
2017.04.19 02:11:55.413,1.08828,1.08841,1.00,1.50
2017.04.19 02:11:57.644,1.08828,1.08842,1.50,1.50
2017.04.19 02:11:57.748,1.08827,1.0884,1.00,1.00
2017.04.19 02:11:58.758,1.08827,1.08841,1.00,1.00
2017.04.19 02:11:59.685,1.08825,1.08839,1.69,1.00
2017.04.19 02:12:01.140,1.08826,1.0884,1.00,1.50
2017.04.19 02:12:02.013,1.08824,1.08838,1.00,1.50
2017.04.19 02:12:02.165,1.08821,1.08837,2.62,2.25
2017.04.19 02:12:02.318,1.08821,1.08835,1.50,1.00
2017.04.19 02:12:02.995,1.08821,1.08834,1.00,1.00
2017.04.19 02:12:03.670,1.08821,1.08833,1.00,1.00
2017.04.19 02:12:05.783,1.0882,1.08832,1.00,1.00
2017.04.19 02:12:06.265,1.08819,1.08834,1.87,1.00
2017.04.19 02:12:06.367,1.08821,1.08834,1.00,1.00
2017.04.19 02:12:06.932,1.08821,1.08835,1.00,1.50
2017.04.19 02:12:07.568,1.0882,1.08835,1.87,1.00
2017.04.19 02:12:07.922,1.08822,1.08835,1.00,1.00
2017.04.19 02:12:12.555,1.08821,1.08835,1.50,1.50
2017.04.19 02:12:13.839,1.08821,1.08837,1.50,1.87
2017.04.19 02:12:16.134,1.08821,1.08835,1.50,1.00
2017.04.19 02:12:22.569,1.0882,1.08834,1.50,1.00
2017.04.19 02:12:25.588,1.08821,1.08835,1.00,1.00
2017.04.19 02:12:26.609,1.08822,1.08835,1.00,1.00
2017.04.19 02:12:29.646,1.08822,1.08836,1.00,1.50
2017.04.19 02:12:29.698,1.0882,1.08836,2.06,2.25
2017.04.19 02:12:30.581,1.08819,1.08834,1.87,1.00
2017.04.19 02:12:30.885,1.08817,1.08831,1.00,1.00
2017.04.19 02:12:31.296,1.08819,1.08832,1.00,1.00
2017.04.19 02:12:31.348,1.08819,1.08834,1.00,1.50
2017.04.19 02:12:31.449,1.08819,1.08834,1.00,2.25
2017.04.19 02:12:31.551,1.08819,1.08834,1.00,1.50
2017.04.19 02:12:32.175,1.08818,1.08834,1.25,2.25
2017.04.19 02:12:32.699,1.08819,1.08834,1.00,1.00
2017.04.19 02:12:32.866,1.08821,1.08834,1.00,1.00
2017.04.19 02:12:33.578,1.0882,1.08834,1.00,1.50
2017.04.19 02:12:35.008,1.08819,1.08833,1.00,1.00
2017.04.19 02:12:36.101,1.08819,1.08832,1.00,1.00
2017.04.19 02:12:39.038,1.0882,1.08833,1.00,1.00
2017.04.19 02:12:39.996,1.08818,1.08833,1.00,1.00
2017.04.19 02:12:40.514,1.0882,1.08832,1.25,1.00
2017.04.19 02:12:40.566,1.0882,1.08834,1.25,1.50
2017.04.19 02:12:40.819,1.08818,1.08832,1.00,1.50
2017.04.19 02:12:41.328,1.08818,1.08831,1.00,1.00
2017.04.19 02:12:41.505,1.08816,1.08831,1.00,1.00
2017.04.19 02:12:42.023,1.08815,1.08831,1.00,2.44
2017.04.19 02:12:42.227,1.08815,1.0883,1.00,1.50
2017.04.19 02:12:49.167,1.08815,1.08827,1.00,1.00
2017.04.19 02:12:49.709,1.08816,1.08827,1.00,1.00
2017.04.19 02:12:51.094,1.08816,1.08829,1.00,1.87
2017.04.19 02:12:51.499,1.08819,1.08833,1.00,2.85
2017.04.19 02:12:51.652,1.0882,1.08835,1.00,1.50
2017.04.19 02:12:52.008,1.0882,1.08833,1.87,1.00
2017.04.19 02:12:52.395,1.08822,1.08834,1.00,1.50
2017.04.19 02:12:52.548,1.0882,1.08833,1.00,1.87
2017.04.19 02:12:53.067,1.08819,1.08832,1.50,1.30
2017.04.19 02:12:53.744,1.0882,1.08833,1.00,1.50
2017.04.19 02:12:54.175,1.08822,1.08835,1.50,1.00
2017.04.19 02:12:55.068,1.08822,1.08836,1.50,1.50
2017.04.19 02:12:55.601,1.08822,1.08835,1.50,1.00
2017.04.19 02:12:56.148,1.08822,1.08836,1.50,1.50
2017.04.19 02:12:59.276,1.08822,1.08835,1.00,1.00
2017.04.19 02:12:59.919,1.08822,1.08836,1.00,1.00
2017.04.19 02:13:04.281,1.0882,1.08833,1.37,1.00
2017.04.19 02:13:04.959,1.0882,1.08833,1.00,1.50
2017.04.19 02:13:06.050,1.08817,1.0883,2.25,1.00
2017.04.19 02:13:06.102,1.08818,1.08832,1.50,2.47
2017.04.19 02:13:06.306,1.08818,1.0883,1.50,1.00
2017.04.19 02:13:06.893,1.08819,1.08831,1.00,1.00
2017.04.19 02:13:07.597,1.08819,1.08832,1.00,1.00
2017.04.19 02:13:08.537,1.0882,1.08832,1.00,1.00
2017.04.19 02:13:10.347,1.08821,1.08833,1.50,1.12
2017.04.19 02:13:12.931,1.0882,1.08832,1.00,1.00
2017.04.19 02:13:13.412,1.0882,1.0883,1.00,1.00
2017.04.19 02:13:13.959,1.08819,1.08832,1.00,1.25
2017.04.19 02:13:16.381,1.08817,1.08833,2.25,2.06
2017.04.19 02:13:18.724,1.08817,1.0883,1.50,1.00
2017.04.19 02:13:19.244,1.08816,1.0883,1.35,1.00
2017.04.19 02:13:20.782,1.08816,1.0883,1.60,1.00
2017.04.19 02:13:21.118,1.08812,1.08825,1.12,1.00
2017.04.19 02:13:21.474,1.08813,1.08827,1.00,1.00
2017.04.19 02:13:22.823,1.08815,1.08827,1.00,1.00
2017.04.19 02:13:23.333,1.08815,1.08828,1.00,1.12
2017.04.19 02:13:24.043,1.08815,1.08828,1.00,1.37
2017.04.19 02:13:24.402,1.08815,1.08825,1.00,1.00
2017.04.19 02:13:24.709,1.08815,1.08827,1.00,1.87
2017.04.19 02:13:26.247,1.08815,1.08827,1.19,1.00
2017.04.19 02:13:27.037,1.08814,1.08827,1.69,1.00
2017.04.19 02:13:28.335,1.08817,1.08829,1.69,1.12
2017.04.19 02:13:28.640,1.08822,1.08833,1.25,1.00
2017.04.19 02:13:30.685,1.08821,1.08833,1.25,1.00
2017.04.19 02:13:32.460,1.08821,1.08832,1.25,1.00
2017.04.19 02:13:32.745,1.08821,1.08834,1.25,1.00
2017.04.19 02:13:35.964,1.08821,1.08834,1.25,1.37
2017.04.19 02:13:41.759,1.08822,1.08836,1.25,1.12
2017.04.19 02:13:41.861,1.08826,1.08837,1.25,1.00
2017.04.19 02:13:42.088,1.08826,1.08839,1.25,1.00
2017.04.19 02:13:42.392,1.08824,1.08838,1.69,1.37
2017.04.19 02:13:42.697,1.08823,1.08835,1.00,1.00
2017.04.19 02:13:43.333,1.08821,1.08835,1.25,1.00
2017.04.19 02:13:43.981,1.0882,1.08834,1.35,1.00
2017.04.19 02:13:50.401,1.08819,1.08833,1.00,1.00
2017.04.19 02:13:51.618,1.0882,1.08833,1.00,1.00
2017.04.19 02:14:06.142,1.08819,1.08835,1.00,2.62
2017.04.19 02:14:06.194,1.08821,1.08835,1.00,1.50
2017.04.19 02:14:10.142,1.08821,1.08833,1.00,1.00
2017.04.19 02:14:10.194,1.08819,1.08833,1.50,1.50
2017.04.19 02:14:10.296,1.08817,1.08831,3.00,1.00
2017.04.19 02:14:10.550,1.08819,1.08834,1.00,2.81
2017.04.19 02:14:10.601,1.08819,1.08834,1.00,2.06
2017.04.19 02:14:10.754,1.08819,1.08834,1.00,1.12
2017.04.19 02:14:12.008,1.0882,1.08834,1.00,1.12
2017.04.19 02:14:12.618,1.08819,1.08833,1.50,1.00
2017.04.19 02:14:12.721,1.08817,1.08833,1.12,2.06
2017.04.19 02:14:13.026,1.08819,1.08833,1.00,2.06
2017.04.19 02:14:13.573,1.08819,1.08833,1.00,1.69
2017.04.19 02:14:13.827,1.08817,1.08831,1.00,1.00
2017.04.19 02:14:14.159,1.08815,1.08829,1.50,1.00
2017.04.19 02:14:14.824,1.08818,1.08832,1.00,1.87
2017.04.19 02:14:14.875,1.08819,1.08833,1.50,1.37
2017.04.19 02:14:14.927,1.08821,1.08833,1.00,1.00
2017.04.19 02:14:15.485,1.08821,1.08835,1.00,1.50
2017.04.19 02:14:17.995,1.08821,1.08835,1.00,1.12
2017.04.19 02:14:18.299,1.08824,1.0884,1.50,2.47
2017.04.19 02:14:18.705,1.08824,1.0884,1.50,1.50
2017.04.19 02:14:19.228,1.08825,1.0884,1.00,1.50
2017.04.19 02:14:19.774,1.08826,1.0884,1.00,1.12
2017.04.19 02:14:23.308,1.08826,1.08842,1.50,1.37
2017.04.19 02:14:24.016,1.08826,1.08842,1.50,1.00
2017.04.19 02:14:24.726,1.08826,1.08842,1.50,2.62
2017.04.19 02:14:25.221,1.08829,1.08843,1.00,1.72
2017.04.19 02:14:25.740,1.0883,1.08844,1.00,1.69
2017.04.19 02:14:28.079,1.08829,1.08843,1.00,1.12
2017.04.19 02:14:28.807,1.0883,1.08844,1.50,1.12
2017.04.19 02:14:29.348,1.08831,1.08845,1.50,1.00
2017.04.19 02:14:31.300,1.08831,1.08845,1.50,1.37
2017.04.19 02:14:32.841,1.0883,1.08846,1.50,2.06
2017.04.19 02:14:33.171,1.08828,1.08842,1.12,1.12
2017.04.19 02:14:34.189,1.08828,1.08842,1.00,1.72
2017.04.19 02:14:35.011,1.08825,1.08839,1.50,1.00
2017.04.19 02:14:35.258,1.08823,1.08836,1.00,1.49
2017.04.19 02:14:36.260,1.08822,1.08835,1.00,1.25
2017.04.19 02:14:36.515,1.08818,1.08833,1.50,1.91
2017.04.19 02:14:37.033,1.08818,1.08832,1.00,1.91
2017.04.19 02:14:37.353,1.08818,1.08831,1.00,1.19
2017.04.19 02:14:37.759,1.08818,1.08832,1.00,1.91
2017.04.19 02:14:38.216,1.0882,1.08833,1.00,1.31
2017.04.19 02:14:38.809,1.0882,1.08832,1.00,2.06
2017.04.19 02:14:39.757,1.0882,1.08833,1.00,2.29
2017.04.19 02:14:40.263,1.0882,1.08833,1.00,1.69
2017.04.19 02:14:41.612,1.08818,1.08833,1.50,1.69
2017.04.19 02:14:41.713,1.0882,1.08832,1.00,1.62
2017.04.19 02:14:42.980,1.08819,1.08832,1.00,1.62
2017.04.19 02:14:43.583,1.0882,1.08834,1.00,2.44
2017.04.19 02:14:44.105,1.0882,1.08834,1.00,1.69
2017.04.19 02:14:44.651,1.08821,1.08834,1.00,1.25
2017.04.19 02:14:46.024,1.08823,1.08835,1.00,1.62
2017.04.19 02:14:46.227,1.08824,1.08839,1.00,3.41
2017.04.19 02:14:46.278,1.08823,1.08837,1.00,2.06
2017.04.19 02:14:50.159,1.08822,1.08835,1.50,1.12
2017.04.19 02:14:52.205,1.08819,1.08833,3.00,1.31
2017.04.19 02:14:52.307,1.08817,1.08831,2.25,1.30
2017.04.19 02:14:52.358,1.08817,1.08829,1.12,1.54
2017.04.19 02:14:52.460,1.08817,1.08831,1.00,1.31
2017.04.19 02:14:54.255,1.08818,1.08832,1.00,1.54
2017.04.19 02:14:55.103,1.08818,1.08832,1.00,1.42
2017.04.19 02:14:57.238,1.08817,1.08831,1.00,1.00
2017.04.19 02:14:58.171,1.08817,1.08831,1.00,1.37
2017.04.19 02:14:58.685,1.08817,1.08829,1.00,1.00
2017.04.19 02:14:59.709,1.08816,1.08829,1.00,2.47
2017.04.19 02:15:00.216,1.08816,1.08829,1.00,1.87
2017.04.19 02:15:00.830,1.08816,1.08829,1.50,1.12
2017.04.19 02:15:01.435,1.08816,1.08828,1.00,1.00
2017.04.19 02:15:04.812,1.08816,1.0883,1.00,1.37
2017.04.19 02:15:08.100,1.08816,1.0883,1.00,1.00
2017.04.19 02:15:08.728,1.08816,1.08831,1.00,1.72
2017.04.19 02:15:09.392,1.08816,1.0883,1.00,1.30
2017.04.19 02:15:09.982,1.08815,1.08831,1.87,2.66
2017.04.19 02:15:11.290,1.08814,1.0883,1.87,2.47
2017.04.19 02:15:13.748,1.08816,1.08829,1.00,1.00
2017.04.19 02:15:16.464,1.08817,1.0883,1.00,1.50
2017.04.19 02:15:19.925,1.08818,1.08831,1.00,1.12
2017.04.19 02:15:23.851,1.08815,1.08828,1.87,1.00
2017.04.19 02:15:24.364,1.08817,1.08831,1.00,2.62
2017.04.19 02:15:24.955,1.08819,1.08831,1.00,1.50
2017.04.19 02:15:26.576,1.08819,1.08831,1.00,1.00
2017.04.19 02:15:27.753,1.08818,1.08831,1.12,1.00
2017.04.19 02:15:31.889,1.08817,1.08831,1.50,1.12
2017.04.19 02:15:36.321,1.08819,1.08831,1.00,1.12
2017.04.19 02:15:36.719,1.08817,1.08831,1.50,1.12
2017.04.19 02:15:37.261,1.08817,1.0883,1.00,1.00
2017.04.19 02:15:40.504,1.08817,1.08831,1.00,1.50
2017.04.19 02:15:41.033,1.08818,1.08831,1.00,1.00
2017.04.19 02:15:42.314,1.08817,1.0883,1.00,1.00
2017.04.19 02:15:43.771,1.08817,1.08831,1.00,1.12
2017.04.19 02:15:44.855,1.08818,1.08831,1.00,1.50
2017.04.19 02:15:45.589,1.08819,1.08831,1.00,1.50
2017.04.19 02:15:53.148,1.08817,1.08831,1.50,1.00
2017.04.19 02:15:53.315,1.08815,1.08829,1.12,1.12
2017.04.19 02:15:54.042,1.08822,1.0883,1.00,1.50
2017.04.19 02:15:57.523,1.08822,1.08833,1.00,1.00
2017.04.19 02:15:57.625,1.08826,1.08835,1.00,1.12
2017.04.19 02:15:57.727,1.08826,1.08837,1.00,1.00
2017.04.19 02:15:58.234,1.08827,1.08839,1.00,1.87
2017.04.19 02:16:03.592,1.08828,1.08837,1.00,1.00
2017.04.19 02:16:05.812,1.08829,1.08838,1.00,1.37
2017.04.19 02:16:06.067,1.08829,1.08841,1.00,1.00
2017.04.19 02:16:06.118,1.08831,1.08841,1.00,1.00
2017.04.19 02:16:06.644,1.08831,1.08842,1.00,1.87
2017.04.19 02:16:07.584,1.08829,1.08841,1.00,1.00
2017.04.19 02:16:07.860,1.08829,1.08841,1.00,1.37
2017.04.19 02:16:08.012,1.08829,1.0884,1.00,1.12
2017.04.19 02:16:08.603,1.08829,1.0884,1.00,1.37
2017.04.19 02:16:09.907,1.08829,1.0884,1.00,1.12
2017.04.19 02:16:13.690,1.08829,1.0884,1.00,1.37
2017.04.19 02:16:16.634,1.08829,1.0884,1.00,1.37
2017.04.19 02:16:17.496,1.08829,1.0884,1.00,1.37
2017.04.19 02:16:18.038,1.08828,1.0884,1.00,1.12
2017.04.19 02:16:22.537,1.08828,1.0884,1.00,1.37
2017.04.19 02:16:25.101,1.08829,1.0884,1.00,1.37
2017.04.19 02:16:33.086,1.08826,1.0884,1.50,1.37
2017.04.19 02:16:38.954,1.08827,1.08841,1.00,2.85
2017.04.19 02:16:46.156,1.08825,1.0884,1.69,1.37
2017.04.19 02:16:48.132,1.08825,1.0884,2.44,1.50
2017.04.19 02:16:50.197,1.0883,1.08842,1.00,1.87
2017.04.19 02:16:50.299,1.0883,1.08845,2.29,1.75
2017.04.19 02:16:50.350,1.08832,1.08846,1.69,2.25
2017.04.19 02:16:50.401,1.08832,1.08846,1.69,2.25
2017.04.19 02:16:52.880,1.08832,1.08846,1.69,1.50
2017.04.19 02:16:53.489,1.08832,1.08846,1.00,1.50
2017.04.19 02:16:54.782,1.08832,1.08846,1.00,1.50
2017.04.19 02:16:55.304,1.08832,1.08845,1.00,1.12
2017.04.19 02:16:55.355,1.08832,1.08846,1.00,3.00
2017.04.19 02:16:56.036,1.08831,1.08846,1.25,3.00
2017.04.19 02:16:56.612,1.0883,1.08846,1.25,3.60
2017.04.19 02:16:58.410,1.08831,1.08845,1.00,1.37
2017.04.19 02:17:01.305,1.08829,1.08845,1.87,1.37
2017.04.19 02:17:14.327,1.08829,1.08842,1.31,1.00
2017.04.19 02:17:31.429,1.0883,1.08842,1.00,1.00
2017.04.19 02:17:32.089,1.0883,1.08843,1.91,1.00
2017.04.19 02:17:32.691,1.08832,1.08843,1.00,1.00
2017.04.19 02:17:37.320,1.0883,1.08843,1.25,1.00
2017.04.19 02:17:38.564,1.08831,1.08843,1.00,1.00
2017.04.19 02:17:41.924,1.08831,1.08844,1.00,1.12
2017.04.19 02:17:43.776,1.08831,1.08843,1.00,1.00
2017.04.19 02:17:46.763,1.08829,1.08843,2.06,1.12
2017.04.19 02:17:47.285,1.08829,1.08845,2.06,2.62
2017.04.19 02:17:47.799,1.08829,1.08844,1.12,1.12
2017.04.19 02:17:50.415,1.0883,1.08845,1.00,2.62
2017.04.19 02:17:50.943,1.0883,1.08845,1.35,1.87
2017.04.19 02:17:51.457,1.08831,1.08845,1.00,1.87
2017.04.19 02:17:53.488,1.0883,1.08845,1.00,1.87
2017.04.19 02:17:54.096,1.0883,1.08845,1.50,1.37
2017.04.19 02:17:55.563,1.0883,1.08845,3.04,1.87
2017.04.19 02:17:55.816,1.08831,1.08846,1.69,2.62
2017.04.19 02:17:58.461,1.08831,1.08845,1.25,1.00
2017.04.19 02:17:58.991,1.0883,1.08844,1.25,1.87
2017.04.19 02:18:00.243,1.08827,1.0884,2.66,1.00
2017.04.19 02:18:00.396,1.08825,1.0884,1.31,1.37
2017.04.19 02:18:00.447,1.08825,1.0884,1.31,1.12
2017.04.19 02:18:00.549,1.08825,1.08837,1.25,1.00
2017.04.19 02:18:05.067,1.08825,1.08836,1.00,1.00
2017.04.19 02:18:06.902,1.08825,1.08837,1.35,1.00
2017.04.19 02:18:07.406,1.08825,1.08838,1.35,1.50
2017.04.19 02:18:10.702,1.08825,1.0884,1.35,1.37
2017.04.19 02:18:11.216,1.08824,1.08838,1.25,1.00
2017.04.19 02:18:11.860,1.08825,1.08838,1.00,1.00
2017.04.19 02:18:15.804,1.08825,1.08837,1.00,1.00
2017.04.19 02:18:16.446,1.08825,1.08838,1.00,1.00
2017.04.19 02:18:17.017,1.08825,1.08839,1.00,2.62
2017.04.19 02:18:18.752,1.08826,1.08839,1.00,1.12
2017.04.19 02:18:19.114,1.0883,1.08842,1.00,1.75
2017.04.19 02:18:19.165,1.08828,1.08842,1.05,1.87
2017.04.19 02:18:19.770,1.08827,1.08842,1.54,1.50
2017.04.19 02:18:20.002,1.08829,1.08843,1.25,1.50
2017.04.19 02:18:20.573,1.0883,1.08844,1.35,1.00
2017.04.19 02:18:21.831,1.0883,1.08846,1.35,1.87
2017.04.19 02:18:22.410,1.0883,1.08845,1.35,1.00
2017.04.19 02:18:26.342,1.08829,1.08843,2.10,1.00
2017.04.19 02:18:27.099,1.0883,1.08842,1.00,1.00
2017.04.19 02:18:27.699,1.08827,1.08842,2.85,1.00
2017.04.19 02:18:30.422,1.08828,1.08842,1.35,1.50
2017.04.19 02:18:30.525,1.08826,1.08841,1.54,1.00
2017.04.19 02:18:31.430,1.08826,1.0884,1.54,1.00
2017.04.19 02:18:32.336,1.08826,1.0884,1.60,1.50
2017.04.19 02:18:35.295,1.08826,1.0884,1.60,1.00
2017.04.19 02:18:35.347,1.08828,1.08842,1.35,1.00
2017.04.19 02:18:35.448,1.0883,1.08842,1.00,1.00
2017.04.19 02:18:35.982,1.08829,1.08843,1.00,1.50
2017.04.19 02:18:41.723,1.08831,1.08843,1.00,1.00
2017.04.19 02:18:41.774,1.08831,1.08845,2.10,2.25
2017.04.19 02:18:42.281,1.08832,1.08844,1.25,1.00
2017.04.19 02:18:42.869,1.08832,1.08844,1.85,1.00
2017.04.19 02:18:43.397,1.08832,1.08843,2.29,1.00
2017.04.19 02:18:46.489,1.08831,1.08843,2.29,1.00
2017.04.19 02:18:46.541,1.0883,1.08841,1.00,1.00
2017.04.19 02:18:53.162,1.08827,1.08841,1.72,1.50
2017.04.19 02:18:53.263,1.08827,1.08841,1.35,1.50
2017.04.19 02:18:53.842,1.08827,1.08841,1.60,1.87
2017.04.19 02:18:58.337,1.08827,1.08839,1.60,1.00
2017.04.19 02:18:59.094,1.08827,1.08839,1.35,1.00
2017.04.19 02:18:59.569,1.08825,1.08837,1.35,1.00
2017.04.19 02:19:00.595,1.08824,1.08836,1.35,1.00
2017.04.19 02:19:09.209,1.08823,1.08836,1.72,1.00
2017.04.19 02:19:12.890,1.08821,1.08832,1.87,1.00
2017.04.19 02:19:12.941,1.0882,1.08832,1.72,1.12
2017.04.19 02:19:13.229,1.08818,1.0883,1.00,1.00
2017.04.19 02:19:13.533,1.08817,1.08828,1.00,1.00
2017.04.19 02:19:14.055,1.08818,1.08828,1.00,1.00
2017.04.19 02:19:15.665,1.08817,1.08828,1.12,1.00
2017.04.19 02:19:17.567,1.08818,1.08828,1.00,1.00
2017.04.19 02:19:18.181,1.08817,1.08828,1.12,1.00
2017.04.19 02:19:19.116,1.08817,1.08829,1.72,1.00
2017.04.19 02:19:19.420,1.08819,1.0883,1.00,1.00
2017.04.19 02:19:22.306,1.08819,1.08831,1.87,1.00
2017.04.19 02:19:26.817,1.08819,1.0883,1.50,1.00
2017.04.19 02:19:27.454,1.08819,1.08831,1.50,1.00
2017.04.19 02:19:29.325,1.08819,1.08829,1.00,1.00
2017.04.19 02:19:29.958,1.08819,1.0883,1.00,1.00
2017.04.19 02:19:31.026,1.08818,1.08828,1.00,1.00
2017.04.19 02:19:31.729,1.08819,1.08827,1.00,1.00
2017.04.19 02:19:32.539,1.08817,1.08827,1.00,1.00
2017.04.19 02:19:32.692,1.08816,1.08829,1.00,3.00
2017.04.19 02:19:32.845,1.08818,1.08828,1.50,1.00
2017.04.19 02:19:33.216,1.08819,1.08831,1.50,1.50
2017.04.19 02:19:33.267,1.08821,1.0883,1.00,1.00
2017.04.19 02:19:33.369,1.08821,1.08832,1.00,1.00
2017.04.19 02:19:40.192,1.08821,1.08833,1.00,1.00
2017.04.19 02:19:46.710,1.08819,1.08829,1.00,1.00
2017.04.19 02:19:46.962,1.0882,1.08831,1.00,1.00
2017.04.19 02:19:50.595,1.0882,1.08833,1.35,1.00
2017.04.19 02:19:56.094,1.08821,1.08833,1.00,1.12
2017.04.19 02:19:57.501,1.08818,1.08827,1.37,1.00
2017.04.19 02:19:57.552,1.08818,1.08828,1.00,1.00
2017.04.19 02:20:01.375,1.08818,1.08829,1.00,1.00
2017.04.19 02:20:01.631,1.08818,1.08827,1.00,1.00
2017.04.19 02:20:02.168,1.08819,1.08828,1.00,1.00
2017.04.19 02:20:02.730,1.08819,1.08829,1.00,1.00
2017.04.19 02:20:03.305,1.08819,1.0883,1.00,1.00
2017.04.19 02:20:03.816,1.08819,1.08828,1.00,1.00
2017.04.19 02:20:04.445,1.08819,1.08829,1.00,1.00
2017.04.19 02:20:07.716,1.08819,1.08828,1.00,1.00
2017.04.19 02:20:09.943,1.08817,1.08828,1.00,1.00
2017.04.19 02:20:13.314,1.08819,1.08828,1.00,1.12
2017.04.19 02:20:13.365,1.08816,1.08828,1.00,1.12
2017.04.19 02:20:13.467,1.08818,1.08828,1.00,1.12
2017.04.19 02:20:16.983,1.0882,1.08829,1.00,1.00
2017.04.19 02:20:17.085,1.08821,1.08832,1.00,1.37
2017.04.19 02:20:18.046,1.0882,1.08832,1.00,1.37
2017.04.19 02:20:20.858,1.08818,1.08828,1.00,1.00
2017.04.19 02:20:21.011,1.08814,1.08825,1.50,1.00
2017.04.19 02:20:21.571,1.08814,1.08824,1.00,1.00
2017.04.19 02:20:21.874,1.08811,1.08824,1.54,1.00
2017.04.19 02:20:22.405,1.08812,1.08825,1.00,1.00
2017.04.19 02:20:25.624,1.08812,1.08824,1.00,1.00
2017.04.19 02:20:27.611,1.0881,1.08824,3.04,1.00
2017.04.19 02:20:34.808,1.08813,1.08827,1.54,1.00
2017.04.19 02:20:34.859,1.08815,1.08828,1.25,3.00
2017.04.19 02:20:35.182,1.08816,1.0883,1.69,1.50
2017.04.19 02:20:35.335,1.08817,1.08832,1.69,2.10
2017.04.19 02:20:35.386,1.08817,1.08832,2.44,1.00
2017.04.19 02:20:35.893,1.08816,1.08831,3.56,1.50
2017.04.19 02:20:36.504,1.08816,1.0883,2.81,1.00
2017.04.19 02:20:42.279,1.08817,1.08831,1.25,1.50
2017.04.19 02:20:53.132,1.08816,1.08831,1.69,1.00
2017.04.19 02:20:53.370,1.08818,1.08831,1.00,1.00
2017.04.19 02:20:53.543,1.08816,1.08831,2.44,1.00
2017.04.19 02:20:56.934,1.08818,1.08831,1.00,1.00
2017.04.19 02:20:57.985,1.08817,1.08831,1.00,1.50
2017.04.19 02:20:59.228,1.08818,1.08831,1.00,1.00
2017.04.19 02:20:59.776,1.08817,1.0883,1.00,1.00
2017.04.19 02:21:00.365,1.08816,1.0883,1.00,1.50
2017.04.19 02:21:00.948,1.08817,1.0883,1.00,1.35
2017.04.19 02:21:11.069,1.08817,1.08831,1.00,1.50
2017.04.19 02:21:17.885,1.08818,1.08831,1.00,1.00
2017.04.19 02:21:19.319,1.08816,1.08831,1.25,1.00
2017.04.19 02:21:21.137,1.08817,1.08832,1.00,2.10
2017.04.19 02:21:21.543,1.08819,1.08832,1.00,1.35
2017.04.19 02:21:22.178,1.08819,1.08833,1.00,3.60
2017.04.19 02:21:22.330,1.08819,1.08832,1.00,1.00
2017.04.19 02:21:24.787,1.08819,1.08833,1.00,2.10
2017.04.19 02:21:27.111,1.08819,1.08831,1.00,1.00
2017.04.19 02:21:27.659,1.08817,1.08831,2.29,1.00
2017.04.19 02:21:27.710,1.08817,1.08829,1.00,1.00
2017.04.19 02:21:27.762,1.08815,1.08829,1.54,1.00
2017.04.19 02:21:27.915,1.08817,1.08829,1.00,1.00
2017.04.19 02:21:27.966,1.08817,1.08831,1.00,1.00
2017.04.19 02:21:28.496,1.08817,1.08832,1.00,1.12
2017.04.19 02:21:31.942,1.08816,1.0883,1.00,1.50
2017.04.19 02:21:33.598,1.08815,1.08829,1.00,1.00
2017.04.19 02:21:33.853,1.08813,1.08828,1.00,1.50
2017.04.19 02:21:33.955,1.08813,1.08828,1.00,1.62
2017.04.19 02:21:34.277,1.08813,1.08828,1.00,2.00
2017.04.19 02:21:34.580,1.08815,1.08829,1.00,1.75
2017.04.19 02:21:35.025,1.08819,1.08831,1.50,1.42
2017.04.19 02:21:35.076,1.0882,1.08831,1.00,1.05
2017.04.19 02:21:39.535,1.08819,1.08831,1.00,1.12
2017.04.19 02:21:40.976,1.08818,1.08831,1.00,1.12
2017.04.19 02:21:41.849,1.0882,1.08834,1.00,3.19
2017.04.19 02:21:42.660,1.08819,1.08834,1.00,3.56
2017.04.19 02:21:43.437,1.08818,1.08834,1.00,3.56
2017.04.19 02:21:45.225,1.08814,1.0883,2.62,1.25
2017.04.19 02:21:45.276,1.08814,1.0883,1.87,2.66
2017.04.19 02:21:45.429,1.08814,1.0883,1.00,4.31
2017.04.19 02:21:45.997,1.08816,1.08831,1.35,1.75
2017.04.19 02:21:46.200,1.08818,1.08834,1.50,3.19
2017.04.19 02:21:46.934,1.08818,1.08834,2.47,3.00
2017.04.19 02:21:48.515,1.08817,1.0883,1.37,1.00
2017.04.19 02:21:49.158,1.08817,1.08829,1.00,1.00
2017.04.19 02:21:49.662,1.08816,1.08829,1.00,1.00
2017.04.19 02:21:51.066,1.08817,1.08831,1.00,1.12
2017.04.19 02:21:51.983,1.08817,1.0883,1.00,1.00
2017.04.19 02:21:53.549,1.08816,1.0883,1.25,2.10
2017.04.19 02:21:54.055,1.08816,1.08829,1.00,1.00
2017.04.19 02:21:54.626,1.08815,1.08829,1.00,1.00
2017.04.19 02:21:55.245,1.08814,1.08829,1.50,1.00
2017.04.19 02:21:57.011,1.08814,1.08829,1.50,1.60
2017.04.19 02:21:57.062,1.08814,1.08829,1.50,1.35
2017.04.19 02:21:57.316,1.08816,1.08829,1.00,1.87
2017.04.19 02:21:58.309,1.08816,1.08828,1.00,1.00
2017.04.19 02:21:58.826,1.08817,1.08829,1.00,1.00
2017.04.19 02:21:59.314,1.0882,1.08831,1.00,1.00
2017.04.19 02:21:59.844,1.0882,1.08833,1.00,1.50
2017.04.19 02:22:00.426,1.08821,1.08833,1.00,1.00
2017.04.19 02:22:05.153,1.08821,1.08835,1.00,1.87
2017.04.19 02:22:06.997,1.08819,1.08835,1.12,1.87
2017.04.19 02:22:07.493,1.08817,1.0883,2.25,1.00
2017.04.19 02:22:08.028,1.08816,1.08831,2.06,1.00
2017.04.19 02:22:08.333,1.08815,1.08829,1.50,2.10
2017.04.19 02:22:08.839,1.08816,1.08829,1.00,1.00
2017.04.19 02:22:09.194,1.08819,1.0883,1.50,1.00
2017.04.19 02:22:09.346,1.0882,1.08833,1.00,1.50
2017.04.19 02:22:13.073,1.0882,1.08832,1.00,1.00
2017.04.19 02:22:16.573,1.0882,1.08831,1.00,1.00
2017.04.19 02:22:19.306,1.08821,1.08833,1.00,1.00
2017.04.19 02:22:19.458,1.08819,1.08833,1.00,1.00
2017.04.19 02:22:19.982,1.08818,1.08832,1.00,1.00
2017.04.19 02:22:20.501,1.0882,1.08834,1.00,1.50
2017.04.19 02:22:21.144,1.0882,1.08834,2.10,1.50
2017.04.19 02:22:21.298,1.08823,1.08837,1.50,1.87
2017.04.19 02:22:21.349,1.08821,1.08831,1.00,1.00
2017.04.19 02:22:21.400,1.08821,1.08833,1.00,1.00
2017.04.19 02:22:21.502,1.08819,1.08832,1.50,1.50
2017.04.19 02:22:21.553,1.08821,1.08832,1.00,1.00
2017.04.19 02:22:21.897,1.08823,1.08834,1.00,1.00
2017.04.19 02:22:22.735,1.08821,1.0883,1.00,1.00
2017.04.19 02:22:22.889,1.08819,1.08829,1.69,1.00
2017.04.19 02:22:23.919,1.08818,1.08829,1.25,1.00
2017.04.19 02:22:25.199,1.08816,1.08828,1.31,1.00
2017.04.19 02:22:26.574,1.08816,1.08827,1.00,1.00
2017.04.19 02:22:28.742,1.08816,1.08825,1.00,1.00
2017.04.19 02:22:29.704,1.08815,1.08825,1.12,1.00
2017.04.19 02:22:32.188,1.08812,1.08823,1.00,1.00
2017.04.19 02:22:32.792,1.08811,1.08822,1.00,1.00
2017.04.19 02:22:38.623,1.08811,1.08823,1.00,1.00
2017.04.19 02:22:42.428,1.08812,1.08823,1.50,1.00
2017.04.19 02:22:42.479,1.08812,1.08825,1.50,1.12
2017.04.19 02:22:43.155,1.08812,1.08826,1.87,1.00
2017.04.19 02:22:43.257,1.08814,1.08826,1.00,1.00
2017.04.19 02:22:43.819,1.08814,1.08827,1.00,1.00
2017.04.19 02:22:44.354,1.08814,1.08826,1.00,1.00
2017.04.19 02:22:44.858,1.08813,1.08825,1.00,1.50
2017.04.19 02:22:46.085,1.08813,1.08824,1.00,1.00
2017.04.19 02:22:46.136,1.08811,1.08824,1.50,1.00
2017.04.19 02:22:47.623,1.08812,1.08824,1.00,1.00
2017.04.19 02:22:47.775,1.08814,1.08824,1.00,1.00
2017.04.19 02:22:47.876,1.08814,1.08826,1.00,1.00
2017.04.19 02:22:59.169,1.08812,1.08826,1.19,1.00
2017.04.19 02:23:01.023,1.08814,1.08827,1.69,1.50
2017.04.19 02:23:01.276,1.08814,1.08826,1.00,1.00
2017.04.19 02:23:06.452,1.08814,1.08828,1.25,1.50
2017.04.19 02:23:06.665,1.08814,1.08829,1.25,1.50
2017.04.19 02:23:07.190,1.08815,1.08829,2.25,1.00
2017.04.19 02:23:07.895,1.08816,1.08829,1.00,1.00
2017.04.19 02:23:09.665,1.08816,1.0883,1.50,1.00
2017.04.19 02:23:11.866,1.08817,1.08831,1.25,1.00
2017.04.19 02:23:12.390,1.08817,1.08832,2.06,1.00
2017.04.19 02:23:12.898,1.08817,1.08831,2.81,1.00
2017.04.19 02:23:19.105,1.08821,1.08834,1.00,1.50
2017.04.19 02:23:19.641,1.0882,1.08834,2.81,1.00
2017.04.19 02:23:35.706,1.08821,1.08835,1.00,1.50
2017.04.19 02:23:36.012,1.08833,1.08846,2.10,1.12
2017.04.19 02:23:36.063,1.08833,1.08849,1.35,2.74
2017.04.19 02:23:36.603,1.08833,1.08847,1.12,1.50
2017.04.19 02:23:36.705,1.08835,1.0885,1.16,1.12
2017.04.19 02:23:36.756,1.08837,1.08848,1.00,1.00
2017.04.19 02:23:37.010,1.08835,1.08848,1.00,1.00
2017.04.19 02:23:37.062,1.08835,1.08846,1.00,1.00
2017.04.19 02:23:37.113,1.08832,1.08846,2.10,1.00
2017.04.19 02:23:37.634,1.08833,1.08847,1.35,1.00
2017.04.19 02:23:37.864,1.08833,1.08845,1.35,1.00
2017.04.19 02:23:38.223,1.08832,1.08847,2.10,1.00
2017.04.19 02:23:38.954,1.08832,1.08849,1.35,3.00
2017.04.19 02:23:39.005,1.08832,1.08846,1.35,1.00
2017.04.19 02:23:40.876,1.08832,1.08847,1.35,1.00
2017.04.19 02:23:41.393,1.08833,1.08847,1.00,1.00
2017.04.19 02:23:42.147,1.08832,1.08846,1.00,1.00
2017.04.19 02:23:42.909,1.08832,1.08848,1.00,1.50
2017.04.19 02:23:45.400,1.08832,1.08847,1.00,1.00
2017.04.19 02:23:48.567,1.08832,1.08846,1.00,1.00
2017.04.19 02:23:49.447,1.0883,1.08845,2.47,1.00
2017.04.19 02:23:49.958,1.0883,1.08844,1.00,1.00
2017.04.19 02:23:52.862,1.08831,1.08844,1.00,1.00
2017.04.19 02:23:53.880,1.08833,1.08844,1.00,1.00
2017.04.19 02:23:54.935,1.08833,1.08846,1.00,1.12
2017.04.19 02:23:54.986,1.08831,1.08844,1.00,1.00
2017.04.19 02:23:55.139,1.08829,1.08843,1.00,1.50
2017.04.19 02:23:55.190,1.08827,1.08842,1.50,1.00
2017.04.19 02:23:56.122,1.08827,1.08841,1.00,1.00
2017.04.19 02:23:56.868,1.08826,1.0884,1.00,1.00
2017.04.19 02:23:57.351,1.08826,1.08838,1.00,1.00
2017.04.19 02:23:58.262,1.08825,1.08838,1.00,1.00
2017.04.19 02:23:58.767,1.08824,1.08838,1.12,1.00
2017.04.19 02:23:59.634,1.08824,1.08839,1.50,1.50
2017.04.19 02:24:00.017,1.08826,1.08839,1.00,1.50
2017.04.19 02:24:01.671,1.08826,1.0884,1.00,2.25
2017.04.19 02:24:04.686,1.08824,1.0884,1.87,2.25
2017.04.19 02:24:06.002,1.08824,1.08839,1.12,1.00
2017.04.19 02:24:11.997,1.08823,1.08839,2.06,1.00
2017.04.19 02:24:15.586,1.08825,1.08839,1.00,1.35
2017.04.19 02:24:15.923,1.08821,1.08835,1.37,1.00
2017.04.19 02:24:15.974,1.0882,1.08835,1.25,1.00
2017.04.19 02:24:16.480,1.08821,1.08835,1.00,1.00
2017.04.19 02:24:17.351,1.08822,1.08835,1.00,1.00
2017.04.19 02:24:21.961,1.0882,1.08834,1.69,1.00
2017.04.19 02:24:22.063,1.08818,1.08829,2.44,1.00
2017.04.19 02:24:22.306,1.08818,1.08831,1.00,1.00
2017.04.19 02:24:23.011,1.08817,1.08832,1.25,1.50
2017.04.19 02:24:24.394,1.08818,1.08832,1.00,1.50
2017.04.19 02:24:26.703,1.08819,1.08832,1.00,1.50
2017.04.19 02:24:27.260,1.0882,1.08834,1.50,1.87
2017.04.19 02:24:31.516,1.08819,1.08833,1.00,1.87
2017.04.19 02:24:32.852,1.08817,1.08833,2.06,1.87
2017.04.19 02:24:34.872,1.08817,1.08831,1.31,1.00
2017.04.19 02:24:42.540,1.0882,1.08834,1.00,1.87
2017.04.19 02:24:43.111,1.0882,1.08834,1.50,1.12
2017.04.19 02:24:43.417,1.08818,1.08831,1.00,1.12
2017.04.19 02:24:43.780,1.08816,1.0883,1.25,1.00
2017.04.19 02:24:43.882,1.08818,1.0883,1.54,1.00
2017.04.19 02:24:43.983,1.08818,1.08834,3.04,1.87
2017.04.19 02:24:44.085,1.0882,1.08834,1.19,1.00
2017.04.19 02:24:45.619,1.0882,1.08835,1.19,2.62
2017.04.19 02:24:46.746,1.08821,1.08835,1.54,1.50
2017.04.19 02:24:47.249,1.08822,1.08836,1.19,1.12
2017.04.19 02:24:49.868,1.08822,1.08836,1.00,2.62
2017.04.19 02:24:50.427,1.08821,1.08835,1.00,1.00
2017.04.19 02:24:53.004,1.08821,1.08833,1.00,1.00
2017.04.19 02:24:53.774,1.08821,1.08832,1.00,1.00
2017.04.19 02:24:55.399,1.08819,1.08832,1.69,1.00
2017.04.19 02:24:56.203,1.08819,1.08832,1.00,1.00
2017.04.19 02:24:56.787,1.0882,1.08832,1.00,1.00
2017.04.19 02:25:00.682,1.08821,1.08832,1.00,1.00
2017.04.19 02:25:01.636,1.0882,1.08832,1.00,1.00
2017.04.19 02:25:03.327,1.08821,1.08832,1.00,1.00
2017.04.19 02:25:03.471,1.08821,1.08834,1.00,1.50
2017.04.19 02:25:06.038,1.08821,1.08833,1.00,1.00
2017.04.19 02:25:06.601,1.08821,1.08832,1.00,1.00
2017.04.19 02:25:10.196,1.08818,1.08832,1.25,1.00
2017.04.19 02:25:10.795,1.08819,1.08834,1.50,1.00
2017.04.19 02:25:11.348,1.08822,1.08834,1.00,1.00
2017.04.19 02:25:12.502,1.08822,1.08836,1.50,2.06
2017.04.19 02:25:13.020,1.08821,1.08835,1.50,1.00
2017.04.19 02:25:13.714,1.08821,1.08836,1.50,1.91
2017.04.19 02:25:14.320,1.08823,1.08836,1.00,1.12
2017.04.19 02:25:21.018,1.08821,1.08836,1.50,1.72
2017.04.19 02:25:21.069,1.0882,1.08832,1.00,1.00
2017.04.19 02:25:24.028,1.0882,1.08831,1.00,1.00
2017.04.19 02:25:29.671,1.08821,1.08831,1.00,1.00
2017.04.19 02:25:30.535,1.08821,1.08832,1.00,1.00
2017.04.19 02:25:31.351,1.08822,1.08832,1.00,1.00
2017.04.19 02:25:31.826,1.0882,1.08832,1.35,1.00
2017.04.19 02:25:36.613,1.0882,1.08832,1.60,1.00
2017.04.19 02:25:42.174,1.08821,1.08833,1.00,1.00
2017.04.19 02:25:43.517,1.0882,1.08833,1.35,1.00
2017.04.19 02:25:44.724,1.08821,1.08833,1.60,1.00
2017.04.19 02:25:45.770,1.08822,1.08833,1.60,1.00
2017.04.19 02:25:47.260,1.08822,1.08833,1.35,1.00
2017.04.19 02:25:50.380,1.08824,1.08835,1.60,1.00
2017.04.19 02:25:50.887,1.08824,1.08835,1.35,1.00
2017.04.19 02:25:53.661,1.08822,1.08834,1.50,1.00
2017.04.19 02:25:54.000,1.0882,1.0883,1.00,1.00
2017.04.19 02:25:58.450,1.08821,1.08832,1.00,1.00
2017.04.19 02:25:58.701,1.08823,1.08833,1.00,1.00
2017.04.19 02:25:59.235,1.08823,1.08832,1.00,1.00
2017.04.19 02:26:03.328,1.08822,1.08832,1.35,1.00
2017.04.19 02:26:03.862,1.0882,1.08832,1.35,1.00
2017.04.19 02:26:12.296,1.0882,1.0883,1.00,1.00
2017.04.19 02:26:12.816,1.08818,1.08829,1.25,1.00
2017.04.19 02:26:14.811,1.08818,1.0883,1.00,1.00
2017.04.19 02:26:14.963,1.0882,1.0883,1.00,1.00
2017.04.19 02:26:18.129,1.08821,1.08831,1.00,1.00
2017.04.19 02:26:18.232,1.08818,1.08831,1.50,1.00
2017.04.19 02:26:18.284,1.08818,1.08829,1.00,1.00
2017.04.19 02:26:18.771,1.0882,1.08829,1.00,1.00
2017.04.19 02:26:19.210,1.08818,1.08829,1.00,1.00
2017.04.19 02:26:19.261,1.0882,1.08829,1.00,1.00
2017.04.19 02:26:19.780,1.08818,1.08829,1.00,1.00
2017.04.19 02:26:19.933,1.08816,1.08829,1.31,1.00
2017.04.19 02:26:20.549,1.08818,1.0883,1.00,1.00
2017.04.19 02:26:21.072,1.08819,1.08831,1.00,1.00
2017.04.19 02:26:21.612,1.08817,1.08831,1.69,1.00
2017.04.19 02:26:22.162,1.08819,1.08832,1.00,1.00
2017.04.19 02:26:23.454,1.0882,1.08832,1.00,1.00
2017.04.19 02:26:24.378,1.0882,1.08833,1.00,1.00
2017.04.19 02:26:26.868,1.08818,1.08833,2.66,1.00
2017.04.19 02:26:27.021,1.08818,1.08831,1.25,1.00
2017.04.19 02:26:27.528,1.08819,1.08831,1.00,1.00
2017.04.19 02:26:28.677,1.08819,1.08832,1.00,1.00
2017.04.19 02:26:28.840,1.08819,1.08835,1.00,3.00
2017.04.19 02:26:29.144,1.08817,1.0883,2.06,1.00
2017.04.19 02:26:29.650,1.08815,1.08831,1.54,2.25
2017.04.19 02:26:30.343,1.08817,1.0883,1.00,1.72
2017.04.19 02:26:32.660,1.08816,1.0883,1.25,1.87
2017.04.19 02:26:34.420,1.08817,1.08829,1.00,1.12
2017.04.19 02:26:34.933,1.08816,1.08829,1.25,1.12
2017.04.19 02:26:35.601,1.08817,1.08829,1.00,1.12
2017.04.19 02:26:36.171,1.08816,1.08829,1.25,1.12
2017.04.19 02:26:36.727,1.08813,1.08823,1.00,1.00
2017.04.19 02:26:36.930,1.08812,1.08825,1.69,1.00
2017.04.19 02:26:36.981,1.08813,1.08827,1.25,1.00
2017.04.19 02:26:37.539,1.08813,1.08826,1.25,1.00
2017.04.19 02:26:37.972,1.08815,1.08826,1.00,1.00
2017.04.19 02:26:39.313,1.08816,1.08826,1.00,1.00
2017.04.19 02:26:39.882,1.08816,1.08827,1.00,1.00
2017.04.19 02:26:43.911,1.08814,1.08827,1.69,1.00
2017.04.19 02:26:44.463,1.08815,1.08827,1.19,1.00
2017.04.19 02:26:48.621,1.08814,1.08827,2.44,1.00
2017.04.19 02:26:49.536,1.08816,1.08827,1.00,1.00
2017.04.19 02:26:50.316,1.08817,1.08827,1.00,1.00
2017.04.19 02:26:50.418,1.08815,1.08827,1.25,1.00
2017.04.19 02:26:51.305,1.08817,1.08827,1.00,1.00
2017.04.19 02:26:52.051,1.08816,1.08827,1.00,1.00
2017.04.19 02:26:53.392,1.08817,1.0883,1.69,1.50
2017.04.19 02:26:53.443,1.08819,1.08832,1.31,1.00
2017.04.19 02:26:57.463,1.0882,1.08832,1.00,1.00
2017.04.19 02:26:58.013,1.0882,1.08831,1.00,1.00
2017.04.19 02:26:59.765,1.08818,1.0883,1.37,1.00
2017.04.19 02:26:59.816,1.08816,1.08829,1.50,1.00
2017.04.19 02:26:59.868,1.08816,1.08831,1.50,2.85
2017.04.19 02:27:00.399,1.08816,1.08831,1.00,2.85
2017.04.19 02:27:00.916,1.08816,1.08831,1.19,2.10
2017.04.19 02:27:01.069,1.08817,1.08831,1.19,1.00
2017.04.19 02:27:01.221,1.0882,1.08833,1.25,1.00
2017.04.19 02:27:01.375,1.0882,1.08836,1.31,2.25
2017.04.19 02:27:02.219,1.0882,1.08835,1.31,1.00
2017.04.19 02:27:05.199,1.0882,1.08834,1.31,1.00
2017.04.19 02:27:05.800,1.0882,1.08835,2.06,1.00
2017.04.19 02:27:06.877,1.0882,1.08836,1.31,2.10
2017.04.19 02:27:07.130,1.08821,1.08836,1.00,2.29
2017.04.19 02:27:07.333,1.08819,1.08833,1.12,1.00
2017.04.19 02:27:07.435,1.08817,1.08831,1.50,2.10
2017.04.19 02:27:08.026,1.08816,1.0883,1.25,1.00
2017.04.19 02:27:08.541,1.08815,1.08829,1.50,1.50
2017.04.19 02:27:09.081,1.08815,1.08828,1.00,1.00
2017.04.19 02:27:10.097,1.08815,1.08829,1.00,1.50
2017.04.19 02:27:10.401,1.08813,1.08827,1.87,1.00
2017.04.19 02:27:10.744,1.08816,1.0883,1.69,1.12
2017.04.19 02:27:10.947,1.08818,1.08829,1.00,1.00
2017.04.19 02:27:11.353,1.08818,1.08832,1.00,1.00
2017.04.19 02:27:13.380,1.08818,1.08833,1.35,1.12
2017.04.19 02:27:13.806,1.08816,1.08831,1.54,1.00
2017.04.19 02:27:14.244,1.08816,1.08829,1.00,1.00
2017.04.19 02:27:17.810,1.08814,1.08828,1.19,1.50
2017.04.19 02:27:18.389,1.08814,1.08827,1.19,1.00
2017.04.19 02:27:18.695,1.08816,1.08829,1.69,1.50
2017.04.19 02:27:19.204,1.08816,1.08829,1.00,1.50
2017.04.19 02:27:20.400,1.08814,1.08829,2.44,1.50
2017.04.19 02:27:20.902,1.08814,1.08829,1.25,2.62
2017.04.19 02:27:21.228,1.08813,1.08827,1.25,1.50
2017.04.19 02:27:21.776,1.08812,1.08826,1.69,1.50
2017.04.19 02:27:22.951,1.08815,1.08826,1.25,1.00
2017.04.19 02:27:23.002,1.08815,1.08829,1.69,1.12
2017.04.19 02:27:23.608,1.08816,1.08829,1.00,1.12
2017.04.19 02:27:24.270,1.08815,1.08829,1.69,1.12
2017.04.19 02:27:28.358,1.08815,1.08827,1.00,1.00
2017.04.19 02:27:29.007,1.08815,1.08826,1.00,1.00
2017.04.19 02:27:29.058,1.08815,1.08828,1.00,1.00
2017.04.19 02:27:29.568,1.08815,1.08827,1.00,1.00
2017.04.19 02:27:30.942,1.08813,1.08827,2.06,1.00
2017.04.19 02:27:31.679,1.08813,1.08828,2.06,1.00
2017.04.19 02:27:32.655,1.08813,1.08828,1.19,1.00
2017.04.19 02:27:33.330,1.08814,1.08828,1.19,1.00
2017.04.19 02:27:33.991,1.08814,1.08829,1.19,1.12
2017.04.19 02:27:38.919,1.08814,1.08829,1.69,1.72
2017.04.19 02:27:39.369,1.08813,1.08825,1.69,1.00
2017.04.19 02:27:39.521,1.08813,1.08827,1.69,1.00
2017.04.19 02:27:39.689,1.08814,1.08828,1.69,1.50
2017.04.19 02:27:40.001,1.08815,1.08828,1.19,1.50
2017.04.19 02:27:43.807,1.08813,1.08827,2.06,1.05
2017.04.19 02:27:44.340,1.08812,1.08827,2.81,1.25
2017.04.19 02:27:44.663,1.08814,1.08827,1.31,1.25
2017.04.19 02:27:44.799,1.08813,1.08827,1.56,1.54
2017.04.19 02:27:45.188,1.08816,1.08828,1.25,1.00
2017.04.19 02:27:45.694,1.08814,1.08827,3.19,1.00
2017.04.19 02:27:47.223,1.08814,1.08827,1.69,2.10
2017.04.19 02:27:47.325,1.08811,1.08824,1.19,1.35
2017.04.19 02:27:47.428,1.08813,1.08825,1.19,2.25
2017.04.19 02:27:47.682,1.08814,1.08827,1.19,1.00
2017.04.19 02:27:48.243,1.08814,1.08829,1.31,2.47
2017.04.19 02:27:48.446,1.08814,1.08826,1.19,1.00
2017.04.19 02:27:52.446,1.08814,1.08829,2.06,2.47
2017.04.19 02:27:52.991,1.08816,1.08829,1.25,1.12
2017.04.19 02:28:01.363,1.08815,1.08829,1.31,1.72
2017.04.19 02:28:01.954,1.08815,1.08829,1.19,1.30
2017.04.19 02:28:02.703,1.08815,1.0883,1.19,1.35
2017.04.19 02:28:03.290,1.08815,1.0883,1.19,1.67
2017.04.19 02:28:06.098,1.08817,1.0883,1.00,2.10
2017.04.19 02:28:06.691,1.08817,1.0883,1.00,1.60
2017.04.19 02:28:07.484,1.08817,1.0883,1.00,1.60
2017.04.19 02:28:08.143,1.08815,1.08831,1.19,2.10
2017.04.19 02:28:09.208,1.08816,1.08831,1.25,1.60
2017.04.19 02:28:10.147,1.08816,1.08831,1.19,1.60
2017.04.19 02:28:10.735,1.08816,1.08831,1.19,1.60
2017.04.19 02:28:11.265,1.08819,1.08831,1.25,1.35
2017.04.19 02:28:11.773,1.0882,1.08831,1.00,1.35
2017.04.19 02:28:14.868,1.0882,1.08831,1.00,2.10
2017.04.19 02:28:17.731,1.0882,1.08831,1.00,2.85
2017.04.19 02:28:19.795,1.08822,1.08831,1.00,2.25
2017.04.19 02:28:19.846,1.0882,1.08831,1.00,1.50
2017.04.19 02:28:19.948,1.08822,1.08831,1.00,1.50
2017.04.19 02:28:21.057,1.08822,1.08832,1.00,1.35
2017.04.19 02:28:21.564,1.08822,1.08833,1.00,2.10
2017.04.19 02:28:22.759,1.08822,1.08833,1.00,2.10
2017.04.19 02:28:23.065,1.08827,1.08836,1.00,2.25
2017.04.19 02:28:23.360,1.08827,1.08838,1.25,1.50
2017.04.19 02:28:23.578,1.08824,1.08836,1.25,1.60
2017.04.19 02:28:24.034,1.08822,1.08836,1.69,2.25
2017.04.19 02:28:24.085,1.08822,1.08833,1.25,1.00
2017.04.19 02:28:24.490,1.08823,1.08836,1.25,1.50
2017.04.19 02:28:24.631,1.08825,1.08836,1.00,1.00
2017.04.19 02:28:24.735,1.08823,1.08836,1.00,1.50
2017.04.19 02:28:25.090,1.08825,1.08837,1.00,1.50
2017.04.19 02:28:25.634,1.08825,1.08836,1.25,1.00
2017.04.19 02:28:25.685,1.08822,1.08835,1.62,1.50
2017.04.19 02:28:26.217,1.08822,1.08835,1.25,2.25
2017.04.19 02:28:26.333,1.08824,1.08835,1.25,1.50
2017.04.19 02:28:29.619,1.08822,1.08835,1.19,1.00
2017.04.19 02:28:30.256,1.08822,1.08835,1.25,1.12
2017.04.19 02:28:30.887,1.08821,1.08835,1.00,1.87
2017.04.19 02:28:31.191,1.0882,1.08833,1.31,1.00
2017.04.19 02:28:32.119,1.08818,1.08833,3.19,1.50
2017.04.19 02:28:32.650,1.08819,1.08832,1.25,1.00
2017.04.19 02:28:32.945,1.0882,1.08834,1.25,1.50
2017.04.19 02:28:33.097,1.08823,1.08836,1.00,2.25
2017.04.19 02:28:33.148,1.08821,1.08835,1.00,1.12
2017.04.19 02:28:33.452,1.08822,1.08836,1.50,2.25
2017.04.19 02:28:33.974,1.08822,1.08836,1.12,2.25
2017.04.19 02:28:34.625,1.08823,1.08836,1.00,2.25
2017.04.19 02:28:34.878,1.08821,1.08834,1.00,1.00
2017.04.19 02:28:35.497,1.08821,1.08833,1.00,1.00
2017.04.19 02:28:35.598,1.08819,1.08833,1.31,1.00
2017.04.19 02:28:36.174,1.08819,1.08832,1.25,1.00
2017.04.19 02:28:37.880,1.0882,1.08832,1.00,1.00
2017.04.19 02:28:38.400,1.08819,1.08832,1.00,1.87
2017.04.19 02:28:38.586,1.08816,1.08832,1.69,3.00
2017.04.19 02:28:39.256,1.08816,1.08832,1.31,3.00
2017.04.19 02:28:39.884,1.08817,1.08832,1.00,2.25
2017.04.19 02:28:42.083,1.08816,1.0883,1.25,1.12
2017.04.19 02:28:46.293,1.08815,1.08829,1.19,1.00
2017.04.19 02:28:46.801,1.08816,1.08828,1.25,1.00
2017.04.19 02:28:51.031,1.08814,1.08827,2.44,1.00
2017.04.19 02:28:53.390,1.08814,1.08824,1.12,1.00
2017.04.19 02:28:53.818,1.08814,1.08826,1.00,1.72
2017.04.19 02:28:55.264,1.08816,1.08828,1.00,1.75
2017.04.19 02:28:58.215,1.08816,1.08825,1.00,1.00
2017.04.19 02:28:58.266,1.08814,1.08825,1.00,1.00
2017.04.19 02:28:58.813,1.08813,1.08825,1.25,1.00
2017.04.19 02:28:58.965,1.08811,1.08825,1.12,1.69
2017.04.19 02:28:59.118,1.08809,1.08822,1.25,1.00
2017.04.19 02:28:59.630,1.08809,1.08821,1.00,1.00
2017.04.19 02:29:01.287,1.08809,1.08822,1.00,1.00
2017.04.19 02:29:01.439,1.08809,1.08824,1.31,1.12
2017.04.19 02:29:02.266,1.08811,1.08824,1.00,1.00
2017.04.19 02:29:02.840,1.08811,1.08825,1.00,1.12
2017.04.19 02:29:03.043,1.08814,1.08827,1.00,2.25
2017.04.19 02:29:03.942,1.08816,1.0883,1.00,3.19
2017.04.19 02:29:04.044,1.08817,1.0883,1.54,1.37
2017.04.19 02:29:04.095,1.08817,1.08831,2.29,1.00
2017.04.19 02:29:04.574,1.08815,1.08829,2.06,1.35
2017.04.19 02:29:04.827,1.08817,1.08831,1.25,1.00
2017.04.19 02:29:05.778,1.08816,1.0883,1.69,1.00
2017.04.19 02:29:06.299,1.08816,1.08831,1.19,1.50
2017.04.19 02:29:06.808,1.08818,1.08831,1.00,1.00
2017.04.19 02:29:07.334,1.08817,1.08831,1.25,1.00
2017.04.19 02:29:08.069,1.08818,1.08831,1.00,1.00
2017.04.19 02:29:08.602,1.08816,1.08831,1.69,1.00
2017.04.19 02:29:09.610,1.08818,1.08831,1.00,1.00
2017.04.19 02:29:10.116,1.08816,1.08831,1.69,1.00
2017.04.19 02:29:11.352,1.08815,1.0883,2.44,1.00
2017.04.19 02:29:16.059,1.08815,1.0883,2.06,1.50
2017.04.19 02:29:16.580,1.08816,1.08829,1.25,1.00
2017.04.19 02:29:17.084,1.08815,1.0883,1.31,1.00
2017.04.19 02:29:19.099,1.08817,1.0883,1.00,1.00
2017.04.19 02:29:19.648,1.08815,1.0883,1.19,1.50
2017.04.19 02:29:21.667,1.08816,1.08829,1.25,1.00
2017.04.19 02:29:27.933,1.08814,1.08828,1.69,1.00
2017.04.19 02:29:28.795,1.08815,1.08829,1.19,1.00
2017.04.19 02:29:32.465,1.08814,1.0883,1.69,2.85
2017.04.19 02:29:33.042,1.08814,1.08828,1.69,1.00
2017.04.19 02:29:33.365,1.08814,1.0883,1.69,2.85
2017.04.19 02:29:33.954,1.08814,1.08829,1.69,1.00
2017.04.19 02:29:34.523,1.08814,1.0883,1.69,2.25
2017.04.19 02:29:35.094,1.08815,1.08828,1.19,1.00
2017.04.19 02:29:35.246,1.08814,1.0883,1.69,3.04
2017.04.19 02:29:36.282,1.08814,1.08829,1.19,1.00
2017.04.19 02:29:36.508,1.08813,1.08827,1.31,1.00
2017.04.19 02:29:36.560,1.08812,1.08826,2.44,1.00
2017.04.19 02:29:43.290,1.08811,1.08825,1.19,1.50
2017.04.19 02:29:44.440,1.08813,1.08825,1.00,1.00
2017.04.19 02:29:46.946,1.08813,1.08826,1.00,1.00
2017.04.19 02:29:48.411,1.08814,1.08826,1.00,1.00
2017.04.19 02:29:49.419,1.08814,1.08827,1.00,2.06
2017.04.19 02:29:53.029,1.08812,1.08827,1.69,2.06
2017.04.19 02:29:55.303,1.08812,1.08826,1.25,1.50
2017.04.19 02:29:55.406,1.0881,1.08825,2.06,1.60
2017.04.19 02:29:55.559,1.08811,1.08826,1.19,2.10
2017.04.19 02:29:55.661,1.0881,1.08826,1.25,2.10
2017.04.19 02:29:56.527,1.0881,1.08826,1.25,2.10
2017.04.19 02:29:56.629,1.08812,1.08826,1.00,1.50
2017.04.19 02:29:57.147,1.08812,1.08826,1.00,2.10
2017.04.19 02:29:57.652,1.08813,1.08826,1.00,1.35
2017.04.19 02:30:01.234,1.08812,1.08826,1.00,1.50
2017.04.19 02:30:02.060,1.08812,1.08825,1.00,1.00
2017.04.19 02:30:02.603,1.08812,1.08826,1.00,2.85
2017.04.19 02:30:03.107,1.08812,1.08827,1.00,1.50
2017.04.19 02:30:04.217,1.08812,1.08826,1.00,1.00
2017.04.19 02:30:04.752,1.08812,1.08827,1.00,2.10
2017.04.19 02:30:07.060,1.08812,1.08826,1.00,1.00
2017.04.19 02:30:11.848,1.08812,1.08828,1.00,3.79
2017.04.19 02:30:16.093,1.08812,1.08826,1.00,1.35
2017.04.19 02:30:16.604,1.08811,1.08826,1.25,1.50
2017.04.19 02:30:17.048,1.08813,1.08827,1.00,1.50
2017.04.19 02:30:17.639,1.08812,1.08826,1.00,1.00
2017.04.19 02:30:19.691,1.08816,1.0883,1.25,1.91
2017.04.19 02:30:19.794,1.08816,1.0883,1.12,1.12
2017.04.19 02:30:20.328,1.08817,1.08829,1.00,1.00
2017.04.19 02:30:20.931,1.08816,1.08831,1.00,1.69
2017.04.19 02:30:21.437,1.08816,1.08829,1.00,1.00
2017.04.19 02:30:22.425,1.08815,1.08829,1.00,1.00
2017.04.19 02:30:22.932,1.08816,1.0883,1.00,1.12
2017.04.19 02:30:25.103,1.08817,1.08831,1.00,1.69
2017.04.19 02:30:25.155,1.08815,1.08829,1.50,1.00
2017.04.19 02:30:25.510,1.08817,1.08831,1.00,2.25
2017.04.19 02:30:26.033,1.08817,1.08831,1.00,1.00
2017.04.19 02:30:26.575,1.08816,1.08831,1.00,1.00
2017.04.19 02:30:27.457,1.08815,1.08831,1.00,1.25
2017.04.19 02:30:27.974,1.08815,1.08829,1.00,1.00
2017.04.19 02:30:28.133,1.08815,1.08831,1.00,1.69
2017.04.19 02:30:28.319,1.08815,1.08829,1.00,1.00
2017.04.19 02:30:28.852,1.08815,1.08831,1.00,1.69
2017.04.19 02:30:29.195,1.08814,1.08827,1.31,1.00
2017.04.19 02:30:29.723,1.08814,1.08828,1.00,1.50
2017.04.19 02:30:31.553,1.08813,1.08829,1.00,2.62
2017.04.19 02:30:32.059,1.08813,1.08828,1.12,1.00
2017.04.19 02:30:32.391,1.08813,1.08826,1.00,1.00
2017.04.19 02:30:32.442,1.08813,1.08828,1.00,1.25
2017.04.19 02:30:33.002,1.08813,1.08827,1.00,1.00
2017.04.19 02:30:33.623,1.08812,1.08827,1.25,1.00
2017.04.19 02:30:36.987,1.08814,1.08828,1.00,1.25
2017.04.19 02:30:37.558,1.08813,1.08829,1.00,2.81
2017.04.19 02:30:38.813,1.08813,1.08829,1.00,2.62
2017.04.19 02:30:39.159,1.08813,1.08827,1.00,1.00
2017.04.19 02:30:40.156,1.08815,1.08827,1.00,1.00
2017.04.19 02:30:42.953,1.08813,1.08826,1.00,1.00
2017.04.19 02:30:43.004,1.08811,1.08826,1.12,1.00
2017.04.19 02:30:45.286,1.08811,1.08825,1.00,1.00
2017.04.19 02:30:52.891,1.08807,1.08822,2.06,1.35
2017.04.19 02:30:53.197,1.08812,1.08825,1.00,1.00
2017.04.19 02:30:53.720,1.08812,1.08826,1.00,1.30
2017.04.19 02:30:54.289,1.08813,1.08825,1.00,1.00
2017.04.19 02:30:55.126,1.08812,1.08825,1.00,1.00
2017.04.19 02:30:55.607,1.08813,1.08827,1.00,1.31
2017.04.19 02:31:00.015,1.08812,1.08825,1.00,1.00
2017.04.19 02:31:00.319,1.0881,1.08823,1.00,2.10
2017.04.19 02:31:00.714,1.08808,1.08822,1.25,2.10
2017.04.19 02:31:03.371,1.08809,1.08822,1.00,2.85
2017.04.19 02:31:03.814,1.08807,1.0882,1.19,1.00
2017.04.19 02:31:05.349,1.08806,1.08818,1.69,1.00
2017.04.19 02:31:05.730,1.08804,1.08817,1.25,1.00
2017.04.19 02:31:06.271,1.08802,1.08816,1.69,1.00
2017.04.19 02:31:06.373,1.08802,1.08816,1.00,1.00
2017.04.19 02:31:07.102,1.08801,1.08816,1.25,1.00
2017.04.19 02:31:07.610,1.08802,1.08816,1.00,1.00
2017.04.19 02:31:08.153,1.08801,1.08816,1.25,1.00
2017.04.19 02:31:08.320,1.08803,1.08816,1.00,1.00
2017.04.19 02:31:08.729,1.08801,1.08816,1.25,1.00
2017.04.19 02:31:09.308,1.08801,1.08815,1.00,1.00
2017.04.19 02:31:14.631,1.08801,1.08814,1.00,1.00
2017.04.19 02:31:14.732,1.08798,1.08812,1.37,2.10
2017.04.19 02:31:15.037,1.08798,1.0881,1.00,1.35
2017.04.19 02:31:16.745,1.08799,1.08811,1.00,1.50
2017.04.19 02:31:17.261,1.08799,1.08812,1.00,1.50
2017.04.19 02:31:17.877,1.08798,1.08811,1.12,1.60
2017.04.19 02:31:18.429,1.08797,1.08809,1.00,1.00
2017.04.19 02:31:18.983,1.08797,1.08811,1.00,2.10
2017.04.19 02:31:19.140,1.08795,1.08809,1.12,1.35
2017.04.19 02:31:19.191,1.08797,1.08809,1.00,1.00
2017.04.19 02:31:21.755,1.08801,1.08813,1.00,1.37
2017.04.19 02:31:22.263,1.08804,1.08813,1.00,1.00
2017.04.19 02:31:23.122,1.08802,1.08813,1.00,1.00
2017.04.19 02:31:23.629,1.08803,1.08813,1.00,1.00
2017.04.19 02:31:32.778,1.08803,1.08814,1.00,1.00
2017.04.19 02:31:32.829,1.08801,1.08814,1.00,1.00
2017.04.19 02:31:33.032,1.08799,1.08811,1.12,1.00
2017.04.19 02:31:34.100,1.08798,1.08811,1.00,1.12
2017.04.19 02:31:34.707,1.08798,1.08811,1.00,1.87
2017.04.19 02:31:36.412,1.08798,1.08811,1.50,1.50
2017.04.19 02:31:37.677,1.08798,1.0881,1.50,1.00
2017.04.19 02:31:39.766,1.08798,1.08811,1.50,1.00
2017.04.19 02:31:46.468,1.08799,1.08811,1.00,1.00
2017.04.19 02:31:48.191,1.08799,1.0881,1.00,1.00
2017.04.19 02:31:51.286,1.08799,1.08811,1.00,1.00
2017.04.19 02:32:00.014,1.08797,1.08811,1.00,1.00
2017.04.19 02:32:01.502,1.08798,1.08811,1.00,1.00
2017.04.19 02:32:09.181,1.08798,1.08812,1.00,1.00
2017.04.19 02:32:11.568,1.08798,1.08813,1.00,1.50
2017.04.19 02:32:16.660,1.08798,1.08812,1.25,1.00
2017.04.19 02:32:17.322,1.08799,1.08812,1.00,1.00
2017.04.19 02:32:17.936,1.08798,1.08812,1.25,1.00
2017.04.19 02:32:19.623,1.08799,1.08812,1.00,1.00
2017.04.19 02:32:20.142,1.08799,1.08813,1.00,1.87
2017.04.19 02:32:22.169,1.08798,1.08813,1.69,1.12
2017.04.19 02:32:23.842,1.08798,1.08812,1.69,1.00
2017.04.19 02:32:28.013,1.08799,1.08812,1.00,1.00
2017.04.19 02:32:28.815,1.08797,1.08812,1.69,1.50
2017.04.19 02:32:29.330,1.08797,1.08812,1.25,1.50
2017.04.19 02:32:32.378,1.08798,1.08812,1.00,1.50
2017.04.19 02:32:32.531,1.088,1.08814,1.00,1.87
2017.04.19 02:32:33.543,1.08802,1.08814,1.00,1.37
2017.04.19 02:32:33.594,1.08799,1.08813,1.00,1.87
2017.04.19 02:32:34.100,1.088,1.08813,1.00,1.12
2017.04.19 02:32:34.610,1.08801,1.08813,1.00,1.12
2017.04.19 02:32:35.368,1.08802,1.08815,1.00,1.50
2017.04.19 02:32:35.484,1.088,1.08815,1.72,1.50
2017.04.19 02:32:35.586,1.08801,1.08815,1.19,1.00
2017.04.19 02:32:35.793,1.08804,1.08818,1.00,1.87
2017.04.19 02:32:37.747,1.088,1.08816,1.31,1.50
2017.04.19 02:32:37.850,1.08799,1.08814,1.37,3.22
2017.04.19 02:32:38.004,1.08794,1.08809,2.44,1.00
2017.04.19 02:32:38.509,1.08794,1.08809,1.25,1.00
2017.04.19 02:32:39.052,1.08795,1.08809,1.00,1.50
2017.04.19 02:32:39.592,1.08794,1.08808,1.25,1.00
2017.04.19 02:32:41.413,1.08794,1.0881,1.69,2.10
2017.04.19 02:32:41.566,1.08794,1.08808,1.69,1.00
2017.04.19 02:32:42.068,1.08794,1.08807,1.25,1.00
2017.04.19 02:32:45.435,1.08796,1.08808,1.50,1.00
2017.04.19 02:32:45.955,1.08796,1.08807,1.00,1.00
2017.04.19 02:32:48.740,1.08796,1.08808,1.00,1.00
2017.04.19 02:32:51.479,1.08798,1.0881,1.00,2.10
2017.04.19 02:32:52.486,1.08796,1.0881,1.25,1.00
2017.04.19 02:32:52.588,1.08795,1.08808,1.00,1.50
2017.04.19 02:32:52.965,1.08796,1.0881,1.00,2.10
2017.04.19 02:32:53.472,1.08794,1.08809,1.69,1.00
2017.04.19 02:32:53.523,1.08793,1.08807,2.44,1.00
2017.04.19 02:32:53.574,1.08792,1.08806,1.25,1.00
2017.04.19 02:32:53.676,1.0879,1.08802,1.37,1.35
2017.04.19 02:32:53.823,1.08786,1.08799,1.37,1.00
2017.04.19 02:32:53.876,1.08786,1.08802,1.00,1.50
2017.04.19 02:32:54.707,1.08788,1.08802,1.00,1.00
2017.04.19 02:32:55.687,1.08787,1.08802,1.00,1.00
2017.04.19 02:32:56.221,1.08786,1.08801,1.12,1.00
2017.04.19 02:32:56.609,1.08788,1.08801,1.00,1.00
2017.04.19 02:32:59.155,1.08789,1.08801,1.00,1.00
2017.04.19 02:32:59.814,1.08789,1.08803,1.00,1.00
2017.04.19 02:33:00.350,1.08789,1.08804,1.00,1.00
2017.04.19 02:33:00.878,1.08788,1.08804,1.69,2.10
2017.04.19 02:33:01.588,1.08788,1.08802,1.69,1.00
2017.04.19 02:33:03.922,1.08788,1.08801,1.25,1.00
2017.04.19 02:33:04.591,1.08787,1.08801,1.00,1.00
2017.04.19 02:33:05.121,1.08787,1.08802,1.00,1.50
2017.04.19 02:33:05.687,1.08788,1.08802,1.00,1.00
2017.04.19 02:33:06.519,1.08785,1.08799,1.50,1.00
2017.04.19 02:33:06.621,1.08783,1.08799,1.37,1.35
2017.04.19 02:33:06.926,1.08787,1.088,1.00,1.00
2017.04.19 02:33:07.465,1.08787,1.08801,1.00,2.25
2017.04.19 02:33:08.445,1.08788,1.08801,1.00,1.00
2017.04.19 02:33:10.260,1.08788,1.088,1.00,1.00
2017.04.19 02:33:13.743,1.08786,1.088,1.37,1.50
2017.04.19 02:33:14.049,1.08782,1.08794,1.00,1.00
2017.04.19 02:33:14.252,1.08782,1.08796,1.00,1.50
2017.04.19 02:33:20.159,1.08782,1.08797,1.00,1.50
2017.04.19 02:33:22.751,1.08783,1.08797,1.00,1.00
2017.04.19 02:33:23.310,1.08783,1.08798,1.50,1.50
2017.04.19 02:33:24.951,1.08786,1.08801,1.50,1.37
2017.04.19 02:33:44.556,1.08787,1.088,1.50,1.00
2017.04.19 02:33:44.658,1.08788,1.08802,1.00,2.10
2017.04.19 02:33:45.219,1.08787,1.08801,2.06,1.00
2017.04.19 02:33:45.875,1.08786,1.088,1.37,1.50
2017.04.19 02:33:46.380,1.08785,1.08799,1.12,1.56
2017.04.19 02:33:46.685,1.08785,1.08797,1.00,1.00
2017.04.19 02:33:47.523,1.08785,1.08796,1.50,1.00
2017.04.19 02:33:47.625,1.08785,1.08799,1.50,1.00
2017.04.19 02:33:48.682,1.08786,1.088,1.00,1.50
2017.04.19 02:33:51.261,1.08782,1.08797,2.06,2.10
2017.04.19 02:33:51.728,1.08781,1.08796,1.00,1.12
2017.04.19 02:33:52.315,1.08781,1.08795,1.00,1.50
2017.04.19 02:33:52.841,1.0878,1.08795,1.31,1.50
2017.04.19 02:33:53.070,1.0878,1.08793,1.31,1.00
2017.04.19 02:33:53.171,1.0878,1.08795,1.31,1.00
2017.04.19 02:33:56.023,1.0878,1.08794,1.31,1.00
2017.04.19 02:34:02.474,1.0878,1.08794,1.31,1.50
2017.04.19 02:34:02.525,1.08783,1.08794,1.00,1.50
2017.04.19 02:34:04.770,1.08783,1.08796,1.00,1.00
2017.04.19 02:34:04.873,1.08785,1.08795,1.00,1.00
2017.04.19 02:34:05.458,1.08784,1.08795,1.00,1.50
2017.04.19 02:34:06.406,1.08782,1.08795,1.00,1.50
2017.04.19 02:34:12.715,1.08784,1.08795,1.00,1.00
2017.04.19 02:34:20.470,1.08782,1.08793,1.00,1.60
2017.04.19 02:34:20.712,1.0878,1.08792,1.00,1.00
2017.04.19 02:34:20.764,1.08779,1.08791,1.50,1.60
2017.04.19 02:34:21.453,1.08779,1.08789,1.00,1.00
2017.04.19 02:34:23.075,1.08778,1.08789,1.00,1.00
2017.04.19 02:34:23.680,1.08778,1.0879,1.00,1.50
2017.04.19 02:34:24.198,1.08778,1.0879,1.00,2.10
2017.04.19 02:34:25.432,1.08778,1.08788,1.00,1.00
2017.04.19 02:34:25.585,1.08779,1.0879,1.00,1.00
2017.04.19 02:34:25.738,1.08777,1.08788,1.12,1.60
2017.04.19 02:34:26.397,1.08777,1.08788,1.00,2.47
2017.04.19 02:34:28.247,1.08778,1.0879,1.00,2.85
2017.04.19 02:34:28.761,1.08778,1.0879,1.00,2.85
2017.04.19 02:34:29.303,1.08778,1.0879,1.00,2.85
2017.04.19 02:34:31.450,1.08778,1.08788,1.00,1.00
2017.04.19 02:34:33.934,1.08778,1.08789,1.00,1.00
2017.04.19 02:34:35.352,1.08777,1.08789,1.00,1.00
2017.04.19 02:34:35.997,1.08777,1.08788,1.00,1.00
2017.04.19 02:34:37.131,1.08777,1.08789,1.00,1.35
2017.04.19 02:34:37.547,1.08773,1.08783,1.37,1.35
2017.04.19 02:34:37.598,1.08774,1.08785,1.12,1.35
2017.04.19 02:34:37.700,1.08772,1.08785,1.50,1.60
2017.04.19 02:34:37.751,1.08772,1.08785,1.00,1.35
2017.04.19 02:34:38.350,1.08772,1.08784,1.00,1.00
2017.04.19 02:34:38.892,1.08771,1.08785,1.50,1.00
2017.04.19 02:34:38.943,1.08773,1.08786,1.00,1.87
2017.04.19 02:34:39.467,1.08774,1.08786,1.00,1.00
2017.04.19 02:34:39.800,1.08772,1.08785,1.50,1.00
2017.04.19 02:34:39.952,1.08774,1.08786,1.00,2.10
2017.04.19 02:34:41.118,1.08774,1.08785,1.00,1.00
2017.04.19 02:34:41.630,1.08775,1.08786,1.00,1.00
2017.04.19 02:34:42.854,1.08775,1.08787,1.00,2.25
2017.04.19 02:34:46.430,1.08775,1.08788,1.50,1.50
2017.04.19 02:34:46.734,1.08778,1.08787,1.00,1.00
2017.04.19 02:34:46.944,1.08776,1.08787,1.50,1.00
2017.04.19 02:34:48.802,1.08776,1.08788,1.50,1.00
2017.04.19 02:34:50.986,1.08776,1.08789,1.00,1.35
2017.04.19 02:34:51.774,1.08776,1.08788,1.00,1.00
2017.04.19 02:34:54.154,1.08776,1.08789,1.00,1.35
2017.04.19 02:34:58.260,1.08776,1.08788,1.50,2.10
2017.04.19 02:34:58.413,1.08774,1.08787,2.25,1.00
2017.04.19 02:34:58.766,1.08774,1.08785,1.50,1.00
2017.04.19 02:34:59.688,1.08776,1.08785,1.00,1.00
2017.04.19 02:35:00.199,1.08776,1.08786,1.00,1.00
2017.04.19 02:35:00.728,1.08775,1.08786,1.00,1.00
2017.04.19 02:35:01.312,1.08775,1.08787,1.00,1.35
2017.04.19 02:35:03.279,1.08775,1.08788,1.00,2.10
2017.04.19 02:35:03.853,1.08775,1.08787,1.00,1.35
2017.04.19 02:35:04.258,1.08775,1.08788,1.00,3.97
2017.04.19 02:35:05.171,1.08775,1.08788,1.00,1.35
2017.04.19 02:35:17.597,1.08774,1.08786,1.00,2.10
2017.04.19 02:35:17.891,1.08771,1.08784,1.00,1.00
2017.04.19 02:35:22.554,1.08772,1.08785,1.50,1.50
2017.04.19 02:35:23.169,1.08772,1.08784,1.50,1.00
2017.04.19 02:35:27.207,1.08772,1.08785,1.00,1.50
2017.04.19 02:35:27.883,1.08774,1.08785,1.50,1.00
2017.04.19 02:35:28.035,1.08774,1.08789,1.50,1.50
2017.04.19 02:35:28.580,1.08775,1.08789,1.00,2.25
2017.04.19 02:35:30.252,1.08775,1.08787,1.00,1.00
2017.04.19 02:35:37.203,1.08775,1.08785,1.00,1.00
2017.04.19 02:35:46.132,1.08776,1.08785,1.00,1.00
2017.04.19 02:35:46.673,1.08776,1.08786,1.00,1.00
2017.04.19 02:35:48.586,1.08774,1.08785,1.00,1.00
2017.04.19 02:35:49.536,1.08774,1.08786,1.00,1.50
2017.04.19 02:35:50.096,1.08772,1.08786,1.50,1.00
2017.04.19 02:35:50.654,1.08772,1.08787,1.00,1.50
2017.04.19 02:35:56.510,1.08771,1.08787,3.37,1.50
2017.04.19 02:35:58.753,1.08771,1.08783,1.12,2.25
2017.04.19 02:35:59.007,1.0877,1.08783,1.00,2.25
2017.04.19 02:35:59.463,1.0877,1.08781,1.00,1.00
2017.04.19 02:35:59.565,1.0877,1.08784,1.50,1.50
2017.04.19 02:36:03.628,1.0877,1.08783,1.00,1.00
2017.04.19 02:36:03.784,1.08768,1.08782,2.47,1.00
2017.04.19 02:36:06.150,1.08768,1.08784,2.47,1.50
2017.04.19 02:36:15.029,1.08768,1.08782,1.50,1.00
2017.04.19 02:36:15.535,1.08768,1.08781,1.00,1.50
2017.04.19 02:36:16.276,1.08768,1.08783,1.50,1.50
2017.04.19 02:36:17.018,1.08768,1.08782,1.50,1.00
2017.04.19 02:36:18.571,1.08771,1.08783,1.00,1.30
2017.04.19 02:36:19.119,1.08771,1.08782,1.00,1.00
2017.04.19 02:36:19.701,1.08771,1.08783,1.00,1.12
2017.04.19 02:36:20.005,1.0877,1.08781,1.00,1.00
2017.04.19 02:36:20.315,1.08772,1.08781,1.00,1.00
2017.04.19 02:36:20.518,1.08772,1.08783,1.00,1.00
2017.04.19 02:36:21.039,1.08772,1.08782,1.00,1.00
2017.04.19 02:36:21.584,1.08773,1.08783,1.00,1.00
2017.04.19 02:36:22.120,1.08773,1.08784,1.00,1.00
2017.04.19 02:36:25.074,1.08773,1.08783,1.00,1.00
2017.04.19 02:36:25.125,1.08771,1.08783,1.00,1.00
2017.04.19 02:36:28.937,1.0877,1.08783,1.00,1.87
2017.04.19 02:36:29.560,1.0877,1.08782,1.00,1.00
2017.04.19 02:36:30.401,1.0877,1.08783,1.00,1.00
2017.04.19 02:36:30.969,1.0877,1.08782,1.12,1.00
2017.04.19 02:36:31.602,1.0877,1.08783,1.12,1.00
2017.04.19 02:36:33.682,1.08771,1.08784,1.00,1.50
2017.04.19 02:36:34.203,1.08772,1.08782,1.00,1.00
2017.04.19 02:36:35.379,1.08771,1.08784,1.00,2.10
2017.04.19 02:36:36.725,1.08771,1.08782,1.00,1.00
2017.04.19 02:36:38.467,1.08771,1.08783,1.00,1.00
2017.04.19 02:36:39.008,1.08772,1.08784,1.00,1.00
2017.04.19 02:36:39.332,1.08774,1.08786,1.50,1.00
2017.04.19 02:36:39.838,1.08775,1.08786,1.00,1.00
2017.04.19 02:36:40.263,1.08775,1.08788,1.00,1.50
2017.04.19 02:36:40.729,1.08777,1.08788,1.00,1.00
2017.04.19 02:36:41.252,1.08777,1.08789,1.00,1.87
2017.04.19 02:36:41.776,1.08778,1.08789,1.00,1.00
2017.04.19 02:36:44.001,1.08778,1.0879,1.00,1.00
2017.04.19 02:36:44.942,1.08778,1.08793,2.10,1.31
2017.04.19 02:36:45.247,1.08791,1.08802,1.00,1.00
2017.04.19 02:36:47.629,1.08791,1.08803,1.00,1.87
2017.04.19 02:36:49.707,1.08791,1.08802,1.00,1.00
2017.04.19 02:36:50.670,1.0879,1.08802,1.00,1.00
2017.04.19 02:36:52.673,1.08789,1.08802,1.00,1.00
2017.04.19 02:36:57.492,1.08789,1.08803,1.00,1.12
2017.04.19 02:37:00.142,1.08789,1.08801,1.00,1.00
2017.04.19 02:37:00.626,1.08789,1.08803,1.00,1.00
2017.04.19 02:37:04.924,1.0879,1.08803,1.00,1.00
2017.04.19 02:37:05.026,1.08793,1.08804,1.00,1.50
2017.04.19 02:37:06.227,1.08791,1.08804,1.12,1.00
2017.04.19 02:37:07.403,1.08788,1.08803,1.35,1.00
2017.04.19 02:37:08.577,1.08788,1.08803,1.60,1.00
2017.04.19 02:37:10.206,1.08789,1.08803,1.72,1.00
2017.04.19 02:37:11.913,1.08789,1.08803,2.47,1.00
2017.04.19 02:37:12.448,1.0879,1.08804,1.37,1.25
2017.04.19 02:37:22.471,1.08792,1.08805,1.12,1.00
2017.04.19 02:37:23.932,1.08792,1.08804,1.12,1.00
2017.04.19 02:37:25.700,1.08795,1.08808,1.00,2.25
2017.04.19 02:37:25.852,1.08795,1.08808,1.00,1.12
2017.04.19 02:37:26.862,1.08797,1.08808,1.00,1.00
2017.04.19 02:37:30.917,1.08797,1.08809,1.12,1.00
2017.04.19 02:37:32.131,1.08797,1.08808,1.12,1.00
2017.04.19 02:37:35.027,1.08797,1.0881,1.00,1.00
2017.04.19 02:37:35.576,1.08798,1.0881,1.12,1.00
2017.04.19 02:37:36.090,1.08798,1.08811,1.12,1.00
2017.04.19 02:37:38.037,1.08798,1.08812,1.87,1.87
2017.04.19 02:37:39.436,1.08799,1.08813,2.62,1.81
2017.04.19 02:37:39.538,1.08802,1.08816,1.00,3.19
2017.04.19 02:37:40.044,1.08803,1.08816,1.00,2.44
2017.04.19 02:37:41.205,1.08803,1.08816,1.37,3.19
2017.04.19 02:37:41.900,1.08803,1.08816,1.37,1.69
2017.04.19 02:37:42.104,1.08803,1.08816,1.37,1.69
2017.04.19 02:37:42.307,1.08803,1.08816,1.37,1.25
2017.04.19 02:37:43.032,1.08803,1.08816,1.37,1.69
2017.04.19 02:37:43.468,1.08801,1.08816,1.12,3.19
2017.04.19 02:37:43.973,1.08801,1.08816,1.12,2.44
2017.04.19 02:37:44.177,1.08795,1.0881,1.87,1.44
2017.04.19 02:37:44.681,1.08795,1.0881,1.87,1.87
2017.04.19 02:37:50.156,1.08795,1.08808,1.87,1.00
2017.04.19 02:37:52.105,1.08796,1.08807,1.50,1.00
2017.04.19 02:37:53.153,1.08796,1.08807,2.25,1.00
2017.04.19 02:37:53.255,1.08799,1.0881,1.37,1.00
2017.04.19 02:37:53.560,1.08801,1.08811,1.37,1.00
2017.04.19 02:37:53.611,1.08801,1.08813,1.37,2.25
2017.04.19 02:37:54.120,1.08801,1.08814,1.37,1.00
2017.04.19 02:37:54.943,1.08803,1.08814,1.00,1.00
2017.04.19 02:37:55.045,1.08803,1.08814,1.37,1.00
2017.04.19 02:37:55.355,1.08802,1.08815,1.50,1.50
2017.04.19 02:37:55.909,1.08803,1.08816,1.50,1.50
2017.04.19 02:37:57.865,1.08805,1.08816,1.37,1.00
2017.04.19 02:37:58.169,1.08804,1.08815,1.50,1.00
2017.04.19 02:37:58.321,1.08803,1.08815,1.12,1.12
2017.04.19 02:37:58.424,1.08803,1.08815,1.37,1.87
2017.04.19 02:37:58.547,1.08803,1.08815,1.12,1.87
2017.04.19 02:38:04.193,1.08803,1.08814,1.12,1.00
2017.04.19 02:38:09.877,1.088,1.08813,1.12,1.00
2017.04.19 02:38:10.384,1.088,1.08812,1.00,1.00
2017.04.19 02:38:18.541,1.088,1.08813,1.00,1.50
2017.04.19 02:38:22.197,1.08802,1.08814,1.00,2.85
2017.04.19 02:38:22.704,1.08803,1.08817,1.87,3.60
2017.04.19 02:38:22.857,1.08805,1.08817,1.00,1.50
2017.04.19 02:38:23.373,1.08806,1.08816,1.00,1.00
2017.04.19 02:38:23.942,1.08806,1.08817,1.00,1.00
2017.04.19 02:38:24.146,1.08804,1.08817,1.00,1.00
2017.04.19 02:38:24.966,1.08804,1.08816,1.00,1.00
2017.04.19 02:38:25.316,1.08805,1.08818,1.00,1.50
2017.04.19 02:38:25.418,1.08804,1.08816,1.00,1.00
2017.04.19 02:38:25.925,1.08803,1.08816,1.00,1.00
2017.04.19 02:38:26.481,1.08803,1.08815,1.00,1.00
2017.04.19 02:38:27.022,1.08803,1.08814,1.00,1.00
2017.04.19 02:38:27.186,1.08803,1.08816,1.00,1.35
2017.04.19 02:38:27.237,1.08803,1.08814,1.00,1.00
2017.04.19 02:38:27.390,1.08801,1.08814,1.12,1.50
2017.04.19 02:38:27.593,1.08802,1.08816,1.00,1.50
2017.04.19 02:38:31.073,1.08801,1.08816,1.87,1.00
2017.04.19 02:38:32.278,1.08802,1.08816,1.00,1.00
2017.04.19 02:38:34.296,1.08801,1.08815,1.87,1.00
2017.04.19 02:38:36.850,1.08799,1.08813,3.00,1.00
2017.04.19 02:38:36.901,1.08799,1.08813,1.50,1.00
2017.04.19 02:38:37.433,1.08799,1.08812,2.25,1.00
2017.04.19 02:38:39.820,1.088,1.08812,1.00,1.00
2017.04.19 02:38:39.871,1.08801,1.08814,1.00,1.87
2017.04.19 02:38:39.922,1.08805,1.08814,1.00,1.12
2017.04.19 02:38:40.125,1.08805,1.08819,1.00,1.87
2017.04.19 02:38:42.675,1.08806,1.0882,1.00,1.50
2017.04.19 02:38:43.202,1.08807,1.08821,1.00,2.25
2017.04.19 02:38:43.986,1.08806,1.0882,1.00,2.25
2017.04.19 02:38:50.586,1.08806,1.0882,1.12,2.62
2017.04.19 02:39:00.516,1.08806,1.08819,1.50,1.00
2017.04.19 02:39:01.044,1.08806,1.08819,1.87,1.00
2017.04.19 02:39:01.668,1.08806,1.08818,1.00,1.00
2017.04.19 02:39:04.314,1.08806,1.08819,1.00,1.50
2017.04.19 02:39:12.452,1.08805,1.08819,1.37,1.50
2017.04.19 02:39:18.120,1.08806,1.08819,1.12,1.50
2017.04.19 02:39:20.145,1.08804,1.08818,1.87,1.00
2017.04.19 02:39:21.941,1.08804,1.08818,1.00,1.00
2017.04.19 02:39:22.818,1.08804,1.08817,1.00,1.00
2017.04.19 02:39:23.521,1.08804,1.08816,1.00,1.00
2017.04.19 02:39:23.836,1.08804,1.08813,1.72,1.00
2017.04.19 02:39:23.887,1.08803,1.08813,1.00,1.00
2017.04.19 02:39:24.091,1.08802,1.08815,1.50,1.00
2017.04.19 02:39:24.193,1.08801,1.08813,1.12,1.00
2017.04.19 02:39:24.295,1.08802,1.08815,1.12,1.00
2017.04.19 02:39:24.397,1.08804,1.08816,1.00,1.00
2017.04.19 02:39:24.650,1.08804,1.08818,1.12,1.12
2017.04.19 02:39:26.194,1.08805,1.08818,1.00,1.87
2017.04.19 02:39:27.622,1.08804,1.08815,1.00,1.00
2017.04.19 02:39:28.135,1.08802,1.08816,2.25,1.50
2017.04.19 02:39:29.292,1.08804,1.08817,1.50,1.00
2017.04.19 02:39:29.799,1.08804,1.08818,1.87,1.12
2017.04.19 02:39:57.532,1.08803,1.08817,2.25,1.50
2017.04.19 02:39:58.040,1.08803,1.08817,1.50,2.62
2017.04.19 02:39:59.232,1.08804,1.08818,1.00,1.37
2017.04.19 02:39:59.385,1.08804,1.08819,1.00,1.12
2017.04.19 02:40:00.226,1.08804,1.08819,1.37,1.00
2017.04.19 02:40:00.796,1.08804,1.0882,1.87,1.50
2017.04.19 02:40:01.327,1.08804,1.0882,3.00,1.00
2017.04.19 02:40:01.542,1.08806,1.08821,1.00,2.47
2017.04.19 02:40:02.104,1.08806,1.0882,1.12,1.00
2017.04.19 02:40:02.426,1.08805,1.08819,1.00,1.19
2017.04.19 02:40:03.167,1.08804,1.08819,1.50,1.19
2017.04.19 02:40:03.709,1.08804,1.08819,1.87,1.19
2017.04.19 02:40:04.249,1.08804,1.08817,1.87,1.00
2017.04.19 02:40:05.140,1.08805,1.08816,1.00,1.00
2017.04.19 02:40:08.711,1.08805,1.08818,1.50,1.00
2017.04.19 02:40:19.463,1.08804,1.08818,2.25,1.00
2017.04.19 02:40:28.007,1.08805,1.08818,1.30,1.00
2017.04.19 02:40:28.522,1.08805,1.08817,1.35,1.00
2017.04.19 02:40:32.203,1.08805,1.08819,1.00,1.50
2017.04.19 02:40:32.306,1.08804,1.08816,1.00,1.00
2017.04.19 02:40:32.611,1.08801,1.08814,1.37,1.50
2017.04.19 02:40:32.662,1.08801,1.08814,1.00,1.50
2017.04.19 02:40:37.451,1.088,1.08811,1.00,1.50
2017.04.19 02:40:37.654,1.08797,1.08811,1.00,2.10
2017.04.19 02:40:38.218,1.08797,1.08811,1.00,2.47
2017.04.19 02:40:38.799,1.08795,1.08811,1.87,2.47
2017.04.19 02:40:39.428,1.08797,1.0881,1.00,1.12
2017.04.19 02:40:43.107,1.08797,1.08809,1.00,1.00
2017.04.19 02:40:46.150,1.08797,1.0881,1.00,1.12
2017.04.19 02:40:47.027,1.08796,1.0881,1.12,1.00
2017.04.19 02:40:47.129,1.08796,1.08808,1.12,1.00
2017.04.19 02:40:49.251,1.08797,1.08808,1.00,1.00
2017.04.19 02:40:49.864,1.08797,1.08808,1.87,1.00
2017.04.19 02:40:50.451,1.08797,1.08808,1.00,1.00
2017.04.19 02:40:53.215,1.08796,1.08808,1.00,1.00
2017.04.19 02:40:55.259,1.08795,1.08808,1.12,1.50
2017.04.19 02:40:58.764,1.08796,1.08808,1.00,1.00
2017.04.19 02:40:59.442,1.08795,1.08808,1.12,1.00
2017.04.19 02:41:02.366,1.08794,1.08807,1.12,1.00
