2017.04.13 06:00:00.624,1.08801,1.08812,1.75,1.00
2017.04.13 06:00:00.828,1.08799,1.08813,1.75,2.25
2017.04.13 06:00:00.930,1.08798,1.08813,1.50,2.25
2017.04.13 06:00:01.234,1.088,1.08812,1.37,1.00
2017.04.13 06:00:01.560,1.08798,1.08809,1.50,1.00
2017.04.13 06:00:01.865,1.08795,1.08806,1.12,1.00
2017.04.13 06:00:02.371,1.08792,1.08805,1.50,1.00
2017.04.13 06:00:02.524,1.08791,1.08803,1.87,1.00
2017.04.13 06:00:02.808,1.08791,1.08803,1.12,1.00
2017.04.13 06:00:03.337,1.08791,1.08801,1.00,1.00
2017.04.13 06:00:03.696,1.0879,1.08801,1.87,1.00
2017.04.13 06:00:03.981,1.08792,1.08804,1.87,1.00
2017.04.13 06:00:04.194,1.08793,1.08806,3.75,1.00
2017.04.13 06:00:04.247,1.08795,1.0881,1.12,1.00
2017.04.13 06:00:04.551,1.08794,1.08806,1.75,1.00
2017.04.13 06:00:04.755,1.0879,1.08804,1.37,1.00
2017.04.13 06:00:05.008,1.08788,1.08802,1.12,1.00
2017.04.13 06:00:05.059,1.08788,1.08802,1.87,1.00
2017.04.13 06:00:05.161,1.08789,1.08802,1.12,1.00
2017.04.13 06:00:05.589,1.08788,1.088,1.75,1.00
2017.04.13 06:00:07.048,1.08788,1.08801,2.25,1.00
2017.04.13 06:00:07.200,1.08788,1.08803,2.25,1.50
2017.04.13 06:00:07.518,1.08788,1.088,1.75,1.00
2017.04.13 06:00:07.671,1.08786,1.088,1.12,1.87
2017.04.13 06:00:07.722,1.08788,1.088,1.12,1.37
2017.04.13 06:00:08.038,1.08787,1.08795,1.00,1.00
2017.04.13 06:00:08.422,1.08789,1.08796,1.00,1.00
2017.04.13 06:00:08.473,1.08791,1.08799,1.00,1.00
2017.04.13 06:00:08.727,1.08789,1.08799,1.00,1.00
2017.04.13 06:00:08.931,1.08787,1.08799,1.50,1.87
2017.04.13 06:00:08.982,1.08787,1.08796,1.00,1.00
2017.04.13 06:00:09.462,1.08786,1.08798,1.00,1.00
2017.04.13 06:00:09.563,1.08786,1.08796,1.00,1.00
2017.04.13 06:00:09.870,1.08793,1.08798,1.00,1.00
2017.04.13 06:00:09.972,1.08794,1.08802,1.00,1.00
2017.04.13 06:00:10.023,1.08788,1.08802,1.50,1.00
2017.04.13 06:00:10.075,1.08793,1.08802,1.00,1.12
2017.04.13 06:00:10.379,1.08795,1.08804,1.00,1.00
2017.04.13 06:00:10.803,1.08795,1.08802,1.00,1.00
2017.04.13 06:00:10.854,1.08792,1.08802,1.12,1.00
2017.04.13 06:00:11.557,1.08793,1.08802,1.00,1.00
2017.04.13 06:00:12.088,1.08794,1.08802,1.00,1.00
2017.04.13 06:00:12.594,1.08793,1.08803,1.00,1.00
2017.04.13 06:00:14.731,1.08794,1.08803,1.00,1.00
2017.04.13 06:00:14.782,1.08792,1.08803,1.12,1.00
2017.04.13 06:00:14.990,1.08789,1.08803,1.75,1.87
2017.04.13 06:00:15.092,1.08789,1.088,1.00,1.00
2017.04.13 06:00:15.194,1.08787,1.088,1.87,1.00
2017.04.13 06:00:15.245,1.08789,1.088,1.00,1.00
2017.04.13 06:00:15.297,1.08787,1.08799,1.87,1.00
2017.04.13 06:00:15.708,1.08787,1.08796,1.00,1.00
2017.04.13 06:00:16.195,1.0879,1.08798,1.00,1.00
2017.04.13 06:00:16.537,1.08792,1.088,1.00,1.00
2017.04.13 06:00:18.532,1.08793,1.088,1.00,1.00
2017.04.13 06:00:18.685,1.08792,1.08802,1.50,1.00
2017.04.13 06:00:20.598,1.08794,1.08802,1.00,1.00
2017.04.13 06:00:21.252,1.08795,1.08803,1.00,1.00
2017.04.13 06:00:23.514,1.08795,1.08802,1.00,1.00
2017.04.13 06:00:24.064,1.08794,1.08802,1.00,1.00
2017.04.13 06:00:24.612,1.08793,1.08802,1.12,1.00
2017.04.13 06:00:25.144,1.08794,1.08802,1.00,1.00
2017.04.13 06:00:25.918,1.08795,1.08802,1.00,1.00
2017.04.13 06:00:26.421,1.08795,1.08803,1.00,1.00
2017.04.13 06:00:26.708,1.08793,1.08803,1.12,1.00
2017.04.13 06:00:26.810,1.08791,1.08802,1.00,1.00
2017.04.13 06:00:27.344,1.08791,1.08801,3.37,1.00
2017.04.13 06:00:27.651,1.08801,1.08808,1.00,1.00
2017.04.13 06:00:27.703,1.08799,1.08808,1.87,1.00
2017.04.13 06:00:27.805,1.08799,1.0881,1.87,1.00
2017.04.13 06:00:28.381,1.08799,1.08809,1.87,1.00
2017.04.13 06:00:29.198,1.088,1.08809,1.00,1.00
2017.04.13 06:00:30.312,1.08799,1.08809,1.12,1.00
2017.04.13 06:00:30.521,1.08797,1.08806,1.37,1.00
2017.04.13 06:00:30.574,1.08797,1.08806,1.00,1.00
2017.04.13 06:00:31.335,1.08799,1.08806,1.19,1.00
2017.04.13 06:00:31.386,1.08802,1.0881,1.19,1.00
2017.04.13 06:00:31.488,1.08804,1.08813,1.50,1.37
2017.04.13 06:00:31.590,1.08806,1.08816,1.00,1.00
2017.04.13 06:00:31.691,1.08806,1.08814,1.00,1.00
2017.04.13 06:00:33.364,1.08805,1.08814,1.12,1.00
2017.04.13 06:00:34.696,1.08806,1.08814,1.00,1.00
2017.04.13 06:00:35.207,1.08806,1.08813,1.00,1.00
2017.04.13 06:00:35.748,1.08802,1.08813,1.50,1.50
2017.04.13 06:00:36.053,1.08799,1.08807,1.00,1.00
2017.04.13 06:00:36.515,1.08796,1.08804,1.00,1.00
2017.04.13 06:00:36.819,1.08794,1.088,1.00,1.00
2017.04.13 06:00:37.787,1.08794,1.08802,1.00,1.00
2017.04.13 06:00:39.048,1.08792,1.08802,1.87,1.00
2017.04.13 06:00:40.467,1.08793,1.08805,1.00,1.00
2017.04.13 06:00:40.518,1.08799,1.08808,1.00,1.12
2017.04.13 06:00:40.844,1.08799,1.08806,1.00,1.00
2017.04.13 06:00:40.957,1.08797,1.08806,1.00,1.00
2017.04.13 06:00:41.210,1.08797,1.08804,1.00,1.00
2017.04.13 06:00:43.614,1.08799,1.08804,1.00,1.00
2017.04.13 06:00:43.716,1.088,1.08808,1.00,1.00
2017.04.13 06:00:43.818,1.088,1.08805,1.00,1.00
2017.04.13 06:00:44.061,1.08798,1.08805,1.00,1.00
2017.04.13 06:00:44.921,1.08798,1.08804,1.00,1.00
2017.04.13 06:00:45.860,1.08799,1.08804,1.00,1.00
2017.04.13 06:00:46.417,1.08799,1.08803,1.00,1.00
2017.04.13 06:00:46.895,1.08793,1.08803,1.12,1.00
2017.04.13 06:00:46.947,1.08793,1.088,1.00,1.00
2017.04.13 06:00:47.264,1.08793,1.08798,1.00,1.00
2017.04.13 06:00:47.315,1.08791,1.08798,1.00,1.00
2017.04.13 06:00:49.041,1.08791,1.08796,1.00,1.00
2017.04.13 06:00:50.149,1.08791,1.08798,1.00,1.00
2017.04.13 06:00:50.686,1.08791,1.08796,1.00,1.00
2017.04.13 06:00:50.738,1.08791,1.08798,1.00,1.00
2017.04.13 06:00:52.120,1.08792,1.08798,1.00,1.00
2017.04.13 06:00:52.222,1.08792,1.08796,1.00,1.00
2017.04.13 06:00:52.443,1.08792,1.08798,1.00,1.00
2017.04.13 06:00:52.762,1.08794,1.08799,1.00,1.00
2017.04.13 06:00:52.915,1.08796,1.08803,1.00,1.00
2017.04.13 06:00:53.422,1.08795,1.08803,1.00,1.00
2017.04.13 06:00:53.728,1.08793,1.08803,1.50,1.00
2017.04.13 06:00:54.754,1.08793,1.08801,1.00,1.00
2017.04.13 06:00:55.058,1.08798,1.08805,1.00,1.00
2017.04.13 06:00:55.109,1.08796,1.08805,1.00,1.00
2017.04.13 06:00:55.634,1.08795,1.08804,1.00,1.00
2017.04.13 06:00:55.735,1.08797,1.08804,1.00,1.00
2017.04.13 06:00:55.838,1.08799,1.08807,1.00,1.00
2017.04.13 06:00:56.076,1.08797,1.08806,1.00,1.00
2017.04.13 06:00:56.608,1.08797,1.08805,1.00,1.00
2017.04.13 06:00:57.094,1.08794,1.08805,1.87,1.00
2017.04.13 06:00:57.450,1.08792,1.08804,1.00,1.87
2017.04.13 06:00:57.557,1.08792,1.08802,1.50,1.00
2017.04.13 06:00:57.983,1.08794,1.08803,1.25,1.00
2017.04.13 06:00:58.186,1.08792,1.08803,1.50,1.00
2017.04.13 06:00:58.288,1.08794,1.08803,1.25,1.00
2017.04.13 06:00:58.603,1.08792,1.08802,1.50,1.00
2017.04.13 06:00:59.642,1.08793,1.08802,1.00,1.00
2017.04.13 06:01:00.231,1.08791,1.08802,1.12,1.12
2017.04.13 06:01:00.332,1.08789,1.08797,1.50,1.00
2017.04.13 06:01:00.485,1.08787,1.08797,1.50,1.00
2017.04.13 06:01:01.025,1.08787,1.08796,1.50,1.00
2017.04.13 06:01:01.914,1.08788,1.08796,1.00,1.00
2017.04.13 06:01:02.440,1.08787,1.08796,1.00,1.00
2017.04.13 06:01:02.957,1.08788,1.08797,1.00,1.00
2017.04.13 06:01:03.332,1.08787,1.08795,1.00,1.00
2017.04.13 06:01:03.637,1.08787,1.08798,1.00,1.00
2017.04.13 06:01:03.992,1.0879,1.08798,1.00,1.00
2017.04.13 06:01:04.296,1.08787,1.08796,1.69,1.00
2017.04.13 06:01:04.825,1.08786,1.08796,1.87,1.00
2017.04.13 06:01:05.124,1.08788,1.08796,1.00,1.00
2017.04.13 06:01:05.226,1.08788,1.08798,2.44,1.00
2017.04.13 06:01:06.033,1.0879,1.08798,1.00,1.00
2017.04.13 06:01:06.584,1.0879,1.08799,1.50,1.00
2017.04.13 06:01:07.084,1.08788,1.08799,1.50,1.00
2017.04.13 06:01:07.135,1.08788,1.08796,1.00,1.00
2017.04.13 06:01:07.237,1.08788,1.08799,1.00,1.00
2017.04.13 06:01:07.339,1.08787,1.08797,1.25,1.00
2017.04.13 06:01:07.530,1.08787,1.08799,1.25,1.00
2017.04.13 06:01:08.197,1.08787,1.08798,1.69,1.00
2017.04.13 06:01:09.131,1.08787,1.08797,1.69,1.00
2017.04.13 06:01:09.646,1.08787,1.08796,1.69,1.00
2017.04.13 06:01:10.318,1.08788,1.08796,1.00,1.00
2017.04.13 06:01:10.851,1.08788,1.08797,1.00,1.00
2017.04.13 06:01:11.376,1.08787,1.08797,2.44,1.00
2017.04.13 06:01:12.380,1.08787,1.08798,2.44,1.50
2017.04.13 06:01:13.682,1.08787,1.08796,1.25,1.00
2017.04.13 06:01:15.171,1.08786,1.08796,1.00,1.87
2017.04.13 06:01:15.476,1.08785,1.08794,1.12,1.00
2017.04.13 06:01:16.038,1.08783,1.08794,1.50,1.00
2017.04.13 06:01:16.372,1.08786,1.08793,1.00,1.00
2017.04.13 06:01:16.658,1.08786,1.08796,1.12,1.00
2017.04.13 06:01:16.861,1.08786,1.08794,1.12,1.00
2017.04.13 06:01:18.521,1.0879,1.08794,1.12,1.00
2017.04.13 06:01:18.573,1.08788,1.08797,1.37,1.50
2017.04.13 06:01:18.625,1.08788,1.08795,1.37,1.00
2017.04.13 06:01:18.727,1.08782,1.08794,3.00,1.00
2017.04.13 06:01:19.187,1.08783,1.08791,1.00,1.00
2017.04.13 06:01:20.122,1.08782,1.08791,1.00,1.00
2017.04.13 06:01:20.426,1.08782,1.08789,1.00,1.00
2017.04.13 06:01:22.110,1.08781,1.08789,1.00,1.00
2017.04.13 06:01:22.414,1.0878,1.08787,1.00,1.00
2017.04.13 06:01:22.920,1.08778,1.08786,1.00,1.00
2017.04.13 06:01:23.567,1.08777,1.08786,1.00,1.00
2017.04.13 06:01:23.893,1.08776,1.08784,1.00,1.00
2017.04.13 06:01:24.418,1.08776,1.08783,1.00,1.00
2017.04.13 06:01:24.988,1.08776,1.08785,1.00,1.00
2017.04.13 06:01:25.253,1.08776,1.08783,1.50,1.00
2017.04.13 06:01:25.772,1.08776,1.08782,1.50,1.00
2017.04.13 06:01:27.256,1.08776,1.08783,1.50,1.00
2017.04.13 06:01:27.585,1.08774,1.0878,1.00,1.00
2017.04.13 06:01:29.938,1.08776,1.0878,1.00,1.00
2017.04.13 06:01:29.990,1.08776,1.08782,1.00,1.00
2017.04.13 06:01:30.627,1.08776,1.08783,1.00,1.00
2017.04.13 06:01:33.164,1.08776,1.08782,1.00,1.00
2017.04.13 06:01:35.123,1.08776,1.08784,1.12,1.00
2017.04.13 06:01:36.816,1.08777,1.08784,1.00,1.00
2017.04.13 06:01:37.114,1.0878,1.08786,1.00,1.00
2017.04.13 06:01:37.452,1.08779,1.08784,1.00,1.00
2017.04.13 06:01:38.435,1.08775,1.08784,2.62,1.00
2017.04.13 06:01:38.537,1.08773,1.08784,1.75,1.00
2017.04.13 06:01:38.588,1.08773,1.0878,1.37,1.00
2017.04.13 06:01:38.640,1.08773,1.0878,1.00,1.00
2017.04.13 06:01:38.742,1.08771,1.08779,2.25,1.00
2017.04.13 06:01:39.018,1.08768,1.08776,1.00,1.00
2017.04.13 06:01:39.813,1.08768,1.08774,1.00,1.00
2017.04.13 06:01:40.134,1.08773,1.08777,1.00,1.00
2017.04.13 06:01:40.185,1.08773,1.08779,1.00,1.00
2017.04.13 06:01:40.728,1.08773,1.08778,1.00,1.00
2017.04.13 06:01:40.973,1.08773,1.0878,1.00,1.00
2017.04.13 06:01:42.512,1.08774,1.08779,1.00,1.00
2017.04.13 06:01:43.053,1.08774,1.0878,1.00,1.00
2017.04.13 06:01:43.325,1.08778,1.08782,1.00,1.00
2017.04.13 06:01:43.377,1.08778,1.08782,1.00,1.00
2017.04.13 06:01:43.480,1.08779,1.08784,1.00,1.00
2017.04.13 06:01:43.683,1.08777,1.08785,1.00,1.00
2017.04.13 06:01:43.784,1.08777,1.08783,1.00,1.00
2017.04.13 06:01:44.406,1.08779,1.08783,1.00,1.00
2017.04.13 06:01:44.710,1.0878,1.08786,1.00,1.00
2017.04.13 06:01:45.116,1.08777,1.08783,1.12,1.00
2017.04.13 06:01:45.455,1.08775,1.08782,1.00,1.00
2017.04.13 06:01:46.001,1.08774,1.08783,1.00,1.00
2017.04.13 06:01:46.198,1.08776,1.08783,1.00,1.00
2017.04.13 06:01:46.503,1.08776,1.08781,1.00,1.00
2017.04.13 06:01:47.041,1.08777,1.08781,1.00,1.00
2017.04.13 06:01:47.288,1.08779,1.08784,1.00,1.00
2017.04.13 06:01:47.837,1.08778,1.08783,1.00,1.00
2017.04.13 06:01:48.359,1.08779,1.08783,1.00,1.00
2017.04.13 06:01:48.952,1.08779,1.08784,1.00,1.00
2017.04.13 06:01:49.726,1.08782,1.08787,1.00,1.00
2017.04.13 06:01:50.032,1.08788,1.08792,1.00,1.00
2017.04.13 06:01:50.135,1.0879,1.08795,1.00,1.00
2017.04.13 06:01:50.669,1.0879,1.08794,1.00,1.00
2017.04.13 06:01:51.349,1.0879,1.08795,1.00,1.00
2017.04.13 06:01:52.039,1.0879,1.08794,1.00,1.00
2017.04.13 06:01:52.567,1.08789,1.08794,1.00,1.00
2017.04.13 06:01:52.618,1.08787,1.08794,1.00,1.00
2017.04.13 06:01:52.669,1.0879,1.08794,1.00,1.00
2017.04.13 06:01:52.771,1.08788,1.08794,1.00,1.00
2017.04.13 06:01:52.822,1.08788,1.08792,1.00,1.00
2017.04.13 06:01:53.043,1.08788,1.08794,1.00,1.00
2017.04.13 06:01:53.545,1.0879,1.08794,1.00,1.00
2017.04.13 06:01:53.647,1.08789,1.08795,1.00,1.00
2017.04.13 06:01:54.629,1.08787,1.08795,1.50,1.00
2017.04.13 06:01:54.680,1.08789,1.08795,1.00,1.00
2017.04.13 06:01:55.360,1.08787,1.08795,1.00,1.00
2017.04.13 06:01:55.564,1.08785,1.08793,1.00,1.00
2017.04.13 06:01:55.868,1.08785,1.08791,1.00,1.00
2017.04.13 06:01:56.382,1.08784,1.0879,1.00,1.00
2017.04.13 06:01:56.432,1.08784,1.08793,1.00,1.00
2017.04.13 06:01:57.438,1.08785,1.08793,1.00,1.00
2017.04.13 06:01:57.968,1.08785,1.08794,1.00,1.00
2017.04.13 06:01:58.759,1.08786,1.08794,1.00,1.00
2017.04.13 06:01:58.860,1.08786,1.08792,1.00,1.00
2017.04.13 06:01:59.029,1.08786,1.08794,1.00,1.00
2017.04.13 06:01:59.830,1.08786,1.08796,1.00,1.12
2017.04.13 06:02:00.349,1.08786,1.08794,1.00,1.00
2017.04.13 06:02:00.655,1.08788,1.08796,1.00,1.00
2017.04.13 06:02:00.959,1.08791,1.08796,1.00,1.00
2017.04.13 06:02:01.373,1.08788,1.08797,1.50,1.00
2017.04.13 06:02:01.962,1.08789,1.08797,1.00,1.00
2017.04.13 06:02:02.492,1.08788,1.08797,1.00,1.00
2017.04.13 06:02:03.015,1.08788,1.08798,1.00,1.00
2017.04.13 06:02:03.523,1.08787,1.08797,1.00,1.00
2017.04.13 06:02:03.574,1.08787,1.08795,1.00,1.00
2017.04.13 06:02:03.929,1.08786,1.08793,1.00,1.00
2017.04.13 06:02:06.065,1.08783,1.08793,1.37,1.00
2017.04.13 06:02:06.321,1.08781,1.08792,1.50,1.00
2017.04.13 06:02:06.474,1.08781,1.0879,1.50,1.00
2017.04.13 06:02:07.075,1.0878,1.08789,1.00,1.00
2017.04.13 06:02:08.541,1.08779,1.0879,2.25,1.00
2017.04.13 06:02:09.076,1.0878,1.0879,1.00,1.00
2017.04.13 06:02:09.380,1.08781,1.0879,1.37,1.00
2017.04.13 06:02:11.267,1.0878,1.0879,2.62,1.00
2017.04.13 06:02:11.571,1.08779,1.08788,2.25,1.00
2017.04.13 06:02:12.024,1.08781,1.08788,1.00,1.00
2017.04.13 06:02:12.559,1.0878,1.08789,1.00,1.00
2017.04.13 06:02:13.187,1.0878,1.08789,1.87,1.00
2017.04.13 06:02:13.667,1.08781,1.08791,1.00,1.00
2017.04.13 06:02:14.193,1.08779,1.08789,1.37,1.00
2017.04.13 06:02:14.739,1.08779,1.08789,1.00,1.00
2017.04.13 06:02:15.253,1.08778,1.08789,1.00,1.00
2017.04.13 06:02:15.749,1.08778,1.08787,1.00,1.00
2017.04.13 06:02:15.901,1.08776,1.08787,1.12,1.00
2017.04.13 06:02:16.085,1.0878,1.08788,1.50,1.50
2017.04.13 06:02:16.289,1.0878,1.0879,1.50,1.00
2017.04.13 06:02:17.055,1.0878,1.08788,1.00,1.00
2017.04.13 06:02:17.578,1.08781,1.0879,1.00,1.00
2017.04.13 06:02:18.235,1.08782,1.0879,1.00,1.00
2017.04.13 06:02:18.804,1.08782,1.08789,1.00,1.00
2017.04.13 06:02:19.345,1.08783,1.08791,1.00,1.12
2017.04.13 06:02:19.765,1.08781,1.08791,1.50,1.00
2017.04.13 06:02:20.273,1.0878,1.0879,1.12,1.00
2017.04.13 06:02:20.526,1.08782,1.0879,1.00,1.00
2017.04.13 06:02:20.781,1.08781,1.08792,1.50,1.00
2017.04.13 06:02:21.089,1.08781,1.0879,1.00,1.00
2017.04.13 06:02:21.627,1.08781,1.08789,1.00,1.00
2017.04.13 06:02:22.150,1.08781,1.0879,1.00,1.00
2017.04.13 06:02:22.701,1.0878,1.08789,1.00,1.00
2017.04.13 06:02:23.525,1.08781,1.08789,1.00,1.00
2017.04.13 06:02:24.990,1.0878,1.08789,1.00,1.00
2017.04.13 06:02:26.217,1.08782,1.08789,1.87,1.00
2017.04.13 06:02:26.733,1.08784,1.08791,1.00,1.00
2017.04.13 06:02:26.843,1.0878,1.08791,1.87,1.00
2017.04.13 06:02:27.382,1.08781,1.0879,1.12,1.00
2017.04.13 06:02:27.896,1.08781,1.08789,1.12,1.00
2017.04.13 06:02:27.947,1.08783,1.08789,1.00,1.00
2017.04.13 06:02:27.998,1.08783,1.08791,1.00,1.12
2017.04.13 06:02:28.525,1.08783,1.08792,1.50,1.00
2017.04.13 06:02:29.031,1.08783,1.08791,1.00,1.00
2017.04.13 06:02:29.615,1.08782,1.08791,1.00,1.00
2017.04.13 06:02:30.653,1.08781,1.08791,1.00,1.12
2017.04.13 06:02:31.182,1.0878,1.08791,1.00,1.12
2017.04.13 06:02:31.284,1.0878,1.08789,1.00,1.00
2017.04.13 06:02:31.690,1.0878,1.08787,1.00,1.00
2017.04.13 06:02:32.221,1.08781,1.08788,1.00,1.00
2017.04.13 06:02:32.865,1.0878,1.08787,1.00,1.00
2017.04.13 06:02:33.374,1.0878,1.0879,2.62,1.00
2017.04.13 06:02:33.814,1.08783,1.08793,2.62,1.00
2017.04.13 06:02:34.755,1.08783,1.08793,2.62,1.00
2017.04.13 06:02:35.448,1.08783,1.08793,2.62,1.00
2017.04.13 06:02:37.185,1.08786,1.08793,1.12,1.00
2017.04.13 06:02:37.287,1.08786,1.08796,1.87,1.00
2017.04.13 06:02:37.389,1.08788,1.08796,1.00,1.00
2017.04.13 06:02:37.895,1.08787,1.08796,2.25,1.00
2017.04.13 06:02:39.218,1.08786,1.08796,1.12,1.00
2017.04.13 06:02:39.876,1.08784,1.08796,3.37,1.00
2017.04.13 06:02:40.340,1.08786,1.08794,1.00,1.00
2017.04.13 06:02:40.790,1.08786,1.08796,1.00,1.00
2017.04.13 06:02:41.043,1.08787,1.08796,1.87,1.00
2017.04.13 06:02:41.095,1.08789,1.08798,1.12,1.50
2017.04.13 06:02:41.753,1.0879,1.08798,1.00,1.00
2017.04.13 06:02:42.267,1.08791,1.08798,1.00,1.00
2017.04.13 06:02:42.520,1.08791,1.088,1.00,1.00
2017.04.13 06:02:43.066,1.08792,1.088,1.00,1.00
2017.04.13 06:02:44.095,1.08792,1.08799,1.00,1.00
2017.04.13 06:02:44.602,1.08791,1.088,1.50,1.00
2017.04.13 06:02:45.544,1.08791,1.08799,1.00,1.00
2017.04.13 06:02:47.189,1.08792,1.08799,1.00,1.50
2017.04.13 06:02:47.292,1.0879,1.08799,1.12,1.50
2017.04.13 06:02:48.160,1.08789,1.08798,1.12,1.00
2017.04.13 06:02:48.673,1.08789,1.08797,1.00,1.00
2017.04.13 06:02:49.222,1.08789,1.08798,1.00,1.00
2017.04.13 06:02:50.101,1.08789,1.08798,1.37,1.00
2017.04.13 06:02:50.701,1.08789,1.08798,1.12,1.00
2017.04.13 06:02:51.212,1.08788,1.08797,1.12,1.00
2017.04.13 06:02:51.803,1.08788,1.08797,1.37,1.00
2017.04.13 06:02:52.142,1.08792,1.088,1.00,1.00
2017.04.13 06:02:52.665,1.0879,1.088,1.87,1.00
2017.04.13 06:02:53.190,1.0879,1.08799,2.25,1.00
2017.04.13 06:02:53.241,1.0879,1.08801,1.87,1.50
2017.04.13 06:02:53.771,1.08792,1.08801,1.00,1.00
2017.04.13 06:02:54.117,1.08793,1.08804,1.12,1.00
2017.04.13 06:02:54.168,1.08795,1.08804,1.00,1.00
2017.04.13 06:02:55.670,1.08797,1.08804,1.00,1.00
2017.04.13 06:02:55.873,1.08798,1.08806,1.00,1.50
2017.04.13 06:02:56.382,1.08796,1.08806,2.25,1.00
2017.04.13 06:02:56.916,1.08798,1.08806,1.00,1.00
2017.04.13 06:02:57.800,1.08795,1.08805,1.75,1.50
2017.04.13 06:02:57.902,1.08795,1.08805,1.00,1.50
2017.04.13 06:02:58.638,1.08795,1.08804,1.00,1.00
2017.04.13 06:03:00.216,1.08794,1.08802,1.50,1.00
2017.04.13 06:03:00.726,1.08793,1.08802,1.00,1.50
2017.04.13 06:03:00.951,1.08793,1.08804,1.00,1.50
2017.04.13 06:03:01.855,1.08794,1.08804,1.00,1.50
2017.04.13 06:03:02.768,1.08793,1.08803,1.00,1.00
2017.04.13 06:03:03.282,1.08792,1.08802,1.00,1.00
2017.04.13 06:03:03.708,1.08788,1.08799,1.75,1.00
2017.04.13 06:03:03.810,1.08787,1.08797,1.31,1.50
2017.04.13 06:03:03.912,1.08788,1.08795,1.00,1.00
2017.04.13 06:03:04.115,1.08785,1.08796,2.62,1.50
2017.04.13 06:03:04.637,1.08787,1.08796,1.00,1.00
2017.04.13 06:03:05.435,1.08785,1.08796,2.62,1.00
2017.04.13 06:03:05.486,1.08785,1.08794,2.62,1.00
2017.04.13 06:03:06.007,1.08784,1.08792,1.12,1.00
2017.04.13 06:03:07.156,1.08784,1.08794,1.00,1.50
2017.04.13 06:03:07.410,1.08786,1.08795,1.00,1.00
2017.04.13 06:03:08.028,1.08787,1.08796,1.00,1.00
2017.04.13 06:03:08.332,1.08789,1.08797,1.00,1.00
2017.04.13 06:03:08.644,1.08791,1.08799,1.00,1.50
2017.04.13 06:03:09.067,1.08793,1.088,1.00,1.00
2017.04.13 06:03:09.310,1.08791,1.08801,1.00,1.00
2017.04.13 06:03:09.995,1.08791,1.088,1.00,1.00
2017.04.13 06:03:10.098,1.08789,1.08799,1.00,1.50
2017.04.13 06:03:10.605,1.08788,1.08798,1.00,1.00
2017.04.13 06:03:11.131,1.08789,1.08798,1.00,1.00
2017.04.13 06:03:12.887,1.08786,1.08798,1.50,1.50
2017.04.13 06:03:13.447,1.08786,1.08797,1.00,1.00
2017.04.13 06:03:13.964,1.08785,1.08797,1.50,1.50
2017.04.13 06:03:14.721,1.08786,1.08797,1.00,1.50
2017.04.13 06:03:15.426,1.08787,1.08797,1.50,1.00
2017.04.13 06:03:15.477,1.08787,1.08799,1.50,1.50
2017.04.13 06:03:16.062,1.08786,1.08798,1.00,1.00
2017.04.13 06:03:16.821,1.08787,1.08797,1.00,1.00
2017.04.13 06:03:18.573,1.08787,1.08796,1.00,1.00
2017.04.13 06:03:19.081,1.08787,1.08795,1.00,1.00
2017.04.13 06:03:19.811,1.08785,1.08795,1.00,1.00
2017.04.13 06:03:20.452,1.08785,1.08794,1.00,1.00
2017.04.13 06:03:21.283,1.08784,1.08794,1.12,1.00
2017.04.13 06:03:21.500,1.08784,1.08792,1.12,1.00
2017.04.13 06:03:23.740,1.08784,1.0879,1.00,1.00
2017.04.13 06:03:24.270,1.08783,1.08789,1.00,1.00
2017.04.13 06:03:27.000,1.08782,1.08789,1.00,1.00
2017.04.13 06:03:27.351,1.08785,1.08792,1.00,1.00
2017.04.13 06:03:27.808,1.08787,1.08793,1.00,1.00
2017.04.13 06:03:27.859,1.08787,1.08795,1.00,1.00
2017.04.13 06:03:28.377,1.08788,1.08796,1.00,1.00
2017.04.13 06:03:28.479,1.08788,1.08793,1.00,1.00
2017.04.13 06:03:28.631,1.08785,1.08793,1.00,1.00
2017.04.13 06:03:29.143,1.08785,1.08792,1.00,1.00
2017.04.13 06:03:29.626,1.08787,1.08792,1.00,1.00
2017.04.13 06:03:29.677,1.08787,1.08795,1.00,1.00
2017.04.13 06:03:30.222,1.08787,1.08796,1.00,1.00
2017.04.13 06:03:30.727,1.08786,1.08795,1.00,1.00
2017.04.13 06:03:30.778,1.08786,1.08793,1.00,1.00
2017.04.13 06:03:32.676,1.08783,1.08793,1.50,1.00
2017.04.13 06:03:33.001,1.08783,1.0879,1.00,1.00
2017.04.13 06:03:33.154,1.08783,1.08792,1.00,1.00
2017.04.13 06:03:33.703,1.08784,1.08793,1.00,1.00
2017.04.13 06:03:33.924,1.08786,1.08793,1.25,1.00
2017.04.13 06:03:34.076,1.08787,1.08795,1.00,1.00
2017.04.13 06:03:34.581,1.08788,1.08796,1.00,1.00
2017.04.13 06:03:35.211,1.08787,1.08796,1.00,1.00
2017.04.13 06:03:39.248,1.08786,1.08796,1.69,1.00
2017.04.13 06:03:41.593,1.08786,1.08797,2.44,1.00
2017.04.13 06:03:42.151,1.08787,1.08797,1.00,1.00
2017.04.13 06:03:42.789,1.08787,1.08795,1.00,1.00
2017.04.13 06:03:43.320,1.08786,1.08795,1.69,1.00
2017.04.13 06:03:43.785,1.08794,1.08798,1.00,1.00
2017.04.13 06:03:43.887,1.08794,1.08798,1.00,1.00
2017.04.13 06:03:44.090,1.08795,1.088,1.00,1.00
2017.04.13 06:03:44.655,1.08795,1.08799,1.00,1.00
2017.04.13 06:03:45.189,1.08795,1.08799,1.00,1.00
2017.04.13 06:03:46.770,1.08795,1.08801,1.00,1.00
2017.04.13 06:03:47.299,1.08796,1.08801,1.00,1.00
2017.04.13 06:03:47.806,1.08799,1.08803,1.00,1.00
2017.04.13 06:03:47.857,1.08801,1.08805,1.00,1.00
2017.04.13 06:03:47.908,1.08802,1.08807,1.00,1.00
2017.04.13 06:03:47.960,1.08804,1.08808,1.00,1.00
2017.04.13 06:03:48.011,1.08805,1.08809,1.00,1.00
2017.04.13 06:03:48.062,1.08808,1.08812,1.00,1.00
2017.04.13 06:03:48.280,1.08809,1.08813,1.00,1.00
2017.04.13 06:03:48.331,1.08809,1.08814,1.00,1.00
2017.04.13 06:03:48.433,1.08811,1.08815,1.00,1.00
2017.04.13 06:03:48.637,1.08811,1.08817,1.00,1.00
2017.04.13 06:03:48.739,1.08811,1.08815,1.00,1.00
2017.04.13 06:03:49.301,1.08811,1.08816,1.00,1.00
2017.04.13 06:03:49.815,1.08811,1.08817,1.00,1.00
2017.04.13 06:03:49.917,1.08808,1.08816,1.00,1.00
2017.04.13 06:03:50.120,1.08807,1.08812,1.00,1.00
2017.04.13 06:03:50.654,1.08806,1.08812,1.00,1.00
2017.04.13 06:03:52.156,1.08809,1.08813,1.00,1.00
2017.04.13 06:03:52.359,1.08809,1.08814,1.00,1.00
2017.04.13 06:03:53.252,1.08808,1.08814,1.00,1.00
2017.04.13 06:03:56.290,1.08807,1.08815,1.00,1.00
2017.04.13 06:03:56.341,1.08812,1.08819,1.00,1.00
2017.04.13 06:03:56.648,1.08819,1.08825,1.00,1.00
2017.04.13 06:03:56.901,1.08817,1.08825,1.87,1.00
2017.04.13 06:03:56.953,1.08817,1.08827,1.12,1.00
2017.04.13 06:03:57.053,1.08815,1.08825,3.00,1.00
2017.04.13 06:03:57.257,1.08813,1.08822,1.00,1.00
2017.04.13 06:03:57.642,1.08815,1.08821,1.00,1.00
2017.04.13 06:03:57.745,1.08812,1.08824,1.37,1.87
2017.04.13 06:03:57.796,1.08811,1.08825,2.25,1.00
2017.04.13 06:03:57.847,1.08811,1.08822,2.25,1.00
2017.04.13 06:03:57.949,1.08811,1.08821,1.00,1.00
2017.04.13 06:03:58.153,1.0881,1.08819,2.06,1.00
2017.04.13 06:03:58.356,1.08811,1.08821,1.00,1.00
2017.04.13 06:03:58.842,1.08807,1.08818,1.50,1.00
2017.04.13 06:03:59.045,1.08804,1.08815,1.50,1.00
2017.04.13 06:03:59.604,1.08808,1.08815,1.00,1.00
2017.04.13 06:03:59.757,1.0881,1.0882,1.25,1.37
2017.04.13 06:03:59.808,1.08813,1.0882,1.00,1.37
2017.04.13 06:03:59.860,1.08813,1.08821,2.25,1.00
2017.04.13 06:03:59.963,1.08815,1.08823,1.00,1.00
2017.04.13 06:04:00.154,1.08814,1.08825,1.00,1.00
2017.04.13 06:04:00.256,1.08814,1.08823,1.12,1.00
2017.04.13 06:04:00.562,1.08811,1.0882,1.75,1.00
2017.04.13 06:04:00.663,1.08809,1.08819,2.25,1.00
2017.04.13 06:04:00.970,1.08803,1.08813,3.37,1.00
2017.04.13 06:04:01.072,1.08801,1.08813,5.62,1.00
2017.04.13 06:04:01.376,1.08805,1.08815,1.75,1.00
2017.04.13 06:04:01.680,1.08804,1.08815,1.50,1.00
2017.04.13 06:04:02.057,1.08804,1.08817,1.50,1.00
2017.04.13 06:04:03.231,1.08804,1.08818,2.25,1.00
2017.04.13 06:04:03.732,1.08804,1.08817,2.25,1.00
2017.04.13 06:04:04.158,1.08804,1.08815,1.50,1.00
2017.04.13 06:04:05.050,1.08806,1.08815,1.00,1.00
2017.04.13 06:04:05.642,1.08803,1.08815,2.25,1.00
2017.04.13 06:04:06.312,1.08805,1.08816,1.12,1.00
2017.04.13 06:04:07.035,1.08805,1.08817,1.87,1.00
2017.04.13 06:04:07.342,1.08809,1.08819,1.12,1.00
2017.04.13 06:04:07.647,1.08811,1.08819,1.00,1.00
2017.04.13 06:04:08.180,1.08812,1.08818,1.00,1.00
2017.04.13 06:04:08.383,1.08815,1.08823,1.00,1.00
2017.04.13 06:04:08.485,1.08815,1.08825,1.50,1.00
2017.04.13 06:04:08.958,1.08817,1.08825,1.50,1.00
2017.04.13 06:04:09.162,1.0882,1.08829,1.00,1.00
2017.04.13 06:04:09.416,1.08818,1.08828,1.00,1.00
2017.04.13 06:04:09.606,1.08817,1.08826,2.62,1.00
2017.04.13 06:04:09.961,1.08818,1.08828,1.50,1.00
2017.04.13 06:04:11.387,1.08818,1.08827,1.50,1.00
2017.04.13 06:04:11.693,1.08817,1.08824,1.50,1.00
2017.04.13 06:04:12.194,1.08817,1.08825,1.50,1.00
2017.04.13 06:04:12.515,1.08819,1.08825,1.00,1.00
2017.04.13 06:04:13.061,1.08818,1.08824,1.00,1.00
2017.04.13 06:04:15.194,1.08818,1.08825,1.00,1.00
2017.04.13 06:04:16.420,1.0882,1.08825,1.00,1.00
2017.04.13 06:04:20.068,1.08823,1.08827,1.00,1.00
2017.04.13 06:04:20.271,1.08825,1.08831,1.00,1.00
2017.04.13 06:04:20.374,1.08826,1.0883,1.00,1.00
2017.04.13 06:04:20.628,1.0883,1.08835,1.00,1.00
2017.04.13 06:04:20.679,1.08832,1.08836,1.00,1.00
2017.04.13 06:04:20.731,1.08833,1.08837,1.00,1.00
2017.04.13 06:04:21.022,1.08829,1.08837,1.75,1.00
2017.04.13 06:04:21.124,1.08829,1.08837,1.00,1.00
2017.04.13 06:04:21.678,1.08829,1.08836,1.00,1.00
2017.04.13 06:04:22.856,1.08829,1.08837,1.50,1.00
2017.04.13 06:04:23.390,1.0883,1.08838,1.00,1.00
2017.04.13 06:04:24.695,1.08829,1.08838,1.50,1.00
2017.04.13 06:04:24.963,1.08829,1.08835,1.50,1.00
2017.04.13 06:04:25.559,1.08829,1.08836,1.00,1.00
2017.04.13 06:04:25.864,1.0883,1.0884,1.00,1.00
2017.04.13 06:04:26.054,1.08832,1.0884,1.00,1.00
2017.04.13 06:04:26.510,1.08834,1.08841,1.00,1.00
2017.04.13 06:04:27.325,1.08835,1.08841,1.00,1.00
2017.04.13 06:04:27.685,1.08833,1.08841,1.00,1.00
2017.04.13 06:04:27.736,1.08831,1.08839,1.00,1.00
2017.04.13 06:04:27.838,1.08833,1.08842,1.50,1.00
2017.04.13 06:04:28.396,1.08834,1.08842,1.00,1.00
2017.04.13 06:04:29.613,1.08833,1.08842,1.00,1.00
2017.04.13 06:04:29.817,1.08832,1.0884,1.50,1.00
2017.04.13 06:04:30.021,1.08828,1.0884,1.12,1.00
2017.04.13 06:04:30.670,1.08828,1.0884,1.50,1.50
2017.04.13 06:04:31.109,1.08828,1.08838,2.25,1.00
2017.04.13 06:04:31.643,1.08826,1.08836,1.75,1.50
2017.04.13 06:04:31.873,1.08824,1.08834,1.00,1.00
2017.04.13 06:04:32.357,1.08824,1.08832,1.50,1.00
2017.04.13 06:04:32.873,1.08822,1.08833,1.37,1.00
2017.04.13 06:04:35.127,1.08822,1.08832,1.37,1.00
2017.04.13 06:04:35.229,1.08824,1.08834,1.12,1.00
2017.04.13 06:04:35.836,1.08824,1.08835,1.12,1.00
2017.04.13 06:04:35.989,1.08825,1.08836,1.37,1.00
2017.04.13 06:04:36.446,1.08826,1.08834,1.00,1.00
2017.04.13 06:04:36.693,1.08826,1.08836,1.00,1.00
2017.04.13 06:04:38.494,1.08825,1.08836,1.00,1.00
2017.04.13 06:04:38.578,1.08826,1.08838,1.00,1.00
2017.04.13 06:04:39.135,1.08826,1.08837,2.25,1.00
2017.04.13 06:04:40.329,1.08827,1.08837,1.00,1.00
2017.04.13 06:04:40.426,1.08829,1.08837,1.00,1.00
2017.04.13 06:04:40.477,1.08829,1.08839,1.12,1.00
2017.04.13 06:04:40.781,1.08827,1.08836,1.50,1.00
2017.04.13 06:04:40.984,1.08825,1.08836,1.50,1.00
2017.04.13 06:04:41.587,1.08825,1.08835,1.00,1.00
2017.04.13 06:04:41.638,1.08825,1.08833,1.00,1.00
2017.04.13 06:04:42.120,1.08827,1.08833,1.00,1.00
2017.04.13 06:04:42.171,1.08827,1.08837,1.00,1.00
2017.04.13 06:04:42.273,1.08828,1.08837,1.37,1.00
2017.04.13 06:04:42.681,1.0883,1.08839,1.00,1.00
2017.04.13 06:04:43.184,1.08829,1.08838,1.12,1.00
2017.04.13 06:04:43.709,1.08828,1.08839,1.37,1.00
2017.04.13 06:04:44.184,1.08831,1.08841,1.69,1.00
2017.04.13 06:04:44.286,1.08833,1.08844,1.69,1.00
2017.04.13 06:04:44.337,1.08835,1.08844,1.00,1.00
2017.04.13 06:04:44.389,1.08835,1.08847,2.06,1.12
2017.04.13 06:04:44.490,1.08837,1.08847,1.69,1.00
2017.04.13 06:04:44.745,1.08836,1.08849,2.81,1.00
2017.04.13 06:04:45.072,1.08835,1.08847,2.81,1.00
2017.04.13 06:04:45.277,1.08838,1.08849,1.69,1.00
2017.04.13 06:04:45.784,1.08839,1.08849,1.00,1.00
2017.04.13 06:04:46.849,1.08837,1.08849,1.00,1.00
2017.04.13 06:04:47.352,1.08836,1.08848,2.25,1.50
2017.04.13 06:04:47.873,1.08836,1.08847,1.00,1.00
2017.04.13 06:04:48.197,1.08834,1.08847,1.25,1.00
2017.04.13 06:04:48.760,1.08834,1.08846,1.25,1.00
2017.04.13 06:04:49.040,1.08834,1.08844,1.00,1.00
2017.04.13 06:04:49.488,1.08834,1.08842,1.00,1.00
2017.04.13 06:04:49.999,1.08831,1.08842,2.44,1.00
2017.04.13 06:04:50.365,1.0883,1.08842,1.37,1.00
2017.04.13 06:04:50.741,1.08831,1.0884,1.00,1.00
2017.04.13 06:04:50.843,1.08828,1.0884,1.12,1.00
2017.04.13 06:04:50.943,1.08828,1.08838,1.12,1.00
2017.04.13 06:04:51.470,1.08827,1.08837,1.50,1.00
2017.04.13 06:04:51.992,1.08828,1.08838,1.87,1.00
2017.04.13 06:04:52.301,1.08831,1.08841,1.50,1.00
2017.04.13 06:04:53.423,1.08832,1.08841,1.00,1.00
2017.04.13 06:04:53.576,1.08834,1.08845,1.00,1.12
2017.04.13 06:04:54.100,1.08833,1.08845,1.50,1.00
2017.04.13 06:04:54.719,1.08832,1.08845,2.81,1.00
2017.04.13 06:04:54.770,1.08832,1.08843,1.12,1.00
2017.04.13 06:04:55.277,1.08832,1.08844,2.62,1.00
2017.04.13 06:04:55.378,1.08832,1.08846,2.62,1.00
2017.04.13 06:04:55.864,1.08833,1.08844,1.00,1.00
2017.04.13 06:04:56.206,1.08833,1.08842,1.00,1.00
2017.04.13 06:04:56.359,1.08833,1.08844,1.00,1.00
2017.04.13 06:04:56.883,1.08832,1.08844,1.00,1.00
2017.04.13 06:04:57.310,1.08832,1.08845,1.87,1.00
2017.04.13 06:04:57.565,1.08835,1.08847,1.87,1.00
2017.04.13 06:04:57.717,1.08836,1.08847,1.37,1.50
2017.04.13 06:04:58.275,1.08835,1.08846,2.25,1.00
2017.04.13 06:04:58.478,1.08835,1.08849,2.25,1.50
2017.04.13 06:04:59.603,1.08839,1.08851,1.37,1.00
2017.04.13 06:05:00.148,1.0884,1.08852,1.50,1.00
2017.04.13 06:05:00.452,1.08837,1.08846,1.00,1.00
2017.04.13 06:05:00.841,1.08833,1.08845,1.87,1.00
2017.04.13 06:05:00.893,1.08833,1.08848,1.87,1.50
2017.04.13 06:05:01.350,1.08836,1.08847,1.50,1.00
2017.04.13 06:05:01.655,1.08839,1.0885,1.00,1.00
2017.04.13 06:05:01.909,1.08839,1.08852,1.50,1.00
2017.04.13 06:05:02.172,1.08839,1.08854,2.25,1.12
2017.04.13 06:05:02.883,1.08839,1.08854,3.00,1.37
2017.04.13 06:05:03.035,1.0884,1.08854,1.37,1.37
2017.04.13 06:05:03.644,1.0884,1.08854,2.25,1.00
2017.04.13 06:05:03.949,1.0884,1.08852,1.50,1.00
2017.04.13 06:05:04.593,1.0884,1.08854,1.50,1.12
2017.04.13 06:05:05.218,1.08843,1.08854,1.00,1.12
2017.04.13 06:05:06.043,1.08843,1.08855,1.00,1.12
2017.04.13 06:05:06.589,1.08843,1.08854,1.00,1.12
2017.04.13 06:05:06.903,1.08846,1.08857,1.00,1.00
2017.04.13 06:05:07.354,1.08848,1.08859,1.00,1.87
2017.04.13 06:05:07.970,1.08848,1.0886,1.00,1.00
2017.04.13 06:05:08.274,1.0885,1.08859,1.00,1.50
2017.04.13 06:05:08.679,1.08852,1.08859,1.00,1.00
2017.04.13 06:05:08.781,1.08848,1.08859,1.50,1.00
2017.04.13 06:05:09.353,1.08849,1.08858,1.00,1.00
2017.04.13 06:05:09.716,1.08848,1.0886,1.00,1.00
2017.04.13 06:05:09.818,1.08851,1.08862,1.00,1.87
2017.04.13 06:05:09.869,1.08852,1.08862,1.00,1.00
2017.04.13 06:05:10.462,1.08851,1.08861,1.00,1.00
2017.04.13 06:05:11.048,1.08851,1.08862,1.00,1.00
2017.04.13 06:05:11.335,1.08852,1.08864,1.00,1.50
2017.04.13 06:05:11.783,1.08854,1.08865,1.00,1.50
2017.04.13 06:05:11.834,1.08854,1.08867,1.69,1.50
2017.04.13 06:05:11.936,1.08854,1.08867,2.06,1.50
2017.04.13 06:05:12.378,1.08858,1.08868,1.00,1.00
2017.04.13 06:05:12.886,1.08858,1.08869,1.00,1.50
2017.04.13 06:05:13.393,1.08858,1.0887,2.25,1.00
2017.04.13 06:05:13.727,1.08865,1.08875,1.00,1.50
2017.04.13 06:05:13.982,1.08866,1.08877,1.00,1.00
2017.04.13 06:05:14.704,1.08864,1.08876,1.87,1.00
2017.04.13 06:05:14.806,1.0886,1.08872,2.25,1.00
2017.04.13 06:05:14.857,1.0886,1.08872,2.25,1.00
2017.04.13 06:05:15.009,1.0886,1.08872,1.00,1.00
2017.04.13 06:05:15.313,1.08858,1.08871,1.12,1.00
2017.04.13 06:05:15.946,1.08857,1.08869,1.00,1.00
2017.04.13 06:05:16.482,1.08854,1.08868,1.75,1.00
2017.04.13 06:05:17.062,1.08856,1.08869,1.50,1.50
2017.04.13 06:05:18.131,1.08856,1.08868,1.50,1.00
2017.04.13 06:05:18.437,1.0886,1.08875,1.87,1.50
2017.04.13 06:05:18.488,1.08863,1.08875,1.00,1.12
2017.04.13 06:05:18.642,1.08866,1.08876,1.00,1.00
2017.04.13 06:05:18.745,1.08864,1.08877,1.00,1.12
2017.04.13 06:05:18.796,1.08868,1.08879,1.00,1.50
2017.04.13 06:05:18.847,1.08868,1.08879,1.00,1.50
2017.04.13 06:05:19.051,1.08869,1.08882,1.00,1.87
2017.04.13 06:05:19.831,1.08869,1.0888,1.00,1.00
2017.04.13 06:05:19.883,1.08867,1.0888,1.12,1.00
2017.04.13 06:05:20.241,1.08864,1.08878,1.75,1.00
2017.04.13 06:05:20.345,1.08862,1.08877,3.37,1.50
2017.04.13 06:05:20.396,1.08863,1.08876,1.00,1.00
2017.04.13 06:05:20.498,1.08861,1.08874,1.00,1.00
2017.04.13 06:05:21.460,1.08861,1.08876,1.50,1.00
2017.04.13 06:05:21.730,1.08862,1.08874,1.00,1.00
2017.04.13 06:05:25.186,1.08863,1.08875,1.00,1.00
2017.04.13 06:05:25.585,1.08863,1.08872,1.37,1.00
2017.04.13 06:05:25.688,1.08862,1.08871,1.00,1.00
2017.04.13 06:05:25.739,1.08857,1.08869,2.62,1.00
2017.04.13 06:05:25.841,1.08859,1.08869,1.00,1.00
2017.04.13 06:05:26.871,1.08859,1.08871,1.00,1.50
2017.04.13 06:05:27.904,1.08859,1.0887,1.00,1.00
2017.04.13 06:05:28.838,1.08859,1.08871,1.00,2.25
2017.04.13 06:05:30.600,1.08859,1.0887,1.00,1.00
2017.04.13 06:05:33.057,1.08859,1.08874,2.25,3.00
2017.04.13 06:05:33.109,1.0886,1.08872,1.00,1.00
2017.04.13 06:05:33.312,1.08862,1.08875,1.00,1.00
2017.04.13 06:05:35.122,1.0886,1.08875,2.62,1.50
2017.04.13 06:05:35.690,1.0886,1.08872,1.37,1.50
2017.04.13 06:05:35.995,1.08856,1.0887,3.00,1.50
2017.04.13 06:05:36.148,1.08856,1.0887,2.25,1.50
2017.04.13 06:05:36.683,1.08858,1.0887,1.00,1.00
2017.04.13 06:05:36.835,1.0886,1.08871,1.00,1.00
2017.04.13 06:05:38.842,1.08861,1.08871,1.00,1.00
2017.04.13 06:05:39.359,1.0886,1.08872,1.12,1.00
2017.04.13 06:05:39.901,1.0886,1.08873,1.12,1.00
2017.04.13 06:05:40.207,1.08859,1.08871,1.50,1.50
2017.04.13 06:05:40.603,1.08857,1.08868,2.25,1.00
2017.04.13 06:05:40.654,1.08859,1.08871,1.12,1.00
2017.04.13 06:05:40.705,1.0886,1.08871,1.37,1.00
2017.04.13 06:05:40.807,1.0886,1.08873,1.87,1.00
2017.04.13 06:05:40.908,1.08859,1.08871,2.25,1.00
2017.04.13 06:05:41.212,1.08858,1.08867,1.50,1.00
2017.04.13 06:05:41.264,1.08858,1.08866,1.12,1.00
2017.04.13 06:05:42.112,1.08857,1.08866,1.00,1.00
2017.04.13 06:05:42.600,1.08857,1.08868,1.00,1.00
2017.04.13 06:05:44.455,1.08856,1.08868,1.00,1.00
2017.04.13 06:05:45.445,1.08857,1.08868,1.00,1.00
2017.04.13 06:05:45.806,1.08862,1.08872,1.00,1.00
2017.04.13 06:05:47.616,1.08861,1.08872,1.12,1.00
2017.04.13 06:05:51.618,1.08858,1.0887,1.50,1.00
2017.04.13 06:05:52.126,1.08858,1.08869,1.00,1.00
2017.04.13 06:05:52.661,1.08859,1.08869,1.00,1.50
2017.04.13 06:05:53.477,1.0886,1.08869,1.00,1.87
2017.04.13 06:05:53.682,1.08861,1.08872,1.00,1.50
2017.04.13 06:05:53.733,1.08859,1.08872,1.50,1.50
2017.04.13 06:05:54.273,1.0886,1.08873,1.50,1.87
2017.04.13 06:05:54.880,1.0886,1.08872,1.00,1.00
2017.04.13 06:05:55.211,1.08862,1.08872,1.00,1.00
2017.04.13 06:05:56.017,1.08863,1.08872,1.00,1.00
2017.04.13 06:05:56.548,1.08863,1.08873,1.00,2.06
2017.04.13 06:05:57.098,1.08861,1.08873,1.00,2.06
2017.04.13 06:05:57.708,1.0886,1.08873,1.00,2.06
2017.04.13 06:05:58.210,1.08859,1.08872,1.87,1.00
2017.04.13 06:05:58.312,1.08857,1.08869,2.62,1.00
2017.04.13 06:05:58.464,1.08855,1.08868,1.37,1.00
2017.04.13 06:05:58.566,1.08855,1.08868,1.12,1.00
2017.04.13 06:05:59.824,1.08856,1.08869,1.00,1.50
2017.04.13 06:05:59.925,1.08857,1.0887,1.00,2.06
2017.04.13 06:06:00.027,1.08859,1.08871,1.00,1.50
2017.04.13 06:06:00.534,1.08859,1.08874,1.50,3.75
2017.04.13 06:06:00.635,1.0886,1.08873,1.00,1.00
2017.04.13 06:06:01.170,1.08859,1.08872,1.50,1.00
2017.04.13 06:06:01.789,1.0886,1.08872,1.00,1.12
2017.04.13 06:06:03.115,1.08862,1.08874,1.00,1.50
2017.04.13 06:06:03.419,1.08866,1.08877,1.00,2.25
2017.04.13 06:06:03.622,1.08866,1.08879,1.00,1.87
2017.04.13 06:06:03.775,1.0887,1.0888,1.00,1.37
2017.04.13 06:06:03.826,1.08868,1.0888,1.00,2.62
2017.04.13 06:06:03.930,1.08866,1.08877,1.00,1.00
2017.04.13 06:06:05.966,1.08866,1.08876,1.00,1.00
2017.04.13 06:06:06.270,1.08868,1.08879,1.00,1.00
2017.04.13 06:06:06.322,1.08871,1.08879,1.00,1.00
2017.04.13 06:06:06.648,1.08875,1.08884,1.00,1.50
2017.04.13 06:06:08.242,1.08873,1.08883,1.00,1.00
2017.04.13 06:06:08.453,1.0887,1.08881,1.37,1.00
2017.04.13 06:06:09.322,1.08872,1.08881,1.00,1.00
2017.04.13 06:06:10.254,1.08872,1.0888,1.00,1.00
2017.04.13 06:06:11.341,1.08872,1.08881,1.00,1.00
2017.04.13 06:06:11.507,1.08872,1.08883,1.00,1.50
2017.04.13 06:06:11.558,1.08874,1.08886,1.00,1.87
2017.04.13 06:06:12.072,1.08875,1.08886,1.00,1.00
2017.04.13 06:06:12.539,1.08877,1.08887,1.00,1.12
2017.04.13 06:06:12.973,1.0887,1.08881,1.87,1.00
2017.04.13 06:06:13.076,1.08871,1.08883,1.00,1.50
2017.04.13 06:06:13.779,1.0887,1.08882,1.00,1.00
2017.04.13 06:06:13.833,1.08868,1.08879,1.12,1.00
2017.04.13 06:06:13.986,1.08864,1.08878,1.37,1.12
2017.04.13 06:06:14.495,1.08864,1.08878,1.00,2.62
2017.04.13 06:06:14.862,1.08862,1.08877,2.25,1.37
2017.04.13 06:06:14.964,1.08862,1.08876,2.25,2.62
2017.04.13 06:06:15.470,1.08861,1.08875,1.00,1.50
2017.04.13 06:06:16.063,1.08862,1.08877,1.00,4.12
2017.04.13 06:06:16.519,1.08862,1.08877,1.00,1.50
2017.04.13 06:06:16.621,1.08864,1.08877,1.00,1.50
2017.04.13 06:06:16.824,1.08862,1.08877,2.06,1.50
2017.04.13 06:06:16.876,1.08862,1.08875,3.00,1.00
2017.04.13 06:06:17.221,1.08857,1.08871,2.62,1.12
2017.04.13 06:06:17.545,1.08861,1.08874,1.00,1.12
2017.04.13 06:06:18.059,1.08861,1.08873,1.00,1.00
2017.04.13 06:06:18.110,1.08859,1.08873,1.00,1.12
2017.04.13 06:06:18.540,1.08859,1.08871,1.00,1.00
2017.04.13 06:06:18.795,1.08859,1.08873,1.87,1.00
2017.04.13 06:06:19.109,1.08861,1.08873,1.00,1.00
2017.04.13 06:06:20.162,1.08862,1.08873,1.00,1.00
2017.04.13 06:06:20.739,1.08861,1.08874,1.00,1.00
2017.04.13 06:06:20.842,1.08862,1.08877,1.00,2.25
2017.04.13 06:06:21.050,1.08864,1.08878,1.37,1.00
2017.04.13 06:06:21.861,1.08865,1.08877,1.12,1.00
2017.04.13 06:06:22.854,1.08865,1.08879,1.12,1.12
2017.04.13 06:06:23.007,1.08865,1.08878,1.50,1.00
2017.04.13 06:06:24.282,1.08863,1.08877,2.25,1.00
2017.04.13 06:06:24.384,1.08863,1.08877,1.50,1.00
2017.04.13 06:06:24.875,1.08864,1.08879,1.12,1.50
2017.04.13 06:06:25.210,1.08866,1.0888,1.00,1.12
2017.04.13 06:06:25.718,1.08864,1.08879,1.37,1.00
2017.04.13 06:06:26.404,1.08864,1.0888,1.37,1.31
2017.04.13 06:06:26.713,1.08863,1.08876,2.25,1.00
2017.04.13 06:06:27.013,1.08863,1.08878,2.25,1.00
2017.04.13 06:06:27.935,1.08865,1.08879,1.12,1.00
2017.04.13 06:06:28.188,1.08867,1.08879,1.00,1.00
2017.04.13 06:06:28.700,1.08866,1.08878,1.00,1.00
2017.04.13 06:06:30.520,1.08866,1.08879,1.00,1.00
2017.04.13 06:06:30.875,1.08863,1.08874,1.87,1.00
2017.04.13 06:06:31.129,1.0886,1.08874,1.87,1.00
2017.04.13 06:06:31.512,1.08864,1.08876,1.12,1.00
2017.04.13 06:06:31.826,1.08865,1.08878,1.37,1.00
2017.04.13 06:06:32.131,1.08865,1.08876,1.37,1.00
2017.04.13 06:06:32.847,1.08867,1.08876,1.00,1.00
2017.04.13 06:06:33.350,1.08866,1.08877,1.12,1.00
2017.04.13 06:06:33.987,1.08867,1.08877,1.00,1.00
2017.04.13 06:06:34.291,1.08862,1.08873,1.75,1.00
2017.04.13 06:06:34.342,1.0886,1.08872,2.25,1.00
2017.04.13 06:06:34.910,1.08861,1.08873,2.25,1.00
2017.04.13 06:06:35.114,1.08862,1.08872,1.12,1.00
2017.04.13 06:06:38.171,1.08862,1.08871,1.12,1.00
2017.04.13 06:06:38.323,1.0886,1.0887,1.12,1.00
2017.04.13 06:06:39.875,1.08859,1.08872,1.50,1.00
2017.04.13 06:06:40.231,1.08858,1.0887,2.25,1.00
2017.04.13 06:06:40.536,1.08854,1.08864,1.12,1.00
2017.04.13 06:06:40.587,1.08854,1.08866,1.12,1.00
2017.04.13 06:06:41.120,1.08854,1.08867,1.12,1.00
2017.04.13 06:06:42.132,1.08855,1.08868,1.00,1.00
2017.04.13 06:06:42.512,1.08853,1.08866,1.50,1.00
2017.04.13 06:06:43.115,1.08855,1.08866,1.00,1.00
2017.04.13 06:06:43.979,1.08853,1.08866,1.50,1.00
2017.04.13 06:06:44.334,1.08858,1.08869,1.00,1.12
2017.04.13 06:06:44.773,1.08859,1.0887,1.00,1.75
2017.04.13 06:06:44.875,1.08859,1.08872,1.00,1.50
2017.04.13 06:06:45.454,1.08861,1.08873,1.00,1.87
2017.04.13 06:06:45.555,1.08862,1.08873,1.00,1.12
2017.04.13 06:06:46.472,1.08862,1.08874,1.00,1.37
2017.04.13 06:06:46.524,1.08862,1.08874,1.00,1.00
2017.04.13 06:06:46.726,1.08864,1.08874,1.00,1.50
2017.04.13 06:06:48.584,1.08856,1.08867,1.00,1.00
2017.04.13 06:06:48.685,1.08854,1.08866,1.12,1.12
2017.04.13 06:06:48.837,1.08852,1.08864,1.00,1.00
2017.04.13 06:06:49.405,1.08851,1.08864,1.00,1.50
2017.04.13 06:06:49.951,1.08852,1.08864,1.00,1.00
2017.04.13 06:06:50.054,1.08853,1.08866,1.00,1.87
2017.04.13 06:06:50.156,1.08855,1.08867,1.00,2.25
2017.04.13 06:06:50.676,1.08856,1.08868,1.00,1.12
2017.04.13 06:06:50.980,1.08858,1.0887,1.00,1.00
2017.04.13 06:06:51.234,1.08859,1.08872,1.00,1.87
2017.04.13 06:06:52.102,1.08859,1.0887,1.00,1.00
2017.04.13 06:06:52.305,1.08863,1.08875,1.00,1.50
2017.04.13 06:06:52.356,1.08866,1.08875,1.00,1.00
2017.04.13 06:06:52.813,1.08868,1.08876,1.00,1.12
2017.04.13 06:06:52.915,1.08868,1.08878,1.00,1.12
2017.04.13 06:06:53.188,1.08868,1.08876,1.00,1.00
2017.04.13 06:06:53.241,1.08863,1.08872,1.00,1.00
2017.04.13 06:06:53.777,1.08862,1.08873,1.00,1.50
2017.04.13 06:06:54.382,1.08863,1.08873,1.00,1.87
2017.04.13 06:06:55.238,1.08864,1.08873,1.00,1.00
2017.04.13 06:06:55.391,1.08865,1.08876,1.00,1.12
2017.04.13 06:06:55.442,1.08867,1.08876,1.00,1.00
2017.04.13 06:06:56.167,1.08866,1.08876,1.00,1.00
2017.04.13 06:06:56.284,1.08866,1.08878,1.00,1.12
2017.04.13 06:06:56.548,1.08864,1.08878,1.00,1.12
2017.04.13 06:06:56.626,1.08864,1.08878,1.00,1.37
2017.04.13 06:06:56.954,1.08862,1.08874,1.00,1.87
2017.04.13 06:06:57.408,1.08861,1.08871,1.00,1.37
2017.04.13 06:06:57.561,1.08857,1.08871,1.75,1.37
2017.04.13 06:06:57.763,1.08857,1.08871,1.75,1.37
2017.04.13 06:06:57.865,1.08859,1.08873,1.37,1.37
2017.04.13 06:06:57.967,1.08862,1.08874,1.37,1.00
2017.04.13 06:06:58.271,1.08861,1.08872,1.50,1.37
2017.04.13 06:06:58.576,1.08857,1.08871,1.37,1.37
2017.04.13 06:06:59.139,1.08857,1.08871,1.37,1.37
2017.04.13 06:07:03.108,1.08857,1.08869,1.37,1.37
2017.04.13 06:07:03.160,1.0886,1.08868,1.00,1.12
2017.04.13 06:07:03.413,1.0886,1.08872,1.00,1.50
2017.04.13 06:07:03.688,1.08862,1.08872,1.00,1.37
2017.04.13 06:07:03.891,1.08862,1.08873,1.00,1.12
2017.04.13 06:07:04.297,1.08863,1.08874,1.00,1.50
2017.04.13 06:07:04.348,1.08862,1.08874,1.00,1.50
2017.04.13 06:07:04.399,1.08865,1.08874,1.00,1.12
2017.04.13 06:07:04.703,1.0886,1.08873,2.25,3.37
2017.04.13 06:07:04.754,1.0886,1.08871,1.75,1.37
2017.04.13 06:07:04.805,1.08859,1.0887,1.37,1.37
2017.04.13 06:07:05.031,1.08855,1.08866,1.87,2.62
2017.04.13 06:07:05.083,1.08855,1.08866,1.50,1.37
2017.04.13 06:07:07.551,1.08855,1.08868,1.00,1.56
2017.04.13 06:07:07.602,1.08857,1.08868,1.00,1.46
2017.04.13 06:07:08.135,1.08858,1.08869,1.00,1.56
2017.04.13 06:07:08.788,1.08855,1.08867,1.00,1.12
2017.04.13 06:07:09.320,1.08855,1.08867,1.00,1.44
2017.04.13 06:07:09.574,1.08857,1.08868,1.00,1.56
2017.04.13 06:07:10.078,1.08857,1.08868,1.00,1.44
2017.04.13 06:07:10.717,1.08855,1.08863,1.00,1.00
2017.04.13 06:07:10.770,1.08853,1.08863,1.00,1.50
2017.04.13 06:07:10.923,1.08851,1.08863,1.00,1.56
2017.04.13 06:07:10.974,1.08851,1.08863,1.00,1.44
2017.04.13 06:07:11.127,1.08847,1.08859,1.50,1.00
2017.04.13 06:07:11.179,1.08847,1.08861,1.00,2.81
2017.04.13 06:07:11.231,1.08849,1.08861,1.00,1.12
2017.04.13 06:07:11.333,1.08851,1.08861,1.00,1.37
2017.04.13 06:07:11.486,1.08849,1.08861,1.00,1.00
2017.04.13 06:07:12.090,1.08849,1.08861,2.25,1.12
2017.04.13 06:07:12.142,1.08853,1.08863,1.00,1.31
2017.04.13 06:07:12.648,1.08852,1.08863,1.12,1.00
2017.04.13 06:07:12.952,1.08852,1.08862,1.00,1.37
2017.04.13 06:07:13.156,1.08852,1.08864,1.00,1.69
2017.04.13 06:07:13.727,1.08852,1.08862,1.00,1.25
2017.04.13 06:07:14.253,1.08852,1.08861,1.00,1.00
2017.04.13 06:07:14.551,1.08853,1.08864,1.00,2.84
2017.04.13 06:07:15.108,1.08852,1.08863,1.00,1.31
2017.04.13 06:07:15.306,1.0885,1.08862,1.87,1.37
2017.04.13 06:07:15.546,1.08848,1.08862,1.00,2.66
2017.04.13 06:07:16.131,1.08848,1.08859,1.00,1.87
2017.04.13 06:07:16.233,1.08846,1.08859,1.37,2.62
2017.04.13 06:07:16.537,1.08846,1.08858,1.50,1.37
2017.04.13 06:07:18.195,1.08847,1.08857,1.00,1.37
2017.04.13 06:07:18.741,1.08847,1.08857,1.00,1.37
2017.04.13 06:07:19.257,1.08846,1.08856,1.00,1.12
2017.04.13 06:07:19.561,1.08842,1.08854,1.50,1.12
2017.04.13 06:07:19.612,1.08842,1.08852,1.50,1.00
2017.04.13 06:07:19.713,1.08841,1.08852,1.12,1.37
2017.04.13 06:07:21.164,1.08842,1.08852,1.00,1.12
2017.04.13 06:07:21.215,1.08844,1.08852,1.00,1.12
2017.04.13 06:07:21.267,1.08842,1.08852,1.00,1.50
2017.04.13 06:07:21.521,1.0884,1.08851,1.00,1.87
2017.04.13 06:07:22.118,1.08841,1.08852,1.00,1.62
2017.04.13 06:07:22.632,1.08841,1.08852,1.00,1.37
2017.04.13 06:07:22.998,1.08845,1.08855,1.00,3.37
2017.04.13 06:07:23.504,1.08845,1.08856,1.00,1.37
2017.04.13 06:07:23.851,1.08847,1.08856,1.00,1.37
2017.04.13 06:07:25.282,1.08847,1.08857,1.00,1.50
2017.04.13 06:07:25.679,1.08845,1.08855,1.00,1.12
2017.04.13 06:07:26.054,1.08843,1.08854,1.00,1.37
2017.04.13 06:07:26.466,1.0884,1.08851,1.75,1.37
2017.04.13 06:07:26.618,1.08839,1.08848,1.00,1.37
2017.04.13 06:07:26.720,1.08836,1.08849,1.00,2.62
2017.04.13 06:07:26.771,1.08838,1.08849,1.00,2.62
2017.04.13 06:07:26.999,1.08835,1.08849,1.00,1.37
2017.04.13 06:07:27.050,1.08835,1.08849,1.50,1.87
2017.04.13 06:07:27.570,1.08837,1.08849,1.00,1.87
2017.04.13 06:07:28.110,1.08838,1.0885,1.00,1.37
2017.04.13 06:07:28.161,1.08838,1.08851,1.00,1.37
2017.04.13 06:07:32.167,1.08841,1.0885,1.00,1.00
2017.04.13 06:07:32.674,1.0884,1.08852,1.00,3.56
2017.04.13 06:07:32.980,1.08838,1.08849,1.12,1.87
2017.04.13 06:07:33.133,1.08836,1.08849,1.00,3.00
2017.04.13 06:07:33.956,1.08836,1.08848,1.00,2.44
2017.04.13 06:07:34.496,1.08836,1.08846,1.00,1.12
2017.04.13 06:07:34.801,1.08833,1.08843,1.12,1.00
2017.04.13 06:07:35.338,1.08832,1.08843,1.00,1.37
2017.04.13 06:07:35.764,1.08834,1.08843,1.00,1.50
2017.04.13 06:07:35.866,1.08832,1.08843,1.00,1.00
2017.04.13 06:07:35.917,1.08836,1.08843,1.00,1.00
2017.04.13 06:07:36.170,1.08836,1.08845,1.00,1.00
2017.04.13 06:07:36.721,1.08835,1.08846,1.00,1.37
2017.04.13 06:07:37.260,1.08836,1.08846,1.00,1.00
2017.04.13 06:07:37.423,1.08837,1.08848,1.00,1.69
2017.04.13 06:07:37.961,1.08838,1.08849,1.00,1.37
2017.04.13 06:07:38.479,1.08838,1.08849,1.00,1.00
2017.04.13 06:07:39.161,1.08838,1.08848,1.00,1.00
2017.04.13 06:07:39.263,1.08836,1.08847,1.12,2.06
2017.04.13 06:07:39.618,1.08833,1.08844,1.75,1.00
2017.04.13 06:07:39.956,1.08831,1.0884,1.50,1.31
2017.04.13 06:07:40.008,1.08828,1.08838,1.00,1.62
2017.04.13 06:07:40.262,1.08832,1.0884,1.00,1.12
2017.04.13 06:07:40.364,1.08829,1.0884,1.00,1.87
2017.04.13 06:07:40.791,1.08825,1.08836,1.75,1.00
2017.04.13 06:07:41.045,1.08824,1.08838,1.87,2.06
2017.04.13 06:07:41.198,1.08825,1.08838,1.00,2.06
2017.04.13 06:07:41.249,1.08825,1.08838,1.00,2.06
2017.04.13 06:07:41.631,1.08826,1.08839,1.00,1.50
2017.04.13 06:07:42.161,1.08827,1.08839,1.00,1.37
2017.04.13 06:07:42.684,1.08828,1.0884,1.00,2.44
2017.04.13 06:07:43.372,1.08829,1.08838,1.00,1.69
2017.04.13 06:07:43.941,1.08826,1.08835,1.00,1.00
2017.04.13 06:07:43.992,1.08824,1.08835,1.12,1.12
2017.04.13 06:07:44.145,1.08827,1.08836,1.00,1.50
2017.04.13 06:07:44.676,1.08828,1.08836,1.00,1.00
2017.04.13 06:07:44.830,1.0883,1.0884,1.00,1.87
2017.04.13 06:07:45.335,1.08829,1.08839,1.00,1.00
2017.04.13 06:07:47.447,1.08827,1.08838,1.50,1.00
2017.04.13 06:07:48.053,1.08827,1.08837,1.00,1.25
2017.04.13 06:07:49.529,1.08828,1.08837,1.00,1.00
2017.04.13 06:07:49.580,1.08832,1.08841,1.00,2.62
2017.04.13 06:07:50.100,1.08833,1.08841,1.00,1.37
2017.04.13 06:07:50.202,1.08834,1.08843,1.00,1.31
2017.04.13 06:07:50.254,1.0883,1.0884,1.87,1.00
2017.04.13 06:07:50.407,1.08829,1.08842,1.00,3.75
2017.04.13 06:07:50.940,1.0883,1.08839,1.00,2.25
2017.04.13 06:07:52.156,1.0883,1.08838,1.00,1.00
2017.04.13 06:07:52.410,1.08828,1.08838,1.00,1.00
2017.04.13 06:07:52.764,1.08831,1.08839,1.00,1.00
2017.04.13 06:07:53.086,1.08835,1.08843,1.00,1.00
2017.04.13 06:07:53.339,1.08833,1.08843,1.00,1.00
2017.04.13 06:07:53.391,1.08831,1.08842,1.12,1.00
2017.04.13 06:07:53.594,1.08829,1.08841,1.00,3.00
2017.04.13 06:07:54.133,1.08829,1.08841,1.00,2.62
2017.04.13 06:07:54.682,1.08831,1.0884,1.00,1.12
2017.04.13 06:07:54.885,1.08832,1.08842,1.00,3.37
2017.04.13 06:07:55.317,1.08834,1.08843,1.00,1.00
2017.04.13 06:07:55.820,1.08833,1.08843,1.00,1.31
2017.04.13 06:07:56.147,1.08829,1.08839,2.25,1.00
2017.04.13 06:07:56.452,1.08827,1.08837,1.00,1.00
2017.04.13 06:07:56.982,1.08828,1.08837,1.00,1.50
2017.04.13 06:07:57.255,1.08824,1.08835,1.87,1.00
2017.04.13 06:07:57.357,1.08823,1.08835,1.50,1.69
2017.04.13 06:07:58.030,1.08823,1.08832,1.00,1.00
2017.04.13 06:07:59.351,1.08824,1.08834,1.00,1.00
2017.04.13 06:07:59.655,1.08824,1.08833,1.00,1.50
2017.04.13 06:07:59.808,1.08821,1.08832,1.00,1.12
2017.04.13 06:08:00.000,1.08823,1.08833,1.00,1.87
2017.04.13 06:08:00.466,1.08824,1.08834,1.00,1.00
2017.04.13 06:08:01.024,1.08824,1.08835,1.00,1.00
2017.04.13 06:08:01.177,1.08827,1.08838,1.00,2.62
2017.04.13 06:08:01.430,1.08828,1.08839,1.00,1.00
2017.04.13 06:08:02.061,1.08828,1.08837,1.00,1.12
2017.04.13 06:08:02.598,1.08828,1.08838,1.00,1.00
2017.04.13 06:08:03.123,1.08828,1.08839,1.00,1.12
2017.04.13 06:08:03.610,1.08826,1.08837,1.00,1.37
2017.04.13 06:08:04.146,1.08827,1.08837,1.00,1.37
2017.04.13 06:08:04.653,1.08827,1.08839,1.00,2.28
2017.04.13 06:08:05.211,1.08827,1.08839,1.00,1.50
2017.04.13 06:08:05.534,1.08831,1.08842,1.00,1.00
2017.04.13 06:08:05.851,1.08831,1.08842,1.00,1.87
2017.04.13 06:08:05.954,1.08828,1.08838,1.00,1.12
2017.04.13 06:08:06.207,1.08824,1.08837,1.50,1.00
2017.04.13 06:08:06.259,1.08824,1.08836,1.00,1.37
2017.04.13 06:08:06.565,1.08824,1.08833,1.00,1.00
2017.04.13 06:08:06.961,1.08827,1.08835,1.00,1.00
2017.04.13 06:08:07.165,1.08828,1.08839,1.00,2.25
2017.04.13 06:08:07.372,1.08827,1.08838,1.00,1.37
2017.04.13 06:08:07.525,1.08825,1.08836,1.00,1.12
2017.04.13 06:08:07.729,1.08827,1.08837,1.00,1.87
2017.04.13 06:08:08.237,1.08827,1.08837,1.00,1.37
2017.04.13 06:08:08.541,1.08823,1.08835,1.00,1.62
2017.04.13 06:08:08.845,1.08821,1.08832,1.00,1.00
2017.04.13 06:08:09.183,1.08821,1.08832,1.00,1.37
2017.04.13 06:08:09.730,1.08822,1.08832,1.00,1.37
2017.04.13 06:08:12.454,1.08822,1.08833,1.00,1.50
2017.04.13 06:08:13.536,1.08823,1.08836,1.00,3.00
2017.04.13 06:08:13.587,1.0882,1.08831,1.00,1.94
2017.04.13 06:08:13.923,1.08824,1.08833,1.00,1.12
2017.04.13 06:08:14.025,1.08822,1.08833,1.00,1.37
2017.04.13 06:08:14.533,1.08822,1.08833,1.00,1.50
2017.04.13 06:08:15.324,1.08823,1.08833,1.00,1.50
2017.04.13 06:08:15.375,1.08821,1.08835,1.00,2.06
2017.04.13 06:08:15.527,1.0882,1.08833,1.00,2.25
2017.04.13 06:08:16.036,1.08821,1.08832,1.00,1.37
2017.04.13 06:08:17.801,1.08822,1.08832,1.00,1.37
2017.04.13 06:08:18.371,1.08823,1.08831,1.00,1.12
2017.04.13 06:08:20.553,1.08823,1.08833,1.00,3.00
2017.04.13 06:08:20.604,1.08821,1.08833,1.00,2.62
2017.04.13 06:08:20.835,1.08821,1.08833,1.00,1.37
2017.04.13 06:08:21.153,1.08823,1.08833,1.00,1.37
2017.04.13 06:08:21.704,1.08823,1.08833,1.00,1.12
2017.04.13 06:08:21.907,1.08825,1.08833,1.00,1.12
2017.04.13 06:08:22.479,1.08829,1.08835,1.00,1.00
2017.04.13 06:08:22.530,1.08827,1.08835,1.00,1.00
2017.04.13 06:08:22.581,1.08828,1.08837,1.00,1.00
2017.04.13 06:08:23.088,1.08825,1.08835,1.37,1.00
2017.04.13 06:08:23.668,1.08827,1.08835,1.00,1.00
2017.04.13 06:08:24.174,1.08826,1.08835,1.00,1.12
2017.04.13 06:08:24.429,1.08823,1.08834,1.00,1.37
2017.04.13 06:08:24.481,1.08824,1.08832,1.00,1.37
2017.04.13 06:08:24.533,1.08822,1.08832,1.12,1.37
2017.04.13 06:08:24.686,1.08824,1.08832,1.00,1.12
2017.04.13 06:08:24.838,1.08824,1.08834,1.00,1.12
2017.04.13 06:08:25.108,1.08828,1.08835,1.00,1.12
2017.04.13 06:08:25.160,1.08828,1.08839,1.00,1.87
2017.04.13 06:08:25.262,1.08829,1.08841,1.00,1.50
2017.04.13 06:08:25.466,1.08831,1.08843,1.00,1.87
2017.04.13 06:08:25.821,1.08828,1.08841,1.00,3.00
2017.04.13 06:08:25.973,1.0883,1.0884,1.00,1.37
2017.04.13 06:08:26.328,1.0883,1.0884,1.00,1.00
2017.04.13 06:08:26.429,1.0883,1.0884,1.00,1.37
2017.04.13 06:08:26.947,1.0883,1.0884,1.00,1.37
2017.04.13 06:08:27.947,1.08831,1.08841,1.00,1.12
2017.04.13 06:08:28.410,1.08831,1.0884,1.00,1.00
2017.04.13 06:08:28.964,1.08832,1.08841,1.00,1.50
2017.04.13 06:08:29.253,1.08832,1.08841,1.00,1.50
2017.04.13 06:08:29.786,1.08831,1.08842,1.00,1.75
2017.04.13 06:08:30.305,1.08832,1.08841,1.00,1.50
2017.04.13 06:08:30.797,1.08831,1.0884,1.00,1.37
2017.04.13 06:08:31.309,1.08831,1.0884,1.00,1.12
2017.04.13 06:08:32.486,1.08831,1.0884,1.00,1.37
2017.04.13 06:08:32.537,1.08829,1.0884,1.00,1.37
2017.04.13 06:08:32.588,1.08829,1.0884,1.00,1.37
2017.04.13 06:08:32.791,1.08834,1.08842,1.00,1.87
2017.04.13 06:08:33.112,1.08837,1.08847,1.00,1.56
2017.04.13 06:08:33.214,1.08833,1.08842,1.12,1.31
2017.04.13 06:08:33.315,1.08836,1.08842,1.00,1.25
2017.04.13 06:08:33.822,1.08836,1.08844,1.00,1.00
2017.04.13 06:08:34.351,1.08835,1.08844,1.00,1.37
2017.04.13 06:08:34.868,1.08836,1.08846,1.00,1.25
2017.04.13 06:08:35.375,1.08837,1.08846,1.00,1.25
2017.04.13 06:08:35.628,1.08838,1.08848,1.00,1.12
2017.04.13 06:08:35.948,1.08842,1.08851,1.00,2.62
2017.04.13 06:08:35.999,1.0884,1.0885,1.00,1.12
2017.04.13 06:08:36.101,1.08842,1.08851,1.00,1.12
2017.04.13 06:08:36.202,1.08842,1.08851,1.00,1.00
2017.04.13 06:08:36.448,1.08844,1.08853,1.00,1.69
2017.04.13 06:08:36.651,1.08843,1.08853,1.00,1.25
2017.04.13 06:08:37.514,1.08843,1.08853,1.00,1.62
2017.04.13 06:08:38.519,1.08842,1.08853,1.00,1.62
2017.04.13 06:08:38.570,1.08841,1.08853,1.00,1.62
2017.04.13 06:08:39.084,1.08841,1.08852,1.00,1.12
2017.04.13 06:08:39.388,1.08844,1.08854,1.00,2.62
2017.04.13 06:08:40.634,1.08844,1.08854,1.00,2.25
2017.04.13 06:08:42.259,1.08844,1.08853,1.00,1.06
2017.04.13 06:08:42.985,1.08844,1.08853,1.00,1.00
2017.04.13 06:08:43.516,1.08844,1.08855,1.00,1.50
2017.04.13 06:08:44.172,1.08844,1.08853,1.00,1.12
2017.04.13 06:08:44.823,1.08846,1.08856,1.00,1.37
2017.04.13 06:08:45.127,1.08844,1.08854,1.00,1.50
2017.04.13 06:08:45.670,1.08843,1.08853,1.00,1.00
2017.04.13 06:08:45.977,1.08842,1.08853,1.00,1.94
2017.04.13 06:08:46.330,1.08842,1.08853,1.00,1.12
2017.04.13 06:08:46.432,1.08844,1.08854,1.00,1.12
2017.04.13 06:08:50.071,1.08843,1.08853,1.00,1.37
2017.04.13 06:08:50.223,1.08841,1.08853,1.00,1.37
2017.04.13 06:08:50.729,1.08842,1.08853,1.00,1.37
2017.04.13 06:08:51.232,1.08841,1.08853,1.00,1.37
2017.04.13 06:08:51.531,1.08844,1.08854,1.00,2.25
2017.04.13 06:08:52.105,1.08843,1.08854,1.00,1.37
2017.04.13 06:08:52.270,1.0884,1.08853,1.12,1.37
2017.04.13 06:08:52.867,1.0884,1.08852,1.00,1.12
2017.04.13 06:08:53.431,1.08841,1.08852,1.00,1.12
2017.04.13 06:08:53.583,1.08846,1.08855,1.00,1.87
2017.04.13 06:08:54.907,1.08842,1.08855,1.12,2.62
2017.04.13 06:08:55.008,1.08844,1.08855,1.00,1.87
2017.04.13 06:08:55.161,1.0884,1.08852,1.12,1.37
2017.04.13 06:08:55.716,1.08841,1.08851,1.00,1.50
2017.04.13 06:08:56.319,1.08841,1.08851,1.00,1.50
2017.04.13 06:09:00.718,1.08842,1.08851,1.00,1.50
2017.04.13 06:09:01.106,1.08844,1.08854,1.00,2.81
2017.04.13 06:09:01.158,1.08844,1.08854,1.00,1.87
2017.04.13 06:09:01.433,1.08847,1.08856,1.00,1.50
2017.04.13 06:09:01.688,1.08846,1.08858,1.00,1.87
2017.04.13 06:09:01.740,1.0885,1.08858,1.00,1.12
2017.04.13 06:09:01.893,1.08851,1.08861,1.00,1.37
2017.04.13 06:09:02.588,1.08851,1.08862,1.00,1.37
2017.04.13 06:09:03.106,1.08851,1.08862,1.00,1.37
2017.04.13 06:09:03.477,1.08851,1.08862,1.00,1.12
2017.04.13 06:09:03.971,1.08854,1.08863,1.00,2.06
2017.04.13 06:09:04.536,1.08853,1.08861,1.00,1.00
2017.04.13 06:09:04.811,1.08851,1.08861,1.00,1.00
2017.04.13 06:09:05.508,1.08853,1.08861,1.00,1.00
2017.04.13 06:09:05.660,1.08855,1.08864,1.00,2.25
2017.04.13 06:09:05.813,1.08853,1.08864,1.00,1.00
2017.04.13 06:09:05.864,1.08858,1.08866,1.00,3.00
2017.04.13 06:09:05.915,1.08857,1.08867,1.00,1.00
2017.04.13 06:09:05.966,1.08859,1.08867,1.00,1.00
2017.04.13 06:09:06.291,1.08863,1.08871,1.00,1.00
2017.04.13 06:09:06.608,1.08867,1.08876,1.00,1.66
2017.04.13 06:09:06.920,1.08868,1.08877,1.00,1.16
2017.04.13 06:09:07.073,1.08868,1.08877,1.00,1.41
2017.04.13 06:09:07.175,1.08868,1.08877,1.00,1.00
2017.04.13 06:09:07.429,1.0887,1.08877,1.00,1.00
2017.04.13 06:09:07.761,1.08873,1.08882,1.00,1.25
2017.04.13 06:09:08.623,1.08871,1.08879,1.00,1.34
2017.04.13 06:09:08.674,1.08868,1.08879,1.50,1.72
2017.04.13 06:09:08.776,1.08867,1.08876,1.50,1.00
2017.04.13 06:09:09.081,1.08865,1.08874,1.00,1.00
2017.04.13 06:09:10.017,1.08864,1.08872,1.00,1.00
2017.04.13 06:09:10.119,1.08861,1.08872,1.12,1.00
2017.04.13 06:09:10.271,1.0886,1.0887,1.37,1.00
2017.04.13 06:09:10.867,1.08861,1.08869,1.00,1.16
2017.04.13 06:09:10.919,1.08859,1.08869,1.00,2.84
2017.04.13 06:09:11.071,1.08857,1.08866,1.37,1.25
2017.04.13 06:09:11.287,1.08855,1.08865,1.12,1.00
2017.04.13 06:09:13.500,1.08856,1.08866,1.00,2.06
2017.04.13 06:09:13.602,1.08858,1.08867,1.00,2.06
2017.04.13 06:09:13.754,1.08856,1.08866,1.00,1.31
2017.04.13 06:09:13.805,1.08859,1.08866,1.00,1.31
2017.04.13 06:09:13.857,1.0886,1.08869,1.00,1.69
2017.04.13 06:09:13.908,1.08862,1.08869,1.00,1.69
2017.04.13 06:09:14.214,1.08866,1.08873,1.00,1.00
2017.04.13 06:09:14.265,1.08867,1.08876,1.00,2.06
2017.04.13 06:09:14.802,1.08868,1.08876,1.00,1.31
2017.04.13 06:09:17.480,1.08866,1.08876,1.00,1.25
2017.04.13 06:09:17.583,1.08867,1.08876,1.00,1.69
2017.04.13 06:09:18.133,1.08866,1.08877,1.00,2.00
2017.04.13 06:09:18.539,1.08863,1.08873,1.00,1.25
2017.04.13 06:09:18.951,1.08864,1.08876,1.12,1.87
2017.04.13 06:09:19.053,1.08865,1.08874,1.00,1.00
2017.04.13 06:09:19.156,1.08865,1.08877,1.00,2.81
2017.04.13 06:09:19.668,1.08866,1.08877,1.12,1.69
2017.04.13 06:09:21.871,1.08866,1.08878,1.12,1.25
2017.04.13 06:09:23.166,1.08863,1.08876,3.00,1.00
2017.04.13 06:09:23.363,1.08863,1.08875,1.12,1.25
2017.04.13 06:09:27.213,1.08864,1.08875,1.00,1.25
2017.04.13 06:09:28.658,1.08868,1.08877,1.00,1.12
2017.04.13 06:09:28.709,1.08868,1.08879,1.00,1.31
2017.04.13 06:09:29.016,1.0887,1.08879,1.00,1.25
2017.04.13 06:09:29.139,1.08865,1.08877,1.37,1.00
2017.04.13 06:09:29.238,1.08864,1.08878,1.50,1.25
2017.04.13 06:09:29.289,1.08866,1.0888,1.00,2.25
2017.04.13 06:09:30.127,1.08866,1.08877,1.50,2.81
2017.04.13 06:09:30.330,1.08862,1.08875,1.50,1.50
2017.04.13 06:09:30.381,1.08862,1.08875,1.12,1.50
2017.04.13 06:09:30.585,1.08864,1.08875,1.00,1.00
2017.04.13 06:09:31.124,1.08866,1.08875,1.00,1.00
2017.04.13 06:09:31.519,1.08864,1.08874,1.00,2.06
2017.04.13 06:09:32.341,1.08864,1.08873,1.00,1.25
2017.04.13 06:09:33.153,1.08864,1.08874,1.00,1.69
2017.04.13 06:09:34.081,1.08866,1.08874,1.00,1.25
2017.04.13 06:09:34.132,1.08862,1.08872,1.50,1.00
2017.04.13 06:09:34.661,1.0886,1.08871,1.00,1.00
2017.04.13 06:09:35.164,1.08859,1.08872,1.12,2.44
2017.04.13 06:09:35.347,1.08865,1.08874,1.00,1.87
2017.04.13 06:09:35.424,1.08866,1.08875,1.00,1.69
2017.04.13 06:09:35.678,1.08868,1.08876,1.00,1.25
2017.04.13 06:09:36.590,1.08867,1.08876,1.00,1.25
2017.04.13 06:09:36.969,1.08867,1.08878,1.00,1.31
2017.04.13 06:09:37.710,1.08866,1.08878,1.00,1.31
2017.04.13 06:09:38.211,1.08867,1.08878,1.00,1.31
2017.04.13 06:09:39.759,1.08866,1.08878,1.00,2.06
2017.04.13 06:09:40.290,1.08866,1.08876,1.00,1.00
2017.04.13 06:09:40.796,1.08866,1.08877,1.00,1.00
2017.04.13 06:09:41.192,1.08872,1.08882,1.00,1.25
2017.04.13 06:09:41.498,1.08876,1.08886,1.00,1.50
2017.04.13 06:09:41.702,1.08875,1.08888,1.00,1.00
2017.04.13 06:09:42.497,1.08874,1.08887,1.50,1.00
2017.04.13 06:09:44.695,1.08877,1.08888,1.00,1.69
2017.04.13 06:09:45.121,1.08877,1.0889,1.00,2.81
2017.04.13 06:09:45.463,1.08877,1.08888,1.50,1.25
2017.04.13 06:09:46.396,1.08876,1.08888,1.00,1.25
2017.04.13 06:09:47.242,1.08875,1.08888,1.50,1.25
2017.04.13 06:09:48.106,1.08874,1.08886,2.25,1.25
2017.04.13 06:09:48.910,1.08872,1.08884,1.12,1.25
2017.04.13 06:09:50.407,1.08874,1.08886,1.00,1.25
2017.04.13 06:09:50.912,1.08874,1.08887,1.50,1.00
2017.04.13 06:09:51.421,1.08874,1.08887,1.37,1.00
2017.04.13 06:09:52.001,1.08874,1.08888,1.37,1.31
2017.04.13 06:09:52.306,1.08878,1.08888,1.00,1.00
2017.04.13 06:09:52.408,1.0888,1.08891,1.00,1.00
2017.04.13 06:09:52.459,1.0888,1.08893,1.00,2.44
2017.04.13 06:09:52.611,1.08877,1.08888,1.75,1.00
2017.04.13 06:09:52.662,1.08877,1.0889,1.87,1.00
2017.04.13 06:09:53.177,1.08877,1.0889,1.50,1.00
2017.04.13 06:09:53.605,1.08881,1.0889,1.00,1.00
2017.04.13 06:09:54.069,1.08881,1.08893,1.00,2.25
2017.04.13 06:09:54.649,1.08879,1.08891,2.25,1.25
2017.04.13 06:09:55.542,1.08882,1.08893,1.00,1.69
2017.04.13 06:09:55.846,1.08884,1.08893,1.00,1.25
2017.04.13 06:09:56.802,1.08886,1.08895,1.00,1.62
2017.04.13 06:09:56.905,1.08885,1.08897,1.00,1.69
2017.04.13 06:09:57.007,1.08885,1.08897,1.50,1.25
2017.04.13 06:09:57.181,1.08887,1.089,1.87,2.25
2017.04.13 06:09:57.234,1.08886,1.08898,1.37,1.25
2017.04.13 06:09:57.387,1.08884,1.08897,1.50,1.50
2017.04.13 06:09:58.302,1.08884,1.08895,1.12,1.00
2017.04.13 06:09:58.830,1.08884,1.08896,1.12,1.00
2017.04.13 06:09:59.431,1.08884,1.08897,1.12,1.00
2017.04.13 06:09:59.981,1.08884,1.08896,1.12,1.00
2017.04.13 06:10:00.300,1.08886,1.08896,1.00,1.00
2017.04.13 06:10:00.607,1.08883,1.08896,2.25,1.00
2017.04.13 06:10:01.119,1.08886,1.08896,1.00,1.00
2017.04.13 06:10:01.658,1.08885,1.08897,1.00,2.25
2017.04.13 06:10:02.102,1.08883,1.08895,1.50,1.50
2017.04.13 06:10:02.204,1.08885,1.08897,1.00,1.00
2017.04.13 06:10:02.306,1.08886,1.08897,1.75,1.00
2017.04.13 06:10:02.408,1.08886,1.08897,1.12,1.50
2017.04.13 06:10:02.611,1.08886,1.08895,1.12,1.00
2017.04.13 06:10:02.915,1.08884,1.08891,1.00,1.00
2017.04.13 06:10:03.271,1.08884,1.08894,1.00,1.00
2017.04.13 06:10:03.777,1.08884,1.08893,1.37,1.00
2017.04.13 06:10:04.183,1.08883,1.08892,1.12,1.00
2017.04.13 06:10:04.285,1.08884,1.08894,1.37,1.00
2017.04.13 06:10:04.775,1.08883,1.08892,1.75,1.00
2017.04.13 06:10:04.929,1.08883,1.08892,1.50,1.00
2017.04.13 06:10:05.031,1.08881,1.08891,1.50,1.00
2017.04.13 06:10:05.183,1.08881,1.08888,1.50,1.00
2017.04.13 06:10:05.718,1.0888,1.08888,1.37,1.00
2017.04.13 06:10:06.255,1.0888,1.08887,1.37,1.00
2017.04.13 06:10:06.584,1.08878,1.08886,1.75,1.00
2017.04.13 06:10:06.636,1.08878,1.08883,1.50,1.00
2017.04.13 06:10:06.738,1.08875,1.08882,1.75,1.00
2017.04.13 06:10:07.557,1.08878,1.08886,1.12,1.00
2017.04.13 06:10:07.711,1.08876,1.08886,2.62,1.00
2017.04.13 06:10:07.762,1.08876,1.08881,1.87,1.00
2017.04.13 06:10:07.915,1.08875,1.08884,1.00,1.00
2017.04.13 06:10:08.016,1.08877,1.08885,1.00,1.00
2017.04.13 06:10:08.423,1.08877,1.08884,1.75,1.00
2017.04.13 06:10:08.475,1.08877,1.08886,1.75,1.00
2017.04.13 06:10:08.981,1.08879,1.08886,1.37,1.00
2017.04.13 06:10:09.082,1.08879,1.08889,1.87,1.00
2017.04.13 06:10:09.134,1.08879,1.08887,2.25,1.00
2017.04.13 06:10:09.687,1.08876,1.08886,2.25,1.00
2017.04.13 06:10:09.739,1.08876,1.08886,2.25,1.00
2017.04.13 06:10:09.790,1.08876,1.08884,2.25,1.00
2017.04.13 06:10:11.858,1.08878,1.08884,1.50,1.00
2017.04.13 06:10:12.010,1.08878,1.08887,2.25,1.00
2017.04.13 06:10:12.417,1.08878,1.08885,1.50,1.00
2017.04.13 06:10:13.521,1.08879,1.08885,1.50,1.00
2017.04.13 06:10:13.572,1.08879,1.08885,1.00,1.00
2017.04.13 06:10:14.110,1.08877,1.08886,1.75,1.00
2017.04.13 06:10:14.212,1.08878,1.08888,1.12,1.00
2017.04.13 06:10:14.415,1.08879,1.08887,3.03,1.00
2017.04.13 06:10:14.754,1.0888,1.08887,1.53,1.00
2017.04.13 06:10:15.512,1.08879,1.08886,1.78,1.00
2017.04.13 06:10:15.715,1.08879,1.08886,1.04,1.00
2017.04.13 06:10:15.817,1.08879,1.08888,1.04,1.00
2017.04.13 06:10:15.970,1.08879,1.08888,1.03,1.00
2017.04.13 06:10:16.122,1.08879,1.08887,1.03,1.00
2017.04.13 06:10:16.224,1.08879,1.08885,1.03,1.00
2017.04.13 06:10:16.779,1.08878,1.08885,1.03,1.00
2017.04.13 06:10:17.337,1.08883,1.0889,1.00,1.00
2017.04.13 06:10:17.388,1.08883,1.08893,1.00,2.06
2017.04.13 06:10:17.743,1.08885,1.08893,1.00,1.37
2017.04.13 06:10:18.254,1.08886,1.08893,1.00,1.00
2017.04.13 06:10:18.613,1.08886,1.08895,1.00,1.12
2017.04.13 06:10:18.934,1.08889,1.08894,1.00,1.00
2017.04.13 06:10:19.036,1.08887,1.08895,1.00,1.00
2017.04.13 06:10:19.619,1.08888,1.08895,1.00,1.00
2017.04.13 06:10:20.994,1.08888,1.08897,1.00,1.12
2017.04.13 06:10:21.541,1.08889,1.08897,1.00,1.00
2017.04.13 06:10:21.845,1.08892,1.089,1.00,1.50
2017.04.13 06:10:22.200,1.0889,1.08899,1.00,2.44
2017.04.13 06:10:22.252,1.08894,1.089,1.00,2.06
2017.04.13 06:10:22.304,1.0889,1.08898,1.00,1.00
2017.04.13 06:10:22.355,1.08893,1.08898,1.00,1.00
2017.04.13 06:10:22.904,1.08892,1.08899,1.00,1.37
2017.04.13 06:10:23.405,1.08889,1.08899,1.00,1.00
2017.04.13 06:10:23.861,1.08891,1.08902,1.00,3.94
2017.04.13 06:10:24.167,1.08891,1.08902,1.00,1.12
2017.04.13 06:10:24.218,1.08893,1.08903,1.00,1.12
2017.04.13 06:10:24.968,1.08893,1.08902,1.00,1.00
2017.04.13 06:10:25.323,1.08891,1.08902,1.00,1.00
2017.04.13 06:10:25.995,1.08891,1.08903,1.00,2.06
2017.04.13 06:10:26.047,1.08893,1.08903,1.00,1.69
2017.04.13 06:10:26.402,1.08893,1.08904,1.00,2.25
2017.04.13 06:10:27.251,1.08893,1.08903,1.00,1.00
2017.04.13 06:10:28.389,1.08893,1.08902,1.00,1.00
2017.04.13 06:10:28.896,1.08892,1.08901,1.00,1.00
2017.04.13 06:10:29.099,1.08894,1.08903,1.00,1.50
2017.04.13 06:10:29.295,1.08891,1.08903,1.00,1.50
2017.04.13 06:10:29.654,1.08889,1.08903,1.12,1.00
2017.04.13 06:10:30.174,1.08889,1.08902,1.87,1.00
2017.04.13 06:10:31.045,1.08893,1.08902,1.00,1.00
2017.04.13 06:10:31.198,1.08891,1.08902,1.00,1.00
2017.04.13 06:10:31.720,1.0889,1.08902,1.00,1.00
2017.04.13 06:10:32.260,1.08889,1.08903,1.00,2.44
2017.04.13 06:10:32.463,1.08888,1.089,1.87,1.00
2017.04.13 06:10:32.566,1.08888,1.08903,1.12,3.19
2017.04.13 06:10:32.690,1.08889,1.08899,1.00,1.00
2017.04.13 06:10:32.907,1.08887,1.08899,1.50,1.00
2017.04.13 06:10:32.958,1.08889,1.08899,1.00,1.00
2017.04.13 06:10:33.009,1.08886,1.089,2.25,1.00
2017.04.13 06:10:33.161,1.08884,1.08896,3.00,1.00
2017.04.13 06:10:33.263,1.08884,1.08896,1.00,1.00
2017.04.13 06:10:33.699,1.08883,1.08894,1.00,1.00
2017.04.13 06:10:34.720,1.08883,1.08895,1.00,1.50
2017.04.13 06:10:36.325,1.08883,1.08893,1.00,1.00
2017.04.13 06:10:36.894,1.08883,1.08895,1.00,2.81
2017.04.13 06:10:37.269,1.08881,1.08893,1.12,1.00
2017.04.13 06:10:38.689,1.08881,1.08892,1.00,1.00
2017.04.13 06:10:39.904,1.08883,1.08892,1.00,1.00
2017.04.13 06:10:41.771,1.08884,1.08893,1.00,1.00
2017.04.13 06:10:42.278,1.08885,1.08893,1.00,1.00
2017.04.13 06:10:42.966,1.08885,1.08892,1.00,1.00
2017.04.13 06:10:43.537,1.08884,1.08892,1.12,1.00
2017.04.13 06:10:44.346,1.08884,1.08891,1.12,1.00
2017.04.13 06:10:44.499,1.08881,1.08891,1.87,1.00
2017.04.13 06:10:45.748,1.08881,1.0889,1.87,1.00
2017.04.13 06:10:46.052,1.08879,1.08888,1.50,1.00
2017.04.13 06:10:47.035,1.08879,1.08888,1.00,1.00
2017.04.13 06:10:48.223,1.08879,1.08888,1.50,1.00
2017.04.13 06:10:50.139,1.08879,1.08889,2.25,1.00
2017.04.13 06:10:50.291,1.0888,1.08891,1.12,1.00
2017.04.13 06:10:52.107,1.0888,1.08892,1.87,1.00
2017.04.13 06:10:52.159,1.08883,1.08893,1.00,1.00
2017.04.13 06:10:52.261,1.08884,1.08895,1.00,1.12
2017.04.13 06:10:52.312,1.08884,1.08892,1.00,1.00
2017.04.13 06:10:52.617,1.08883,1.08894,1.50,1.00
2017.04.13 06:10:53.123,1.08883,1.08895,1.87,1.00
2017.04.13 06:10:53.822,1.08883,1.08896,1.50,1.00
2017.04.13 06:10:54.333,1.08885,1.08896,1.00,1.00
2017.04.13 06:10:54.596,1.08885,1.0889,1.12,1.00
2017.04.13 06:10:54.735,1.08882,1.0889,1.00,1.00
2017.04.13 06:10:55.042,1.08883,1.08894,1.00,2.06
2017.04.13 06:10:55.556,1.08883,1.08895,1.00,1.12
2017.04.13 06:10:56.476,1.08886,1.08895,1.00,1.12
2017.04.13 06:10:57.066,1.08887,1.08896,1.00,1.00
2017.04.13 06:10:57.585,1.08888,1.08897,1.00,1.00
2017.04.13 06:10:58.043,1.0889,1.08898,1.00,1.00
2017.04.13 06:10:58.173,1.08886,1.08896,1.50,1.00
2017.04.13 06:10:58.715,1.08886,1.08895,1.12,1.00
2017.04.13 06:10:59.366,1.08886,1.08894,1.87,1.00
2017.04.13 06:10:59.568,1.08883,1.0889,1.50,1.00
2017.04.13 06:10:59.620,1.08883,1.08891,1.00,1.00
2017.04.13 06:10:59.671,1.08883,1.08889,1.00,1.00
2017.04.13 06:10:59.975,1.08874,1.08884,2.62,1.00
2017.04.13 06:11:00.026,1.08874,1.08884,2.62,1.00
2017.04.13 06:11:00.397,1.08877,1.08886,1.00,1.00
2017.04.13 06:11:00.804,1.08875,1.08883,1.75,1.00
2017.04.13 06:11:00.957,1.08874,1.08883,1.75,1.00
2017.04.13 06:11:01.860,1.08873,1.08881,1.12,1.00
2017.04.13 06:11:02.394,1.08871,1.0888,1.37,1.00
2017.04.13 06:11:02.445,1.08871,1.0888,1.00,1.00
2017.04.13 06:11:02.968,1.08871,1.08881,1.00,1.00
2017.04.13 06:11:03.484,1.08873,1.08882,1.50,1.00
2017.04.13 06:11:03.992,1.08873,1.08881,1.50,1.00
2017.04.13 06:11:04.521,1.08869,1.0888,1.87,1.00
2017.04.13 06:11:04.572,1.08869,1.0888,1.50,1.00
2017.04.13 06:11:04.623,1.08869,1.08879,1.50,1.00
2017.04.13 06:11:05.175,1.08871,1.08879,1.00,1.00
2017.04.13 06:11:05.605,1.08873,1.0888,1.00,1.00
2017.04.13 06:11:06.727,1.08872,1.0888,1.00,1.00
2017.04.13 06:11:08.829,1.08873,1.0888,1.00,1.00
2017.04.13 06:11:10.118,1.08871,1.0888,1.00,1.00
2017.04.13 06:11:11.263,1.08872,1.0888,1.00,1.00
2017.04.13 06:11:11.813,1.08871,1.0888,1.00,1.00
2017.04.13 06:11:14.933,1.08872,1.0888,1.00,1.00
2017.04.13 06:11:15.921,1.08871,1.0888,1.00,1.00
2017.04.13 06:11:17.849,1.0887,1.0888,1.12,1.00
2017.04.13 06:11:17.999,1.08872,1.08881,1.00,1.00
2017.04.13 06:11:18.050,1.08874,1.08884,1.00,1.00
2017.04.13 06:11:18.102,1.08871,1.08881,3.56,1.00
2017.04.13 06:11:18.357,1.08871,1.0888,1.00,1.00
2017.04.13 06:11:19.153,1.0887,1.08879,1.69,1.00
2017.04.13 06:11:19.205,1.0887,1.08877,1.00,1.00
2017.04.13 06:11:19.357,1.08867,1.08877,1.12,1.00
2017.04.13 06:11:20.015,1.08867,1.08878,1.12,1.00
2017.04.13 06:11:20.129,1.08869,1.08878,1.00,1.00
2017.04.13 06:11:20.180,1.0887,1.0888,1.00,2.25
2017.04.13 06:11:20.231,1.08872,1.0888,1.00,1.00
2017.04.13 06:11:20.748,1.08872,1.08881,1.00,1.00
2017.04.13 06:11:21.423,1.08871,1.08881,1.00,1.00
2017.04.13 06:11:22.858,1.08872,1.08881,1.00,1.00
2017.04.13 06:11:26.824,1.08874,1.08882,1.00,1.00
2017.04.13 06:11:27.330,1.08873,1.08882,1.00,1.00
2017.04.13 06:11:29.557,1.08872,1.08882,1.00,1.00
2017.04.13 06:11:31.430,1.08873,1.08882,1.00,1.00
2017.04.13 06:11:31.953,1.08873,1.08883,1.00,1.00
2017.04.13 06:11:32.004,1.0887,1.08883,1.12,1.00
2017.04.13 06:11:32.247,1.08872,1.0888,1.00,1.00
2017.04.13 06:11:33.003,1.08871,1.0888,1.00,1.00
2017.04.13 06:11:34.156,1.08871,1.08879,1.00,1.00
2017.04.13 06:11:34.207,1.08868,1.08879,2.81,1.00
2017.04.13 06:11:34.258,1.08868,1.08881,3.19,1.00
2017.04.13 06:11:34.461,1.0887,1.08881,1.00,1.00
2017.04.13 06:11:34.785,1.08864,1.08875,1.00,1.00
2017.04.13 06:11:38.376,1.08862,1.08873,2.44,1.00
2017.04.13 06:11:38.579,1.08861,1.08872,1.00,1.00
2017.04.13 06:11:39.109,1.08861,1.08871,1.00,1.00
2017.04.13 06:11:39.724,1.0886,1.08872,5.44,1.00
2017.04.13 06:11:40.827,1.08864,1.08874,1.00,1.00
2017.04.13 06:11:41.367,1.08865,1.08875,1.00,1.00
2017.04.13 06:11:41.888,1.08866,1.08875,1.00,1.00
2017.04.13 06:11:42.573,1.08864,1.08875,3.37,1.00
2017.04.13 06:11:43.014,1.08866,1.08875,1.00,1.00
2017.04.13 06:11:44.015,1.08866,1.08876,1.00,1.00
2017.04.13 06:11:44.809,1.08868,1.08877,1.25,1.00
2017.04.13 06:11:45.142,1.08869,1.08879,1.00,1.00
2017.04.13 06:11:45.653,1.08868,1.08878,1.25,1.00
2017.04.13 06:11:46.476,1.08871,1.0888,1.00,1.00
2017.04.13 06:11:46.527,1.08871,1.08882,1.50,1.00
2017.04.13 06:11:46.832,1.08873,1.08882,1.00,1.00
2017.04.13 06:11:47.278,1.08872,1.08877,1.00,1.00
2017.04.13 06:11:47.329,1.08871,1.08883,1.00,1.87
2017.04.13 06:11:47.380,1.08869,1.08878,1.37,1.00
2017.04.13 06:11:47.432,1.08869,1.08878,1.00,1.00
2017.04.13 06:11:47.939,1.08868,1.08878,1.00,1.00
2017.04.13 06:11:48.513,1.08868,1.0888,1.00,1.37
2017.04.13 06:11:49.039,1.08867,1.08879,1.00,1.12
2017.04.13 06:11:49.692,1.08867,1.08877,1.00,1.00
2017.04.13 06:11:50.229,1.08868,1.08879,1.00,1.12
2017.04.13 06:11:50.793,1.08869,1.0888,1.00,1.00
2017.04.13 06:11:51.334,1.08869,1.08879,1.00,1.00
2017.04.13 06:11:51.520,1.08867,1.08879,1.50,1.00
2017.04.13 06:11:51.774,1.08867,1.08877,1.00,1.00
2017.04.13 06:11:52.157,1.08869,1.08877,1.00,1.00
2017.04.13 06:11:52.208,1.08869,1.08879,1.00,1.00
2017.04.13 06:11:53.301,1.08871,1.08879,1.00,1.00
2017.04.13 06:11:53.849,1.08871,1.0888,1.00,1.00
2017.04.13 06:11:53.900,1.08872,1.08883,1.00,1.37
2017.04.13 06:11:54.053,1.08874,1.08883,1.00,1.12
2017.04.13 06:11:54.737,1.08867,1.0888,1.37,1.00
2017.04.13 06:11:54.788,1.08867,1.08878,1.37,1.12
2017.04.13 06:11:54.889,1.08866,1.08878,1.00,2.25
2017.04.13 06:11:54.940,1.08868,1.08878,1.00,3.00
2017.04.13 06:11:55.244,1.08869,1.0888,1.00,2.25
2017.04.13 06:11:55.295,1.08866,1.0888,1.00,3.06
2017.04.13 06:11:55.346,1.08865,1.08877,1.50,1.00
2017.04.13 06:11:55.549,1.08863,1.08875,1.00,1.00
2017.04.13 06:11:56.061,1.08864,1.08875,1.00,1.00
2017.04.13 06:11:57.012,1.08862,1.08873,1.00,1.00
2017.04.13 06:11:57.114,1.08862,1.08875,1.00,1.50
2017.04.13 06:11:57.613,1.08862,1.08873,1.00,1.00
2017.04.13 06:11:57.916,1.08868,1.08878,1.00,1.00
2017.04.13 06:11:59.245,1.08868,1.08879,1.00,1.00
2017.04.13 06:11:59.778,1.08868,1.0888,1.00,1.00
2017.04.13 06:12:00.833,1.08869,1.0888,1.00,1.00
2017.04.13 06:12:01.338,1.08869,1.08879,1.00,1.00
2017.04.13 06:12:02.035,1.0887,1.08879,1.00,1.00
2017.04.13 06:12:02.994,1.0887,1.08878,1.00,1.00
2017.04.13 06:12:04.070,1.08868,1.08878,1.00,1.00
2017.04.13 06:12:04.172,1.08866,1.08877,1.00,1.00
2017.04.13 06:12:04.375,1.08864,1.08876,1.00,1.00
2017.04.13 06:12:04.734,1.08865,1.08874,1.00,1.00
2017.04.13 06:12:04.786,1.08862,1.08874,1.50,1.00
2017.04.13 06:12:04.939,1.08861,1.08872,1.00,1.00
2017.04.13 06:12:05.479,1.08855,1.08867,1.75,1.00
2017.04.13 06:12:05.632,1.08856,1.08868,1.00,1.00
2017.04.13 06:12:06.176,1.08856,1.08869,1.00,1.12
2017.04.13 06:12:06.484,1.08858,1.08869,1.00,1.00
2017.04.13 06:12:06.637,1.08858,1.08871,1.00,1.50
2017.04.13 06:12:07.142,1.08859,1.08872,1.00,1.12
2017.04.13 06:12:07.244,1.08858,1.0887,1.12,1.00
2017.04.13 06:12:07.554,1.08856,1.08868,1.50,1.50
2017.04.13 06:12:08.275,1.08856,1.08868,1.12,1.50
2017.04.13 06:12:08.878,1.08855,1.08868,1.00,1.00
2017.04.13 06:12:09.941,1.08854,1.08866,1.00,1.50
2017.04.13 06:12:10.203,1.08852,1.08865,1.00,1.00
2017.04.13 06:12:11.515,1.08851,1.08865,1.00,1.87
2017.04.13 06:12:12.046,1.08851,1.08865,1.37,1.50
2017.04.13 06:12:12.555,1.08851,1.08865,1.00,1.87
2017.04.13 06:12:13.113,1.08851,1.08864,1.00,1.00
2017.04.13 06:12:14.914,1.08855,1.08865,1.00,1.12
2017.04.13 06:12:15.423,1.08855,1.08866,1.00,1.00
2017.04.13 06:12:15.579,1.08855,1.08869,1.00,2.62
2017.04.13 06:12:15.783,1.08854,1.08866,2.62,1.00
2017.04.13 06:12:16.331,1.08854,1.08867,1.00,1.50
2017.04.13 06:12:16.871,1.08854,1.08864,1.50,1.00
2017.04.13 06:12:17.296,1.08852,1.0886,1.50,1.00
2017.04.13 06:12:17.499,1.08848,1.08858,1.87,1.00
2017.04.13 06:12:18.570,1.08848,1.08861,1.12,1.00
2017.04.13 06:12:18.621,1.08848,1.08858,1.12,1.00
2017.04.13 06:12:19.692,1.08849,1.08858,1.00,1.00
2017.04.13 06:12:20.010,1.08849,1.08861,1.50,1.00
2017.04.13 06:12:20.212,1.08849,1.08863,1.87,1.50
2017.04.13 06:12:20.416,1.0885,1.08864,2.25,1.00
2017.04.13 06:12:20.950,1.08851,1.08863,1.00,1.00
2017.04.13 06:12:21.376,1.08854,1.08866,1.00,1.12
2017.04.13 06:12:21.681,1.08851,1.08865,2.25,1.00
2017.04.13 06:12:21.783,1.08851,1.08865,1.50,1.00
2017.04.13 06:12:21.886,1.08851,1.08863,1.50,1.00
2017.04.13 06:12:22.215,1.08852,1.08865,1.00,1.00
2017.04.13 06:12:22.318,1.08854,1.08866,1.00,1.50
2017.04.13 06:12:22.622,1.08855,1.08866,1.75,1.00
2017.04.13 06:12:23.345,1.08855,1.08867,2.25,1.50
2017.04.13 06:12:23.777,1.08855,1.08867,1.50,1.50
2017.04.13 06:12:24.310,1.08854,1.08867,3.00,1.00
2017.04.13 06:12:24.361,1.08854,1.08867,3.37,1.00
2017.04.13 06:12:24.709,1.08853,1.08864,1.12,1.00
2017.04.13 06:12:24.762,1.08852,1.08865,1.00,1.00
2017.04.13 06:12:25.271,1.08851,1.08864,1.37,1.00
2017.04.13 06:12:25.779,1.08853,1.08863,1.00,1.00
2017.04.13 06:12:26.169,1.08852,1.08865,2.62,1.00
2017.04.13 06:12:26.676,1.08853,1.08865,1.00,1.50
2017.04.13 06:12:26.777,1.08853,1.08867,1.12,1.69
2017.04.13 06:12:26.828,1.08852,1.08864,1.50,1.00
2017.04.13 06:12:26.930,1.08851,1.08863,2.25,1.00
2017.04.13 06:12:27.418,1.08851,1.08865,2.25,1.00
2017.04.13 06:12:28.370,1.08852,1.08865,1.00,1.00
2017.04.13 06:12:29.779,1.08851,1.08856,1.00,1.00
2017.04.13 06:12:29.830,1.08851,1.08858,1.00,1.00
2017.04.13 06:12:30.070,1.08847,1.08859,1.00,1.00
2017.04.13 06:12:30.122,1.08848,1.08861,1.00,1.00
2017.04.13 06:12:30.173,1.08849,1.08862,1.37,1.00
2017.04.13 06:12:30.480,1.08848,1.0886,2.28,1.00
2017.04.13 06:12:31.347,1.08849,1.08862,1.50,1.00
2017.04.13 06:12:31.562,1.08852,1.08865,1.00,2.25
2017.04.13 06:12:31.866,1.08853,1.08867,1.37,1.00
2017.04.13 06:12:32.326,1.08857,1.0887,1.12,1.37
2017.04.13 06:12:32.630,1.0886,1.08873,1.00,1.37
2017.04.13 06:12:32.681,1.0886,1.08874,1.00,1.00
2017.04.13 06:12:32.834,1.0886,1.08872,1.12,1.00
2017.04.13 06:12:33.037,1.0886,1.08874,1.31,1.50
2017.04.13 06:12:33.613,1.0886,1.08875,2.44,1.50
2017.04.13 06:12:34.250,1.0886,1.08874,2.06,1.00
2017.04.13 06:12:34.657,1.08862,1.08876,1.16,1.00
2017.04.13 06:12:34.759,1.08863,1.08878,2.06,1.50
2017.04.13 06:12:35.205,1.08862,1.08874,1.91,1.00
2017.04.13 06:12:35.358,1.08861,1.08874,2.44,1.00
2017.04.13 06:12:35.865,1.08861,1.08873,1.72,1.00
2017.04.13 06:12:36.408,1.08861,1.08873,2.47,1.00
2017.04.13 06:12:37.410,1.08861,1.08875,2.44,1.00
2017.04.13 06:12:38.089,1.08862,1.08877,2.62,1.50
2017.04.13 06:12:38.191,1.08866,1.08879,1.50,1.12
2017.04.13 06:12:38.394,1.08868,1.08883,1.53,1.50
2017.04.13 06:12:38.445,1.08869,1.0888,1.00,1.00
2017.04.13 06:12:38.750,1.08867,1.08877,1.00,1.00
2017.04.13 06:12:39.550,1.08866,1.08877,1.00,1.00
2017.04.13 06:12:39.652,1.08866,1.08879,1.53,1.00
2017.04.13 06:12:40.654,1.08866,1.08879,1.16,1.00
2017.04.13 06:12:42.181,1.08867,1.08879,1.00,1.00
2017.04.13 06:12:42.385,1.08867,1.08881,1.12,1.00
2017.04.13 06:12:42.639,1.08868,1.08881,1.53,1.00
2017.04.13 06:12:42.919,1.08869,1.08883,1.50,1.00
2017.04.13 06:12:43.881,1.0887,1.08881,1.12,1.00
2017.04.13 06:12:44.179,1.08872,1.08884,1.12,1.00
2017.04.13 06:12:44.331,1.08874,1.08885,1.37,1.00
2017.04.13 06:12:44.483,1.08876,1.08888,1.12,1.37
2017.04.13 06:12:44.619,1.08875,1.08885,1.04,1.00
2017.04.13 06:12:44.670,1.08874,1.08887,1.41,1.00
2017.04.13 06:12:44.772,1.08874,1.08884,1.16,1.00
2017.04.13 06:12:44.924,1.08874,1.08887,1.00,1.00
2017.04.13 06:12:45.077,1.08877,1.08886,1.00,1.00
2017.04.13 06:12:45.229,1.08875,1.08888,1.12,1.12
2017.04.13 06:12:45.770,1.08876,1.08887,1.00,1.00
2017.04.13 06:12:46.329,1.08876,1.08888,1.50,1.00
2017.04.13 06:12:46.380,1.08878,1.08888,1.00,1.00
2017.04.13 06:12:47.088,1.08877,1.08888,1.00,1.00
2017.04.13 06:12:47.394,1.08875,1.08888,3.41,1.00
2017.04.13 06:12:48.036,1.08875,1.08887,3.41,1.00
2017.04.13 06:12:48.570,1.08876,1.08886,1.16,1.00
2017.04.13 06:12:48.621,1.08878,1.08886,1.00,1.00
2017.04.13 06:12:49.166,1.08878,1.08887,1.37,1.00
2017.04.13 06:12:49.828,1.08878,1.08888,1.37,1.00
2017.04.13 06:12:50.163,1.0888,1.0889,1.00,1.50
2017.04.13 06:12:50.669,1.08881,1.08891,1.00,1.00
2017.04.13 06:12:51.258,1.08881,1.08893,1.50,1.69
2017.04.13 06:12:51.822,1.08882,1.08892,1.00,1.00
2017.04.13 06:12:52.147,1.08883,1.08894,1.00,1.31
2017.04.13 06:12:52.299,1.08887,1.08897,1.00,1.75
2017.04.13 06:12:52.452,1.08887,1.08899,1.00,1.75
2017.04.13 06:12:52.554,1.08887,1.08899,1.00,1.12
2017.04.13 06:12:52.605,1.08887,1.08897,1.00,1.00
2017.04.13 06:12:53.132,1.08887,1.08899,1.87,1.00
2017.04.13 06:12:53.654,1.08888,1.08899,1.00,1.00
2017.04.13 06:12:54.163,1.08889,1.08899,1.00,1.00
2017.04.13 06:12:55.023,1.0889,1.08899,1.00,1.00
2017.04.13 06:12:55.926,1.0889,1.089,1.00,1.00
2017.04.13 06:12:56.990,1.08889,1.08903,1.00,3.00
2017.04.13 06:12:57.965,1.08892,1.08903,1.00,1.50
2017.04.13 06:12:58.643,1.08892,1.08904,1.00,2.25
2017.04.13 06:12:59.550,1.0889,1.08904,1.87,1.87
2017.04.13 06:13:00.212,1.08891,1.08904,1.00,1.50
2017.04.13 06:13:01.239,1.0889,1.08904,1.87,1.50
2017.04.13 06:13:01.355,1.08893,1.08904,1.00,1.87
2017.04.13 06:13:01.738,1.08891,1.08904,1.00,1.00
2017.04.13 06:13:05.319,1.08897,1.08907,1.00,2.62
2017.04.13 06:13:05.573,1.08897,1.08909,1.00,1.00
2017.04.13 06:13:06.080,1.08898,1.08909,1.00,1.00
2017.04.13 06:13:06.182,1.08902,1.08912,1.00,1.12
2017.04.13 06:13:06.486,1.08905,1.08914,1.00,1.37
2017.04.13 06:13:06.689,1.08903,1.08914,1.00,1.37
2017.04.13 06:13:07.231,1.08902,1.08914,1.00,1.87
2017.04.13 06:13:08.257,1.089,1.08913,1.12,1.50
2017.04.13 06:13:08.950,1.08904,1.08913,1.00,1.00
2017.04.13 06:13:10.573,1.08904,1.08912,1.00,1.00
2017.04.13 06:13:11.336,1.08903,1.08912,1.00,1.00
2017.04.13 06:13:11.979,1.08903,1.08913,1.00,1.00
2017.04.13 06:13:12.496,1.08903,1.08914,1.00,1.00
2017.04.13 06:13:13.298,1.08904,1.08915,1.00,1.50
2017.04.13 06:13:14.552,1.08906,1.08916,1.00,1.12
2017.04.13 06:13:14.653,1.08904,1.08916,1.00,1.12
2017.04.13 06:13:15.126,1.08906,1.08916,1.00,1.12
2017.04.13 06:13:15.671,1.08906,1.08917,1.00,1.12
2017.04.13 06:13:16.079,1.08908,1.08917,1.00,1.12
2017.04.13 06:13:16.232,1.08906,1.08917,1.00,1.12
2017.04.13 06:13:16.385,1.08909,1.08918,1.00,1.69
2017.04.13 06:13:16.774,1.08916,1.08924,1.00,1.00
2017.04.13 06:13:16.825,1.08917,1.08926,1.00,1.00
2017.04.13 06:13:16.876,1.08915,1.08925,1.00,1.00
2017.04.13 06:13:17.535,1.08915,1.08924,1.00,1.00
2017.04.13 06:13:18.174,1.08914,1.08924,1.00,1.00
2017.04.13 06:13:18.674,1.08914,1.08925,1.00,2.06
2017.04.13 06:13:19.189,1.08914,1.08924,1.00,1.00
2017.04.13 06:13:20.223,1.08919,1.08927,1.00,1.87
2017.04.13 06:13:20.428,1.08917,1.08928,1.50,1.00
2017.04.13 06:13:20.934,1.08917,1.08928,1.12,1.69
2017.04.13 06:13:21.411,1.08914,1.08927,1.37,1.00
2017.04.13 06:13:21.941,1.08914,1.08926,1.00,1.00
2017.04.13 06:13:22.556,1.08913,1.08926,1.12,1.00
2017.04.13 06:13:22.961,1.08915,1.08928,1.12,2.81
2017.04.13 06:13:23.265,1.08918,1.08929,1.00,1.00
2017.04.13 06:13:23.589,1.08916,1.08929,1.00,1.00
2017.04.13 06:13:24.091,1.08916,1.0893,1.00,1.69
2017.04.13 06:13:24.664,1.08917,1.0893,1.00,1.00
2017.04.13 06:13:26.543,1.08916,1.08929,1.00,1.50
2017.04.13 06:13:26.796,1.08913,1.08928,2.62,1.69
2017.04.13 06:13:27.217,1.08914,1.08928,1.37,1.69
2017.04.13 06:13:27.721,1.08915,1.08927,1.00,1.50
2017.04.13 06:13:28.025,1.08911,1.08922,1.00,1.69
2017.04.13 06:13:29.267,1.08909,1.08921,1.12,1.50
2017.04.13 06:13:29.502,1.08909,1.08924,1.87,1.50
2017.04.13 06:13:29.760,1.08909,1.08924,2.62,1.00
2017.04.13 06:13:30.102,1.08916,1.08925,1.00,1.69
2017.04.13 06:13:30.912,1.08915,1.08924,1.00,1.69
2017.04.13 06:13:31.216,1.08915,1.08922,1.00,1.00
2017.04.13 06:13:31.368,1.08916,1.08924,1.00,1.00
2017.04.13 06:13:31.420,1.08916,1.08926,1.00,2.25
2017.04.13 06:13:31.964,1.08918,1.08923,1.00,1.00
2017.04.13 06:13:32.015,1.08912,1.0892,1.00,1.50
2017.04.13 06:13:32.066,1.08912,1.08918,1.00,1.50
2017.04.13 06:13:32.118,1.08907,1.08916,1.00,1.00
2017.04.13 06:13:32.220,1.08911,1.08918,1.00,1.69
2017.04.13 06:13:32.409,1.08907,1.08919,1.00,2.06
2017.04.13 06:13:32.952,1.08907,1.08919,1.00,2.06
2017.04.13 06:13:33.464,1.08908,1.08919,1.00,2.06
2017.04.13 06:13:33.797,1.08908,1.08917,1.00,1.00
2017.04.13 06:13:34.339,1.08908,1.08916,1.00,1.25
2017.04.13 06:13:35.021,1.08907,1.08916,1.00,1.25
2017.04.13 06:13:36.017,1.08907,1.08916,1.00,1.69
2017.04.13 06:13:37.351,1.08907,1.08916,1.00,1.69
2017.04.13 06:13:40.272,1.08903,1.08912,1.37,1.00
2017.04.13 06:13:40.574,1.08899,1.08908,3.00,1.00
2017.04.13 06:13:40.777,1.08901,1.08911,1.50,1.00
2017.04.13 06:13:40.980,1.08903,1.08911,1.00,1.00
2017.04.13 06:13:42.377,1.08901,1.08911,1.12,1.00
2017.04.13 06:13:43.046,1.08903,1.08911,1.00,1.00
2017.04.13 06:13:44.901,1.08902,1.08911,1.12,1.00
2017.04.13 06:13:47.824,1.08901,1.08912,1.50,1.00
2017.04.13 06:13:49.313,1.08901,1.0891,1.87,1.00
2017.04.13 06:13:50.160,1.08902,1.0891,1.00,1.00
2017.04.13 06:13:50.211,1.08904,1.08914,1.00,1.50
2017.04.13 06:13:50.314,1.08906,1.08914,1.00,1.00
2017.04.13 06:13:50.416,1.08906,1.08917,1.00,1.00
2017.04.13 06:13:52.155,1.08906,1.08915,1.00,1.00
2017.04.13 06:13:52.308,1.08908,1.08918,1.00,1.00
2017.04.13 06:13:52.562,1.08906,1.08917,2.25,1.00
2017.04.13 06:13:52.790,1.08906,1.08913,1.00,1.00
2017.04.13 06:13:52.993,1.08906,1.08917,1.00,1.50
2017.04.13 06:13:53.044,1.08909,1.08917,1.00,1.00
2017.04.13 06:13:53.197,1.08909,1.08919,1.00,1.00
2017.04.13 06:13:53.451,1.08909,1.08921,1.00,1.00
2017.04.13 06:13:53.958,1.08908,1.08919,1.00,1.31
2017.04.13 06:13:54.280,1.08908,1.08917,1.00,1.00
2017.04.13 06:13:54.968,1.08907,1.08917,1.00,1.00
2017.04.13 06:13:55.273,1.08904,1.08914,1.00,1.00
2017.04.13 06:13:55.324,1.08902,1.08914,1.00,1.00
2017.04.13 06:13:55.375,1.08905,1.08915,1.00,1.87
2017.04.13 06:13:55.883,1.08906,1.08915,1.00,1.00
2017.04.13 06:13:56.419,1.08904,1.08916,1.00,1.12
2017.04.13 06:13:57.145,1.08903,1.08916,1.50,1.12
2017.04.13 06:13:57.316,1.08903,1.08916,1.00,1.87
2017.04.13 06:13:57.367,1.08901,1.08913,2.25,1.12
2017.04.13 06:13:57.722,1.08904,1.08914,1.00,1.12
2017.04.13 06:13:58.402,1.08904,1.08916,1.00,2.25
2017.04.13 06:13:58.937,1.08903,1.08916,1.00,2.25
2017.04.13 06:13:59.514,1.08902,1.08915,1.00,1.12
2017.04.13 06:14:00.708,1.08903,1.08916,2.25,2.25
2017.04.13 06:14:02.105,1.08902,1.08915,2.25,1.12
2017.04.13 06:14:02.410,1.08901,1.08913,1.50,1.00
2017.04.13 06:14:04.519,1.089,1.08914,1.87,1.50
2017.04.13 06:14:05.993,1.08903,1.08914,2.25,1.00
2017.04.13 06:14:06.297,1.08906,1.08918,1.00,1.50
2017.04.13 06:14:06.838,1.08906,1.08918,1.50,1.12
2017.04.13 06:14:08.336,1.08907,1.08917,1.00,1.00
2017.04.13 06:14:10.711,1.08908,1.08921,1.37,2.25
2017.04.13 06:14:10.914,1.08911,1.08924,2.25,1.37
2017.04.13 06:14:11.219,1.08913,1.08924,1.00,1.37
2017.04.13 06:14:11.321,1.08913,1.08925,1.50,1.00
2017.04.13 06:14:11.422,1.08916,1.08928,1.50,1.50
2017.04.13 06:14:11.723,1.08919,1.0893,1.50,1.00
2017.04.13 06:14:12.204,1.08921,1.0893,1.00,1.00
2017.04.13 06:14:12.255,1.08921,1.08932,1.00,1.00
2017.04.13 06:14:12.508,1.08923,1.08932,1.00,1.00
2017.04.13 06:14:12.824,1.08927,1.08937,1.00,1.50
2017.04.13 06:14:12.928,1.08923,1.08933,1.50,1.00
2017.04.13 06:14:13.192,1.08923,1.0893,1.00,1.00
2017.04.13 06:14:13.796,1.08923,1.08931,1.00,1.00
2017.04.13 06:14:13.848,1.08923,1.08933,1.00,1.12
2017.04.13 06:14:14.623,1.08924,1.08933,1.00,1.00
2017.04.13 06:14:15.071,1.08927,1.08935,1.00,1.37
2017.04.13 06:14:15.223,1.08927,1.08937,1.00,1.50
2017.04.13 06:14:15.749,1.08928,1.08937,1.00,1.00
2017.04.13 06:14:16.478,1.08936,1.0894,1.00,1.00
2017.04.13 06:14:16.529,1.08934,1.08946,1.00,1.87
2017.04.13 06:14:16.580,1.08936,1.0894,1.00,1.00
2017.04.13 06:14:16.631,1.08938,1.08944,1.00,1.00
2017.04.13 06:14:16.682,1.08933,1.08946,1.00,1.37
2017.04.13 06:14:16.733,1.08938,1.08948,1.00,2.25
2017.04.13 06:14:17.088,1.08938,1.08947,1.00,1.37
2017.04.13 06:14:17.429,1.08935,1.08947,1.00,1.12
2017.04.13 06:14:17.480,1.08938,1.08942,1.00,1.00
2017.04.13 06:14:17.531,1.08935,1.08941,1.00,1.00
2017.04.13 06:14:17.583,1.08935,1.08939,1.00,1.00
2017.04.13 06:14:17.685,1.08927,1.08939,1.50,1.00
2017.04.13 06:14:17.788,1.08928,1.08941,1.50,2.25
2017.04.13 06:14:17.890,1.0893,1.08941,1.00,1.50
2017.04.13 06:14:18.043,1.08928,1.0894,1.12,1.00
2017.04.13 06:14:18.145,1.08931,1.08942,1.00,1.87
2017.04.13 06:14:18.399,1.08933,1.08945,1.25,1.12
2017.04.13 06:14:18.450,1.08933,1.0894,1.25,1.00
2017.04.13 06:14:18.671,1.08935,1.08943,1.00,1.00
2017.04.13 06:14:18.723,1.08935,1.08945,1.00,1.00
2017.04.13 06:14:18.926,1.08935,1.08943,1.00,1.00
2017.04.13 06:14:18.977,1.08933,1.08942,1.25,1.00
2017.04.13 06:14:19.231,1.0893,1.08939,1.12,1.00
2017.04.13 06:14:19.332,1.08928,1.08939,1.12,1.00
2017.04.13 06:14:19.687,1.08928,1.08937,1.50,1.00
2017.04.13 06:14:20.202,1.08929,1.08938,1.00,1.00
2017.04.13 06:14:20.253,1.0893,1.0894,1.00,1.00
2017.04.13 06:14:20.710,1.08933,1.08941,1.00,1.00
2017.04.13 06:14:20.863,1.08932,1.08945,1.75,1.00
2017.04.13 06:14:21.016,1.08937,1.08945,1.00,1.00
2017.04.13 06:14:21.168,1.08937,1.08947,1.25,1.00
2017.04.13 06:14:21.346,1.08934,1.08944,2.25,1.00
2017.04.13 06:14:21.550,1.08933,1.08943,1.00,1.00
2017.04.13 06:14:22.065,1.08933,1.08944,1.00,1.00
2017.04.13 06:14:22.587,1.08933,1.08942,1.00,1.00
2017.04.13 06:14:22.892,1.0893,1.0894,1.12,1.00
2017.04.13 06:14:22.943,1.08928,1.0894,1.12,1.00
2017.04.13 06:14:23.143,1.08927,1.08937,1.00,1.00
2017.04.13 06:14:23.397,1.08927,1.0894,1.37,1.50
2017.04.13 06:14:23.448,1.08926,1.08936,1.12,1.00
2017.04.13 06:14:23.601,1.08927,1.08938,1.00,1.00
2017.04.13 06:14:23.652,1.08925,1.08936,3.19,1.00
2017.04.13 06:14:23.703,1.08926,1.08939,1.12,2.25
2017.04.13 06:14:23.754,1.08928,1.08939,1.00,1.75
2017.04.13 06:14:23.856,1.08928,1.0894,1.37,1.00
2017.04.13 06:14:24.172,1.08926,1.08937,1.50,1.00
2017.04.13 06:14:24.504,1.08922,1.08933,2.44,1.00
2017.04.13 06:14:25.208,1.08921,1.08932,1.87,1.00
2017.04.13 06:14:25.769,1.08921,1.08932,1.87,1.00
2017.04.13 06:14:26.075,1.08921,1.0893,3.00,1.00
2017.04.13 06:14:26.177,1.08921,1.08933,1.00,1.00
2017.04.13 06:14:26.228,1.08923,1.08932,2.06,1.00
2017.04.13 06:14:26.441,1.08924,1.08934,1.00,1.00
2017.04.13 06:14:27.192,1.08922,1.08933,2.81,1.00
2017.04.13 06:14:27.396,1.08923,1.08934,2.06,1.12
2017.04.13 06:14:27.652,1.08926,1.08936,1.87,1.00
2017.04.13 06:14:27.838,1.08924,1.08934,2.25,1.00
2017.04.13 06:14:27.949,1.08922,1.08933,1.37,1.00
2017.04.13 06:14:28.101,1.08923,1.08936,1.87,1.50
2017.04.13 06:14:28.405,1.08925,1.08936,1.00,1.00
2017.04.13 06:14:28.507,1.08926,1.08938,1.00,1.12
2017.04.13 06:14:28.558,1.08926,1.08936,1.00,1.00
2017.04.13 06:14:28.711,1.08925,1.08938,1.50,1.12
2017.04.13 06:14:29.249,1.08926,1.08936,1.00,1.00
2017.04.13 06:14:29.755,1.08926,1.08937,1.50,1.00
2017.04.13 06:14:29.806,1.08927,1.08939,1.12,1.00
2017.04.13 06:14:30.110,1.08928,1.08941,1.12,1.00
2017.04.13 06:14:30.282,1.08928,1.08939,1.12,1.00
2017.04.13 06:14:30.793,1.08927,1.08938,1.12,1.00
2017.04.13 06:14:31.047,1.08925,1.08937,1.50,1.00
2017.04.13 06:14:31.149,1.08926,1.08936,1.37,1.00
2017.04.13 06:14:31.325,1.08926,1.08938,1.37,1.00
2017.04.13 06:14:31.427,1.08927,1.08939,1.37,1.12
2017.04.13 06:14:31.580,1.0893,1.08942,1.31,1.50
2017.04.13 06:14:31.681,1.08932,1.08945,1.50,1.50
2017.04.13 06:14:32.188,1.08933,1.08945,1.00,1.00
2017.04.13 06:14:32.736,1.08933,1.08944,1.00,1.00
2017.04.13 06:14:32.867,1.08931,1.08944,1.12,1.00
2017.04.13 06:14:33.226,1.0893,1.08941,1.37,1.00
2017.04.13 06:14:33.328,1.0893,1.08944,1.87,1.00
2017.04.13 06:14:33.836,1.08931,1.08937,1.00,1.00
2017.04.13 06:14:33.989,1.08927,1.08938,1.50,1.00
2017.04.13 06:14:34.040,1.08926,1.08938,1.00,1.00
2017.04.13 06:14:34.557,1.08925,1.08937,3.00,1.00
2017.04.13 06:14:34.761,1.08925,1.08935,1.00,1.00
2017.04.13 06:14:34.812,1.08923,1.08937,1.50,1.00
2017.04.13 06:14:34.863,1.08923,1.08935,1.50,1.00
2017.04.13 06:14:35.426,1.08925,1.08935,1.00,1.00
2017.04.13 06:14:35.658,1.08923,1.08935,1.87,1.00
2017.04.13 06:14:36.101,1.08919,1.0893,2.25,1.00
2017.04.13 06:14:36.154,1.08919,1.08929,1.00,1.00
2017.04.13 06:14:36.561,1.0892,1.08932,2.25,1.00
2017.04.13 06:14:36.612,1.0892,1.08934,2.25,1.12
2017.04.13 06:14:37.409,1.0892,1.08933,1.87,1.00
2017.04.13 06:14:37.462,1.08919,1.08931,1.50,1.00
2017.04.13 06:14:37.718,1.08916,1.08931,2.62,1.00
2017.04.13 06:14:37.823,1.08916,1.0893,3.00,1.69
2017.04.13 06:14:38.130,1.08919,1.08932,1.37,1.50
2017.04.13 06:14:38.434,1.08918,1.0893,1.12,1.00
2017.04.13 06:14:38.688,1.08916,1.08929,1.12,1.00
2017.04.13 06:14:38.791,1.08917,1.08932,1.87,1.87
2017.04.13 06:14:38.978,1.0892,1.08932,1.00,1.00
2017.04.13 06:14:39.484,1.08919,1.08933,1.50,1.50
2017.04.13 06:14:39.687,1.08916,1.0893,1.50,1.69
2017.04.13 06:14:39.991,1.08916,1.08928,1.00,1.00
2017.04.13 06:14:40.528,1.08916,1.08928,1.50,1.25
2017.04.13 06:14:41.048,1.08916,1.08929,1.50,1.69
2017.04.13 06:14:47.715,1.08917,1.08927,1.00,1.00
2017.04.13 06:14:48.544,1.08917,1.08926,1.00,1.00
2017.04.13 06:14:49.076,1.08917,1.08925,1.00,1.00
2017.04.13 06:14:49.692,1.08917,1.08927,1.00,1.00
2017.04.13 06:14:50.204,1.08917,1.08928,1.50,1.00
2017.04.13 06:14:51.278,1.08917,1.08926,1.50,1.00
2017.04.13 06:14:51.937,1.08917,1.08929,1.50,2.06
2017.04.13 06:14:52.458,1.08917,1.0893,2.62,1.50
2017.04.13 06:14:53.141,1.08919,1.0893,1.00,1.00
2017.04.13 06:14:54.699,1.08918,1.08929,1.00,1.00
2017.04.13 06:14:54.851,1.08916,1.08928,1.50,1.50
2017.04.13 06:14:54.902,1.08918,1.08928,1.00,1.50
2017.04.13 06:14:55.207,1.08913,1.08925,2.25,2.44
2017.04.13 06:14:55.258,1.08912,1.0892,1.75,1.00
2017.04.13 06:14:55.310,1.08912,1.0892,1.00,1.00
2017.04.13 06:14:55.413,1.08909,1.08918,1.35,1.00
2017.04.13 06:14:55.515,1.08909,1.08917,1.35,1.00
2017.04.13 06:14:55.617,1.08907,1.08914,2.47,1.50
2017.04.13 06:14:55.668,1.08902,1.08913,2.25,1.00
2017.04.13 06:14:55.720,1.08902,1.08911,1.75,1.00
2017.04.13 06:14:55.823,1.08902,1.08912,1.00,1.00
2017.04.13 06:14:56.205,1.08902,1.08914,1.00,1.12
2017.04.13 06:14:56.306,1.08905,1.08918,1.50,2.62
2017.04.13 06:14:56.560,1.08911,1.08924,1.50,1.50
2017.04.13 06:14:56.611,1.08911,1.08924,1.50,1.12
2017.04.13 06:14:57.168,1.08911,1.08925,2.25,1.00
2017.04.13 06:14:57.270,1.08912,1.08927,1.00,1.50
2017.04.13 06:14:57.422,1.08915,1.08927,1.00,1.00
2017.04.13 06:14:58.167,1.08914,1.08926,1.00,1.00
2017.04.13 06:14:58.471,1.08912,1.08922,1.87,1.00
2017.04.13 06:14:59.550,1.08913,1.08923,1.12,1.00
2017.04.13 06:14:59.856,1.08909,1.08919,1.69,1.00
2017.04.13 06:15:00.200,1.08909,1.08919,2.44,1.00
2017.04.13 06:15:00.505,1.08911,1.08921,1.87,1.00
2017.04.13 06:15:00.658,1.08913,1.08921,1.00,1.00
2017.04.13 06:15:00.963,1.08909,1.08917,2.25,1.00
2017.04.13 06:15:01.065,1.08907,1.08915,1.00,1.00
2017.04.13 06:15:01.167,1.08906,1.08913,1.12,1.00
2017.04.13 06:15:01.494,1.08901,1.08907,1.50,1.00
2017.04.13 06:15:01.546,1.08899,1.0891,1.60,1.00
2017.04.13 06:15:01.649,1.08902,1.08911,1.00,1.00
2017.04.13 06:15:01.958,1.08905,1.08911,1.00,1.00
2017.04.13 06:15:02.060,1.08903,1.08913,1.35,1.00
2017.04.13 06:15:02.112,1.08903,1.08915,1.72,1.50
2017.04.13 06:15:02.163,1.08908,1.08915,1.00,1.00
2017.04.13 06:15:02.267,1.08905,1.08914,1.00,1.00
2017.04.13 06:15:02.318,1.08904,1.08912,1.37,1.00
2017.04.13 06:15:02.370,1.08902,1.08912,1.12,1.00
2017.04.13 06:15:02.574,1.08904,1.08912,1.00,1.00
2017.04.13 06:15:02.790,1.08904,1.08915,1.50,1.00
2017.04.13 06:15:02.943,1.08906,1.08916,1.00,1.00
2017.04.13 06:15:03.451,1.08907,1.08919,1.00,1.12
2017.04.13 06:15:03.958,1.08906,1.08919,1.00,1.12
2017.04.13 06:15:04.318,1.08913,1.08925,1.00,1.50
2017.04.13 06:15:04.369,1.08913,1.08927,1.00,3.00
2017.04.13 06:15:04.623,1.08912,1.08925,1.00,1.50
2017.04.13 06:15:04.928,1.08915,1.08927,1.00,3.00
2017.04.13 06:15:05.080,1.08916,1.08929,1.00,1.87
2017.04.13 06:15:05.131,1.08916,1.08928,1.00,1.00
2017.04.13 06:15:05.233,1.08918,1.08929,1.00,1.37
2017.04.13 06:15:05.538,1.08918,1.0893,1.00,1.87
2017.04.13 06:15:06.075,1.08918,1.0893,1.00,1.50
2017.04.13 06:15:06.604,1.08918,1.08928,1.00,1.37
2017.04.13 06:15:06.655,1.08915,1.08928,1.00,2.25
2017.04.13 06:15:06.757,1.08912,1.08926,1.00,1.50
2017.04.13 06:15:07.011,1.08914,1.08925,1.00,1.00
2017.04.13 06:15:07.352,1.08915,1.08929,1.00,1.87
2017.04.13 06:15:07.856,1.08916,1.08929,1.00,1.37
2017.04.13 06:15:08.133,1.08916,1.08929,1.00,2.87
2017.04.13 06:15:08.337,1.08913,1.08925,1.50,1.00
2017.04.13 06:15:08.841,1.08912,1.08925,1.50,1.00
2017.04.13 06:15:09.502,1.08915,1.08926,1.00,1.37
2017.04.13 06:15:09.847,1.08917,1.08927,1.12,1.00
2017.04.13 06:15:10.357,1.08913,1.08925,1.75,1.12
2017.04.13 06:15:10.509,1.08912,1.08924,1.50,1.00
2017.04.13 06:15:10.561,1.08912,1.08924,1.50,1.00
2017.04.13 06:15:11.772,1.08919,1.08928,1.00,1.12
2017.04.13 06:15:11.824,1.08917,1.08929,1.00,1.50
2017.04.13 06:15:11.875,1.08918,1.0893,1.00,1.00
2017.04.13 06:15:12.384,1.08917,1.08929,1.00,1.00
2017.04.13 06:15:13.578,1.08915,1.08929,1.50,1.00
2017.04.13 06:15:14.180,1.08915,1.08929,2.25,1.00
2017.04.13 06:15:22.922,1.08915,1.08928,1.50,1.50
2017.04.13 06:15:23.074,1.08915,1.08928,1.00,2.25
2017.04.13 06:15:23.449,1.08913,1.08924,1.75,1.00
2017.04.13 06:15:23.726,1.08913,1.08925,1.00,1.00
2017.04.13 06:15:23.778,1.08917,1.08928,1.00,1.50
2017.04.13 06:15:24.294,1.08916,1.08928,1.00,1.00
2017.04.13 06:15:25.841,1.08916,1.08927,1.00,1.50
2017.04.13 06:15:25.944,1.08916,1.08929,1.00,3.37
2017.04.13 06:15:26.096,1.08916,1.08927,1.00,1.00
2017.04.13 06:15:26.781,1.08916,1.08928,1.00,1.00
2017.04.13 06:15:27.686,1.08917,1.08928,1.00,1.00
2017.04.13 06:15:29.298,1.08917,1.08928,1.00,2.25
2017.04.13 06:15:29.836,1.08918,1.08928,1.00,1.00
2017.04.13 06:15:30.300,1.08915,1.08925,1.12,1.00
2017.04.13 06:15:30.504,1.08913,1.08926,1.00,1.00
2017.04.13 06:15:32.205,1.08912,1.08925,1.00,1.00
2017.04.13 06:15:32.509,1.08914,1.08925,1.00,1.00
2017.04.13 06:15:32.817,1.08915,1.08927,1.00,1.50
2017.04.13 06:15:33.359,1.08916,1.08927,1.00,1.50
2017.04.13 06:15:34.209,1.08915,1.08927,2.25,1.00
2017.04.13 06:15:34.756,1.08916,1.08927,1.00,1.00
2017.04.13 06:15:35.299,1.08916,1.08928,1.50,1.87
2017.04.13 06:15:35.603,1.08915,1.08926,1.75,1.00
2017.04.13 06:15:35.705,1.08916,1.08929,1.50,1.00
2017.04.13 06:15:35.859,1.08917,1.08931,2.25,1.69
2017.04.13 06:15:36.098,1.08917,1.08931,2.25,1.69
2017.04.13 06:15:37.046,1.08916,1.08928,1.75,1.00
2017.04.13 06:15:37.299,1.08914,1.08926,2.25,1.00
2017.04.13 06:15:38.152,1.08915,1.08928,1.00,2.06
2017.04.13 06:15:39.256,1.08914,1.08926,1.00,1.00
2017.04.13 06:15:39.561,1.08912,1.08923,1.00,1.00
2017.04.13 06:15:40.175,1.08912,1.08925,1.00,1.00
2017.04.13 06:15:40.366,1.08914,1.08926,1.50,1.00
2017.04.13 06:15:40.519,1.08915,1.08928,1.00,1.31
2017.04.13 06:15:41.127,1.08916,1.08929,1.00,2.44
2017.04.13 06:15:41.229,1.08914,1.08926,1.50,1.00
2017.04.13 06:15:43.076,1.08914,1.08925,1.00,1.00
2017.04.13 06:15:43.618,1.08913,1.08925,1.12,1.00
2017.04.13 06:15:45.421,1.08912,1.08923,1.50,1.00
2017.04.13 06:15:46.860,1.08912,1.08924,2.25,1.00
2017.04.13 06:15:47.402,1.08913,1.08925,1.12,1.00
2017.04.13 06:15:48.350,1.08913,1.08927,1.12,1.00
2017.04.13 06:15:49.083,1.08916,1.08927,1.00,1.12
2017.04.13 06:15:49.595,1.08914,1.08924,1.00,1.00
2017.04.13 06:15:49.646,1.08912,1.08924,1.12,1.00
2017.04.13 06:15:50.184,1.0891,1.08923,3.00,1.00
2017.04.13 06:15:51.114,1.0891,1.08922,1.50,1.00
2017.04.13 06:15:51.796,1.0891,1.08921,1.50,1.00
2017.04.13 06:15:52.714,1.08909,1.0892,1.75,1.00
2017.04.13 06:15:52.834,1.08909,1.0892,1.37,1.00
2017.04.13 06:15:53.436,1.08909,1.0892,1.00,1.00
