2009.03.20 11:00:00.862,0.8476,0.8478,2.60,2.60
2009.03.20 11:00:01.332,0.84755,0.84775,4.20,4.80
2009.03.20 11:00:01.612,0.84755,0.84775,4.20,2.00
2009.03.20 11:00:01.782,0.84755,0.84775,4.20,5.60
2009.03.20 11:00:01.952,0.8475,0.8477,5.20,2.00
2009.03.20 11:00:02.363,0.8475,0.8477,2.60,3.20
2009.03.20 11:00:02.872,0.8474,0.84765,4.60,1.00
2009.03.20 11:00:03.212,0.8474,0.8477,4.20,3.20
2009.03.20 11:00:03.842,0.8474,0.8477,4.60,3.20
2009.03.20 11:00:03.952,0.8474,0.84765,3.00,1.00
2009.03.20 11:00:04.521,0.8474,0.8477,4.60,3.20
2009.03.20 11:00:05.042,0.8474,0.8477,3.00,4.80
2009.03.20 11:00:05.561,0.8474,0.84765,4.20,2.60
2009.03.20 11:00:05.832,0.8474,0.84765,2.60,5.20
2009.03.20 11:00:06.111,0.8474,0.84765,2.60,1.00
2009.03.20 11:00:06.901,0.8475,0.84775,2.00,2.00
2009.03.20 11:00:07.241,0.84745,0.84775,3.00,2.00
2009.03.20 11:00:07.711,0.84745,0.8478,3.00,8.00
2009.03.20 11:00:07.951,0.84745,0.8477,2.60,2.60
2009.03.20 11:00:08.650,0.8474,0.8476,7.20,1.00
2009.03.20 11:00:08.930,0.8475,0.84765,2.60,2.60
2009.03.20 11:00:09.330,0.84745,0.84775,2.60,2.60
2009.03.20 11:00:09.900,0.84745,0.8477,2.60,2.60
2009.03.20 11:00:10.430,0.84745,0.84765,2.60,1.60
2009.03.20 11:00:11.130,0.8475,0.8477,2.60,2.60
2009.03.20 11:00:11.470,0.8475,0.84775,2.60,6.20
2009.03.20 11:00:11.870,0.84745,0.84775,2.60,3.20
2009.03.20 11:00:12.229,0.84745,0.8477,2.60,2.60
2009.03.20 11:00:12.859,0.84745,0.8477,2.60,5.80
2009.03.20 11:00:13.079,0.8474,0.84765,2.60,1.00
2009.03.20 11:00:14.889,0.84745,0.8477,2.60,2.60
2009.03.20 11:00:15.291,0.8474,0.8476,3.00,1.00
2009.03.20 11:00:15.689,0.8474,0.8476,2.60,1.00
2009.03.20 11:00:15.859,0.8474,0.84765,2.60,6.20
2009.03.20 11:00:16.099,0.8474,0.84765,2.60,1.00
2009.03.20 11:00:16.499,0.84745,0.84765,3.00,1.00
2009.03.20 11:00:16.840,0.84755,0.8477,2.60,2.60
2009.03.20 11:00:17.309,0.84755,0.8478,3.00,2.00
2009.03.20 11:00:17.528,0.84755,0.8478,2.60,2.00
2009.03.20 11:00:18.709,0.8475,0.8478,3.00,4.60
2009.03.20 11:00:18.988,0.8475,0.8478,3.00,8.20
2009.03.20 11:00:19.338,0.8475,0.84775,2.00,1.00
2009.03.20 11:00:19.748,0.84745,0.84775,3.00,1.00
2009.03.20 11:00:22.127,0.84745,0.8477,1.80,1.00
2009.03.20 11:00:22.537,0.84745,0.8477,1.00,2.00
2009.03.20 11:00:22.837,0.8474,0.8477,4.60,2.00
2009.03.20 11:00:23.007,0.8474,0.8477,3.00,2.00
2009.03.20 11:00:23.177,0.8474,0.8477,4.60,2.00
2009.03.20 11:00:24.027,0.8474,0.84765,2.40,1.00
2009.03.20 11:00:24.377,0.84735,0.84765,4.60,1.00
2009.03.20 11:00:24.607,0.84735,0.84765,3.00,1.60
2009.03.20 11:00:24.986,0.84735,0.84765,5.00,1.60
2009.03.20 11:00:25.226,0.8473,0.84765,4.40,3.20
2009.03.20 11:00:25.466,0.8473,0.84765,3.00,3.20
2009.03.20 11:00:26.316,0.8473,0.8476,2.60,2.60
2009.03.20 11:00:26.546,0.84725,0.8476,4.60,3.20
2009.03.20 11:00:26.716,0.84725,0.84755,3.00,1.40
2009.03.20 11:00:26.937,0.84725,0.84755,3.00,2.00
2009.03.20 11:00:27.116,0.8473,0.84755,2.60,1.00
2009.03.20 11:00:27.576,0.8473,0.84755,2.60,2.00
2009.03.20 11:00:27.796,0.8473,0.8475,2.60,1.00
2009.03.20 11:00:30.915,0.84725,0.84745,4.80,2.00
2009.03.20 11:00:31.145,0.84725,0.84745,4.20,2.00
2009.03.20 11:00:33.134,0.8473,0.84755,2.60,4.00
2009.03.20 11:00:33.314,0.8473,0.84755,2.60,3.20
2009.03.20 11:00:33.834,0.8473,0.84755,2.60,1.00
2009.03.20 11:00:34.234,0.8473,0.84755,2.60,3.20
2009.03.20 11:00:35.604,0.8473,0.84755,2.60,1.00
2009.03.20 11:00:37.473,0.8473,0.84755,3.00,1.00
2009.03.20 11:00:37.823,0.8473,0.84755,2.60,1.00
2009.03.20 11:00:38.383,0.8473,0.84755,4.20,1.00
2009.03.20 11:00:38.563,0.8473,0.84755,7.00,2.00
2009.03.20 11:00:38.733,0.8473,0.84755,1.80,2.00
2009.03.20 11:00:38.973,0.8473,0.84755,1.00,2.00
2009.03.20 11:00:39.143,0.84725,0.84755,4.80,2.00
2009.03.20 11:00:39.435,0.84725,0.84755,6.40,6.80
2009.03.20 11:00:39.603,0.8472,0.8475,4.20,3.20
2009.03.20 11:00:39.943,0.8472,0.8475,2.60,3.20
2009.03.20 11:00:40.872,0.84725,0.8475,2.60,3.20
2009.03.20 11:00:41.103,0.84725,0.8475,4.20,3.20
2009.03.20 11:00:41.683,0.84725,0.8475,2.60,3.20
2009.03.20 11:00:42.142,0.84725,0.8475,4.20,3.20
2009.03.20 11:00:42.362,0.84725,0.8475,2.60,3.20
2009.03.20 11:00:42.532,0.8472,0.84745,3.00,1.00
2009.03.20 11:00:42.702,0.84725,0.8475,2.60,2.00
2009.03.20 11:00:42.882,0.84725,0.8475,4.20,2.00
2009.03.20 11:00:43.062,0.84725,0.8475,4.20,4.60
2009.03.20 11:00:43.292,0.84725,0.8475,4.20,2.00
2009.03.20 11:00:43.982,0.8473,0.8475,2.60,2.00
2009.03.20 11:00:44.212,0.8473,0.8475,2.60,1.00
2009.03.20 11:00:44.682,0.84725,0.8475,2.00,1.00
2009.03.20 11:00:44.922,0.84725,0.8475,5.00,1.00
2009.03.20 11:00:45.101,0.84725,0.84755,1.80,3.20
2009.03.20 11:00:45.452,0.8472,0.8475,2.00,1.60
2009.03.20 11:00:45.862,0.8472,0.84755,3.00,8.00
2009.03.20 11:00:46.091,0.8472,0.8474,2.60,1.00
2009.03.20 11:00:46.731,0.8472,0.8475,4.20,2.60
2009.03.20 11:00:47.011,0.84725,0.8476,1.00,15.40
2009.03.20 11:00:47.292,0.8473,0.8476,1.60,4.60
2009.03.20 11:00:47.632,0.8473,0.8476,5.80,2.60
2009.03.20 11:00:48.091,0.8473,0.84765,4.60,4.80
2009.03.20 11:00:48.201,0.8473,0.84765,3.00,4.80
2009.03.20 11:00:48.551,0.84725,0.8475,6.60,2.60
2009.03.20 11:00:48.891,0.8472,0.8475,4.20,2.60
2009.03.20 11:00:49.111,0.84715,0.8475,8.60,2.60
2009.03.20 11:00:49.470,0.84715,0.8475,4.40,2.60
2009.03.20 11:00:51.050,0.84715,0.8475,6.00,2.60
2009.03.20 11:00:51.220,0.84715,0.84745,6.00,2.60
2009.03.20 11:00:52.000,0.84715,0.84745,4.60,2.60
2009.03.20 11:00:52.230,0.84715,0.84745,4.60,3.20
2009.03.20 11:00:53.110,0.84715,0.84745,4.60,4.60
2009.03.20 11:00:53.170,0.84715,0.84745,3.00,4.60
2009.03.20 11:00:53.350,0.84715,0.84745,4.80,4.60
2009.03.20 11:00:53.410,0.84715,0.84745,2.00,1.60
2009.03.20 11:00:53.530,0.84715,0.84745,1.60,3.20
2009.03.20 11:00:53.769,0.84715,0.8474,1.60,2.60
2009.03.20 11:00:53.999,0.8471,0.8474,4.20,4.20
2009.03.20 11:00:54.239,0.8471,0.8474,5.80,2.60
2009.03.20 11:00:54.520,0.84715,0.84745,1.60,8.00
2009.03.20 11:00:55.719,0.84715,0.84745,3.20,4.20
2009.03.20 11:00:55.829,0.84715,0.84745,3.60,4.20
2009.03.20 11:00:56.009,0.84715,0.84745,1.60,3.20
2009.03.20 11:00:56.179,0.84715,0.84745,4.20,3.20
2009.03.20 11:00:56.299,0.84715,0.84745,4.20,2.60
2009.03.20 11:00:56.469,0.84715,0.8475,4.60,8.00
2009.03.20 11:00:57.039,0.84715,0.8474,2.00,1.00
2009.03.20 11:00:57.378,0.8471,0.84745,4.60,2.60
2009.03.20 11:01:02.077,0.8471,0.8474,2.60,4.60
2009.03.20 11:01:02.297,0.84715,0.8474,2.60,4.20
2009.03.20 11:01:03.877,0.84715,0.8474,2.60,2.60
2009.03.20 11:01:07.086,0.8471,0.8474,2.60,3.20
2009.03.20 11:01:07.596,0.84715,0.84735,2.60,2.60
2009.03.20 11:01:07.946,0.8472,0.84735,2.60,2.60
2009.03.20 11:01:08.176,0.84715,0.8474,2.60,2.60
2009.03.20 11:01:08.456,0.8471,0.84735,2.60,2.60
2009.03.20 11:01:10.216,0.84715,0.8474,2.60,4.20
2009.03.20 11:01:10.455,0.84715,0.8474,2.60,4.60
2009.03.20 11:01:10.675,0.84715,0.84735,2.60,2.60
2009.03.20 11:01:12.185,0.8471,0.84735,2.60,2.60
2009.03.20 11:01:13.595,0.8471,0.84735,2.60,3.20
2009.03.20 11:01:13.825,0.8471,0.84735,2.60,4.60
2009.03.20 11:01:14.005,0.84715,0.84735,2.60,3.20
2009.03.20 11:01:14.935,0.84725,0.84735,1.60,3.20
2009.03.20 11:01:15.284,0.8473,0.8474,2.60,2.60
2009.03.20 11:01:15.344,0.8474,0.8476,2.60,3.60
2009.03.20 11:01:15.854,0.8475,0.84765,2.60,2.60
2009.03.20 11:01:16.144,0.84745,0.84765,4.20,4.60
2009.03.20 11:01:16.544,0.84745,0.8476,2.60,3.00
2009.03.20 11:01:16.894,0.8473,0.84755,3.00,1.00
2009.03.20 11:01:17.304,0.84725,0.8475,7.80,1.00
2009.03.20 11:01:17.703,0.84725,0.8475,8.60,1.00
2009.03.20 11:01:17.914,0.84735,0.84765,2.60,1.60
2009.03.20 11:01:18.654,0.8474,0.84765,1.00,1.60
2009.03.20 11:01:18.934,0.8475,0.84775,2.60,3.60
2009.03.20 11:01:19.053,0.8475,0.84775,2.60,2.60
2009.03.20 11:01:19.475,0.84755,0.8478,1.00,1.00
2009.03.20 11:01:19.753,0.8476,0.8479,2.60,9.00
2009.03.20 11:01:20.033,0.8477,0.84785,1.00,2.00
2009.03.20 11:01:20.313,0.8477,0.8478,1.00,1.60
2009.03.20 11:01:20.603,0.84765,0.84785,1.00,3.00
2009.03.20 11:01:20.953,0.84765,0.84785,1.00,2.00
2009.03.20 11:01:21.483,0.84765,0.8478,1.00,1.20
2009.03.20 11:01:21.873,0.84755,0.84775,1.00,2.00
2009.03.20 11:01:22.213,0.8475,0.84765,1.00,1.00
2009.03.20 11:01:22.553,0.8475,0.8477,1.00,1.00
2009.03.20 11:01:22.953,0.8476,0.8478,1.00,2.00
2009.03.20 11:01:23.182,0.8476,0.8478,1.00,3.40
2009.03.20 11:01:23.413,0.8476,0.8478,4.80,1.00
2009.03.20 11:01:23.692,0.8477,0.8479,1.00,6.40
2009.03.20 11:01:24.092,0.84765,0.8479,1.00,5.20
2009.03.20 11:01:24.372,0.84765,0.84785,1.00,1.60
2009.03.20 11:01:24.832,0.84765,0.8478,1.00,1.00
2009.03.20 11:01:25.222,0.84765,0.84785,3.00,6.80
2009.03.20 11:01:25.613,0.84755,0.84775,2.60,1.00
2009.03.20 11:01:26.012,0.84745,0.84775,3.00,2.00
2009.03.20 11:01:26.352,0.84745,0.8478,3.00,8.00
2009.03.20 11:01:27.101,0.84745,0.84775,3.00,2.60
2009.03.20 11:01:27.891,0.8474,0.84775,3.00,3.20
2009.03.20 11:01:28.122,0.8474,0.8477,2.60,3.20
2009.03.20 11:01:28.461,0.8474,0.84765,2.60,2.00
2009.03.20 11:01:28.792,0.84735,0.84765,3.00,2.00
2009.03.20 11:01:29.131,0.84735,0.84765,3.00,3.20
2009.03.20 11:01:29.541,0.84735,0.8477,3.00,8.00
2009.03.20 11:01:29.781,0.8474,0.84765,2.60,2.60
2009.03.20 11:01:32.120,0.8473,0.84755,8.60,1.00
2009.03.20 11:01:32.421,0.8473,0.84755,1.00,1.00
2009.03.20 11:01:32.760,0.84725,0.84755,2.60,3.20
2009.03.20 11:01:33.620,0.8473,0.84755,2.60,2.00
2009.03.20 11:01:36.029,0.84725,0.84755,2.60,5.80
2009.03.20 11:01:36.359,0.8473,0.84755,3.00,2.00
2009.03.20 11:01:36.719,0.8472,0.8475,2.60,2.60
2009.03.20 11:01:36.999,0.8472,0.84755,3.00,8.00
2009.03.20 11:01:37.749,0.84725,0.84755,2.60,8.00
2009.03.20 11:01:38.439,0.84725,0.84755,2.60,3.20
2009.03.20 11:01:38.919,0.84735,0.84755,1.60,3.20
2009.03.20 11:01:39.278,0.84735,0.8476,2.60,2.60
2009.03.20 11:01:39.678,0.84745,0.8477,2.60,6.40
2009.03.20 11:01:40.009,0.8475,0.8477,2.60,2.60
2009.03.20 11:01:40.468,0.8475,0.84775,2.60,4.60
2009.03.20 11:01:41.478,0.8475,0.84775,2.60,5.60
2009.03.20 11:01:41.768,0.8475,0.8477,2.60,2.20
2009.03.20 11:01:42.058,0.8475,0.8477,2.60,4.20
2009.03.20 11:01:42.338,0.8475,0.8477,2.60,3.20
2009.03.20 11:01:42.718,0.8475,0.8477,2.60,1.00
2009.03.20 11:01:42.948,0.8475,0.8477,2.60,3.20
2009.03.20 11:01:43.117,0.8475,0.8477,2.60,1.00
2009.03.20 11:01:48.306,0.84745,0.84775,4.20,4.20
2009.03.20 11:01:48.596,0.84745,0.84775,3.00,2.40
2009.03.20 11:01:48.826,0.84745,0.84775,2.60,4.20
2009.03.20 11:01:49.176,0.84745,0.84775,2.60,2.60
2009.03.20 11:01:49.296,0.84745,0.84775,4.20,2.60
2009.03.20 11:01:49.536,0.84755,0.8478,2.60,9.40
2009.03.20 11:01:49.656,0.8476,0.8478,2.60,4.60
2009.03.20 11:01:50.386,0.84755,0.84775,2.60,1.00
2009.03.20 11:01:52.185,0.84755,0.8478,2.60,3.20
2009.03.20 11:01:52.475,0.84755,0.8478,2.60,1.00
2009.03.20 11:01:52.705,0.84755,0.8478,2.60,1.60
2009.03.20 11:01:52.935,0.8475,0.8478,3.00,1.60
2009.03.20 11:01:54.255,0.8475,0.8478,2.60,3.20
2009.03.20 11:01:54.605,0.8475,0.8478,3.00,7.40
2009.03.20 11:01:54.955,0.84745,0.8478,3.00,3.20
2009.03.20 11:01:55.344,0.84755,0.8478,2.60,3.20
2009.03.20 11:01:55.734,0.84755,0.8478,2.60,1.60
2009.03.20 11:01:56.714,0.8475,0.8478,4.80,1.60
2009.03.20 11:01:56.994,0.8475,0.8478,3.00,2.00
2009.03.20 11:01:58.384,0.84745,0.84775,1.80,1.00
2009.03.20 11:01:58.784,0.84745,0.84775,1.00,1.60
2009.03.20 11:01:59.304,0.84745,0.84765,1.00,1.40
2009.03.20 11:01:59.653,0.84735,0.8477,4.80,3.20
2009.03.20 11:01:59.884,0.8474,0.8477,1.00,3.20
2009.03.20 11:02:00.123,0.8474,0.8477,1.00,3.40
2009.03.20 11:02:00.693,0.8474,0.84775,3.00,8.20
2009.03.20 11:02:00.983,0.84745,0.84775,1.00,3.20
2009.03.20 11:02:01.493,0.84745,0.84775,1.00,7.40
2009.03.20 11:02:01.663,0.84745,0.84775,1.00,1.60
2009.03.20 11:02:02.583,0.8474,0.84775,3.00,3.20
2009.03.20 11:02:05.812,0.84745,0.84775,1.60,3.20
2009.03.20 11:02:05.972,0.8475,0.84775,2.60,3.20
2009.03.20 11:02:06.322,0.8475,0.84775,2.60,1.60
2009.03.20 11:02:06.552,0.8475,0.84775,2.60,1.00
2009.03.20 11:02:06.792,0.84755,0.84775,2.60,1.00
2009.03.20 11:02:07.481,0.84755,0.84775,2.60,5.20
2009.03.20 11:02:07.821,0.8476,0.84775,2.60,2.60
2009.03.20 11:02:08.171,0.8476,0.8478,2.60,5.80
2009.03.20 11:02:08.451,0.8476,0.84785,2.60,1.00
2009.03.20 11:02:08.911,0.8476,0.8478,2.00,1.00
2009.03.20 11:02:09.141,0.8476,0.8478,1.00,1.00
2009.03.20 11:02:09.371,0.84755,0.84785,3.00,2.60
2009.03.20 11:02:09.841,0.84755,0.8479,3.00,4.20
2009.03.20 11:02:10.371,0.84755,0.84785,3.00,2.60
2009.03.20 11:02:12.200,0.84755,0.84785,2.60,2.60
2009.03.20 11:02:13.060,0.84755,0.84785,4.20,2.60
2009.03.20 11:02:13.290,0.8476,0.8479,4.20,2.60
2009.03.20 11:02:16.229,0.8476,0.84795,4.80,4.60
2009.03.20 11:02:16.459,0.8476,0.8479,4.80,2.60
2009.03.20 11:02:18.109,0.8476,0.8479,6.40,2.60
2009.03.20 11:02:18.229,0.8477,0.8479,1.60,2.60
2009.03.20 11:02:18.519,0.8477,0.8479,4.20,2.60
2009.03.20 11:02:18.639,0.8477,0.848,5.80,3.20
2009.03.20 11:02:18.869,0.8477,0.848,4.20,3.20
2009.03.20 11:02:18.989,0.84775,0.848,2.60,2.60
2009.03.20 11:02:19.279,0.84775,0.84805,2.60,3.20
2009.03.20 11:02:22.508,0.8478,0.84805,4.20,2.60
2009.03.20 11:02:22.858,0.84775,0.84805,2.60,3.20
2009.03.20 11:02:23.378,0.84775,0.848,2.60,2.60
2009.03.20 11:02:24.078,0.84775,0.84795,2.60,2.60
2009.03.20 11:02:24.418,0.8477,0.84795,2.60,3.20
2009.03.20 11:02:24.528,0.8477,0.8479,2.60,2.60
2009.03.20 11:02:27.487,0.8477,0.8479,4.20,2.60
2009.03.20 11:02:27.777,0.84775,0.8479,2.60,2.60
2009.03.20 11:02:27.947,0.8478,0.8479,2.60,2.60
2009.03.20 11:02:30.726,0.84785,0.84805,2.60,2.00
2009.03.20 11:02:31.486,0.8479,0.8481,2.60,2.60
2009.03.20 11:02:31.836,0.8479,0.84815,2.60,8.00
2009.03.20 11:02:32.735,0.8479,0.84815,2.60,9.40
2009.03.20 11:02:32.916,0.84785,0.8481,2.60,2.60
2009.03.20 11:02:33.266,0.84785,0.84815,1.00,8.80
2009.03.20 11:02:33.615,0.84785,0.8481,3.00,1.60
2009.03.20 11:02:33.835,0.8479,0.84815,2.60,8.00
2009.03.20 11:02:34.015,0.8479,0.8481,2.60,2.60
2009.03.20 11:02:34.175,0.84785,0.8481,2.60,1.20
2009.03.20 11:02:34.395,0.84785,0.8481,4.20,1.20
2009.03.20 11:02:34.615,0.84785,0.8481,5.80,1.20
2009.03.20 11:02:35.015,0.84785,0.8481,5.80,1.00
2009.03.20 11:02:35.255,0.8479,0.84815,2.60,3.20
2009.03.20 11:02:37.634,0.84795,0.84815,2.60,2.60
2009.03.20 11:02:37.854,0.84785,0.84805,1.00,1.00
2009.03.20 11:02:38.084,0.8478,0.84805,2.00,1.00
2009.03.20 11:02:38.324,0.8478,0.8481,4.80,3.20
2009.03.20 11:02:43.413,0.8478,0.84805,1.00,1.00
2009.03.20 11:02:43.813,0.8478,0.848,1.00,1.00
2009.03.20 11:02:44.043,0.84775,0.848,4.20,1.00
2009.03.20 11:02:45.712,0.8478,0.848,1.60,1.00
2009.03.20 11:02:45.952,0.84785,0.84805,2.60,2.00
2009.03.20 11:02:46.242,0.84785,0.848,2.60,2.20
2009.03.20 11:02:46.402,0.84775,0.84795,1.60,1.00
2009.03.20 11:02:47.192,0.84775,0.848,4.20,3.20
2009.03.20 11:02:47.652,0.84775,0.848,4.20,1.00
2009.03.20 11:02:48.262,0.8478,0.84805,2.60,4.60
2009.03.20 11:02:48.562,0.8478,0.84805,2.60,2.00
2009.03.20 11:02:51.871,0.84775,0.848,4.60,1.00
2009.03.20 11:02:52.111,0.84775,0.848,6.40,1.00
2009.03.20 11:02:53.960,0.8478,0.848,2.00,1.00
2009.03.20 11:02:54.130,0.8478,0.84805,4.80,1.00
2009.03.20 11:02:54.930,0.8478,0.84805,7.80,1.00
2009.03.20 11:02:55.100,0.84785,0.8481,2.60,1.60
2009.03.20 11:02:55.370,0.84785,0.8481,3.00,1.00
2009.03.20 11:02:57.030,0.84785,0.84805,1.80,1.00
2009.03.20 11:02:57.449,0.84785,0.84805,1.00,1.00
2009.03.20 11:02:57.789,0.8478,0.84805,4.80,1.00
2009.03.20 11:02:59.859,0.84775,0.848,9.40,1.00
2009.03.20 11:03:00.139,0.84775,0.848,8.00,1.00
2009.03.20 11:03:00.439,0.84775,0.848,6.40,1.00
2009.03.20 11:03:00.549,0.84775,0.84805,4.60,1.00
2009.03.20 11:03:00.829,0.84775,0.84805,3.00,1.60
2009.03.20 11:03:01.229,0.84785,0.84805,1.00,1.00
2009.03.20 11:03:01.748,0.84775,0.84805,3.00,1.00
2009.03.20 11:03:02.069,0.8477,0.848,8.60,1.00
2009.03.20 11:03:02.468,0.8477,0.84805,1.80,2.60
2009.03.20 11:03:02.758,0.84775,0.8481,1.00,8.00
2009.03.20 11:03:03.598,0.84775,0.8481,2.00,4.20
2009.03.20 11:03:06.618,0.84785,0.84805,1.00,1.00
2009.03.20 11:03:06.917,0.8478,0.8481,3.00,1.60
2009.03.20 11:03:07.157,0.84785,0.8481,1.00,1.60
2009.03.20 11:03:07.547,0.84785,0.84805,1.00,1.00
2009.03.20 11:03:07.727,0.8478,0.84805,4.20,1.00
2009.03.20 11:03:07.778,0.8478,0.84805,4.20,3.20
2009.03.20 11:03:08.097,0.8478,0.8481,2.60,3.20
2009.03.20 11:03:08.687,0.8478,0.84805,2.60,2.60
2009.03.20 11:03:08.977,0.8478,0.8481,2.60,3.20
2009.03.20 11:03:09.437,0.8478,0.84805,2.60,4.20
2009.03.20 11:03:09.607,0.8478,0.848,2.60,1.00
2009.03.20 11:03:10.086,0.8478,0.84805,2.60,1.00
2009.03.20 11:03:10.316,0.8478,0.8481,2.60,4.60
2009.03.20 11:03:10.486,0.8478,0.8481,2.60,3.20
2009.03.20 11:03:11.246,0.8478,0.848,2.60,1.00
2009.03.20 11:03:11.586,0.8478,0.8479,2.60,2.60
2009.03.20 11:03:11.916,0.8478,0.848,2.60,6.40
2009.03.20 11:03:12.246,0.8478,0.84805,2.60,2.60
2009.03.20 11:03:12.756,0.8478,0.8481,2.60,3.20
2009.03.20 11:03:13.565,0.8478,0.84805,4.20,3.20
2009.03.20 11:03:13.787,0.8478,0.84805,2.60,3.20
2009.03.20 11:03:16.165,0.84775,0.848,4.20,1.00
2009.03.20 11:03:17.365,0.84775,0.848,2.60,1.00
2009.03.20 11:03:17.425,0.8477,0.8479,4.20,1.00
2009.03.20 11:03:17.485,0.8477,0.8479,2.60,1.00
2009.03.20 11:03:18.914,0.8477,0.84795,4.20,4.60
2009.03.20 11:03:19.034,0.8477,0.84795,4.20,3.20
2009.03.20 11:03:19.374,0.8477,0.8479,2.60,1.00
2009.03.20 11:03:19.484,0.8477,0.8479,2.60,2.00
2009.03.20 11:03:19.594,0.84765,0.84785,4.20,1.00
2009.03.20 11:03:19.884,0.84765,0.84785,2.60,1.00
2009.03.20 11:03:19.994,0.8477,0.8479,2.60,1.20
2009.03.20 11:03:20.164,0.84765,0.84785,2.60,1.00
2009.03.20 11:03:21.724,0.8477,0.8479,4.20,1.00
2009.03.20 11:03:22.064,0.8477,0.84795,4.20,3.20
2009.03.20 11:03:22.943,0.8477,0.84795,4.20,1.00
2009.03.20 11:03:23.503,0.8477,0.84795,5.80,1.00
2009.03.20 11:03:23.673,0.84775,0.848,4.20,3.20
2009.03.20 11:03:25.083,0.84775,0.848,4.20,1.60
2009.03.20 11:03:26.562,0.84775,0.848,4.20,3.20
2009.03.20 11:03:27.042,0.8477,0.84795,4.20,1.00
2009.03.20 11:03:27.332,0.8477,0.84795,1.60,2.00
2009.03.20 11:03:27.502,0.8477,0.84795,1.60,4.60
2009.03.20 11:03:30.111,0.84765,0.84795,4.20,4.60
2009.03.20 11:03:30.562,0.84765,0.8479,4.20,2.60
2009.03.20 11:03:30.981,0.84765,0.8479,5.80,2.60
2009.03.20 11:03:31.201,0.84765,0.8479,4.20,2.60
2009.03.20 11:03:37.540,0.84765,0.84785,4.20,1.00
2009.03.20 11:03:38.350,0.84765,0.8478,1.60,1.00
2009.03.20 11:03:38.759,0.84765,0.8478,1.60,2.00
2009.03.20 11:03:39.051,0.84765,0.8478,1.60,4.60
2009.03.20 11:03:39.500,0.8476,0.8478,1.60,4.60
2009.03.20 11:03:39.619,0.8476,0.8478,1.60,2.00
2009.03.20 11:03:39.899,0.8476,0.84785,2.60,3.20
2009.03.20 11:03:40.299,0.8476,0.8479,2.60,3.20
2009.03.20 11:03:41.319,0.8476,0.84785,2.60,2.60
2009.03.20 11:03:41.669,0.8476,0.8479,2.60,3.20
2009.03.20 11:03:43.108,0.8476,0.84785,2.60,2.60
2009.03.20 11:03:43.518,0.8476,0.8479,2.60,3.20
2009.03.20 11:03:44.678,0.8476,0.8479,3.00,6.40
2009.03.20 11:03:44.788,0.8476,0.8479,3.00,5.20
2009.03.20 11:03:45.068,0.8476,0.8479,3.00,1.00
2009.03.20 11:03:45.948,0.8476,0.8479,3.00,3.20
2009.03.20 11:03:46.128,0.84765,0.8479,2.60,3.20
2009.03.20 11:03:46.358,0.84765,0.8479,4.20,1.00
2009.03.20 11:03:50.007,0.8477,0.84795,2.60,4.60
2009.03.20 11:03:50.237,0.8477,0.84795,2.60,2.00
2009.03.20 11:03:50.657,0.8477,0.84795,2.60,4.60
2009.03.20 11:03:52.926,0.8477,0.84795,2.60,2.00
2009.03.20 11:03:53.206,0.8478,0.84795,2.60,1.40
2009.03.20 11:03:53.486,0.8478,0.848,2.60,6.20
2009.03.20 11:03:53.587,0.84775,0.84795,1.00,2.00
2009.03.20 11:03:53.866,0.8477,0.84795,2.60,2.00
2009.03.20 11:03:54.216,0.8477,0.84795,2.60,1.00
2009.03.20 11:03:54.496,0.84775,0.848,2.60,4.80
2009.03.20 11:03:54.556,0.84765,0.848,8.60,4.80
2009.03.20 11:03:54.676,0.84765,0.84795,7.00,2.60
2009.03.20 11:04:02.024,0.84775,0.848,2.60,3.20
2009.03.20 11:04:02.424,0.8477,0.84795,2.60,1.00
2009.03.20 11:04:02.884,0.8477,0.84795,4.20,1.00
2009.03.20 11:04:03.124,0.8478,0.84805,2.60,4.60
2009.03.20 11:04:04.453,0.8478,0.848,2.60,2.60
2009.03.20 11:04:05.803,0.84775,0.848,2.60,3.20
2009.03.20 11:04:06.663,0.8478,0.848,1.60,3.20
2009.03.20 11:04:06.943,0.8478,0.848,2.60,3.20
2009.03.20 11:04:07.223,0.8477,0.84795,4.80,1.00
2009.03.20 11:04:07.623,0.8477,0.84795,2.60,3.20
2009.03.20 11:04:07.853,0.8477,0.84795,2.60,2.60
2009.03.20 11:04:08.142,0.84765,0.84795,2.60,3.20
2009.03.20 11:04:09.732,0.84765,0.84795,3.00,1.00
2009.03.20 11:04:12.031,0.84765,0.84795,2.60,3.20
2009.03.20 11:04:12.151,0.84765,0.84795,3.00,1.00
2009.03.20 11:04:13.231,0.84765,0.84795,2.60,3.20
2009.03.20 11:04:13.631,0.84765,0.84795,4.20,3.20
2009.03.20 11:04:13.851,0.8477,0.84795,2.60,3.20
2009.03.20 11:04:13.961,0.8477,0.84795,2.60,1.00
2009.03.20 11:04:17.980,0.8477,0.84795,4.20,1.00
2009.03.20 11:04:18.600,0.8477,0.84795,2.60,1.00
2009.03.20 11:04:20.229,0.84765,0.84795,4.40,1.00
2009.03.20 11:04:20.409,0.84765,0.84795,3.00,1.00
2009.03.20 11:04:22.259,0.84765,0.84795,2.60,3.20
2009.03.20 11:04:22.789,0.84765,0.8479,2.60,2.00
2009.03.20 11:04:23.009,0.84765,0.8479,2.60,3.20
2009.03.20 11:04:24.578,0.84765,0.8479,2.60,6.40
2009.03.20 11:04:24.758,0.84765,0.8479,2.60,1.00
2009.03.20 11:04:25.038,0.84765,0.8479,3.00,1.00
2009.03.20 11:04:25.208,0.84765,0.8479,2.60,1.00
2009.03.20 11:04:25.538,0.84765,0.8479,2.60,3.20
2009.03.20 11:04:26.048,0.84765,0.8479,2.60,1.00
2009.03.20 11:04:27.468,0.84765,0.8477,2.60,1.00
2009.03.20 11:04:27.638,0.84765,0.8477,4.20,1.00
2009.03.20 11:04:27.868,0.84765,0.8477,5.80,2.60
2009.03.20 11:04:28.048,0.8477,0.84805,2.40,1.00
2009.03.20 11:04:28.268,0.84765,0.84795,2.60,2.60
2009.03.20 11:04:29.247,0.84765,0.8478,4.20,2.60
2009.03.20 11:04:30.167,0.8477,0.8478,2.60,2.60
2009.03.20 11:04:30.457,0.8477,0.84785,2.60,2.60
2009.03.20 11:04:33.226,0.8477,0.8479,2.60,3.20
2009.03.20 11:04:34.226,0.8477,0.8479,2.60,1.00
2009.03.20 11:04:42.144,0.84765,0.8479,4.80,1.00
2009.03.20 11:04:42.374,0.84765,0.8479,4.20,1.20
2009.03.20 11:04:42.844,0.84765,0.8479,4.20,2.40
2009.03.20 11:04:43.324,0.8476,0.8478,7.20,1.00
2009.03.20 11:04:43.734,0.8475,0.84775,6.80,1.00
2009.03.20 11:04:44.194,0.8475,0.84775,3.00,1.60
2009.03.20 11:04:44.824,0.8475,0.84775,4.80,1.60
2009.03.20 11:04:45.223,0.8475,0.84775,3.00,1.60
2009.03.20 11:04:45.443,0.8475,0.84775,4.80,1.60
2009.03.20 11:04:50.132,0.8475,0.8476,1.00,1.00
2009.03.20 11:04:50.422,0.8475,0.84765,2.60,5.00
2009.03.20 11:04:50.662,0.8475,0.84765,4.20,3.40
2009.03.20 11:04:50.772,0.8475,0.8477,4.20,5.80
2009.03.20 11:04:50.983,0.8475,0.8477,2.60,5.80
2009.03.20 11:04:51.092,0.8475,0.8477,2.60,1.00
2009.03.20 11:04:51.682,0.84745,0.84775,1.00,1.60
2009.03.20 11:04:52.032,0.84745,0.84775,5.60,1.60
2009.03.20 11:04:52.371,0.84745,0.8478,5.60,8.00
2009.03.20 11:04:52.722,0.84745,0.8477,5.60,4.60
2009.03.20 11:04:52.963,0.84745,0.84755,5.60,1.00
2009.03.20 11:04:53.301,0.84735,0.8476,9.60,1.20
2009.03.20 11:04:53.471,0.84735,0.8476,4.20,1.20
2009.03.20 11:04:54.221,0.84745,0.84765,1.00,1.00
2009.03.20 11:04:54.391,0.84745,0.84765,5.60,1.00
2009.03.20 11:04:54.621,0.84745,0.8477,5.60,2.40
2009.03.20 11:04:54.731,0.84745,0.8477,2.40,2.40
2009.03.20 11:04:54.901,0.84745,0.8477,1.00,2.40
2009.03.20 11:04:55.731,0.84745,0.84775,1.00,1.60
2009.03.20 11:04:55.971,0.8475,0.84775,1.00,1.60
2009.03.20 11:04:56.411,0.84755,0.8478,2.00,1.60
2009.03.20 11:04:56.791,0.84775,0.8478,1.00,1.00
2009.03.20 11:04:57.201,0.84755,0.8476,6.20,1.00
2009.03.20 11:04:57.671,0.8476,0.8477,1.00,1.00
2009.03.20 11:04:58.080,0.84765,0.84785,1.00,11.20
2009.03.20 11:04:58.360,0.8476,0.8478,3.60,1.00
2009.03.20 11:04:58.800,0.8476,0.8478,1.00,1.00
2009.03.20 11:04:59.190,0.8475,0.84775,2.60,1.00
2009.03.20 11:04:59.420,0.8476,0.8478,1.00,1.60
2009.03.20 11:04:59.640,0.84755,0.8478,2.60,1.00
2009.03.20 11:04:59.820,0.8476,0.8478,2.60,1.00
2009.03.20 11:05:00.949,0.84765,0.8479,2.60,3.20
2009.03.20 11:05:01.500,0.8476,0.84785,2.60,1.00
2009.03.20 11:05:01.849,0.8476,0.84785,2.60,3.20
2009.03.20 11:05:05.748,0.84765,0.84785,2.60,3.20
2009.03.20 11:05:05.859,0.84765,0.84785,2.60,1.60
2009.03.20 11:05:06.369,0.84765,0.84785,2.60,1.00
2009.03.20 11:05:10.529,0.8476,0.84785,3.00,1.00
2009.03.20 11:05:10.747,0.8476,0.84785,4.20,1.00
2009.03.20 11:05:10.967,0.84765,0.84785,2.60,1.00
2009.03.20 11:05:11.367,0.8477,0.84795,2.60,3.20
2009.03.20 11:05:11.877,0.8477,0.84795,4.20,1.60
2009.03.20 11:05:16.096,0.8478,0.84815,5.60,9.60
2009.03.20 11:05:16.726,0.8478,0.8481,3.00,1.60
2009.03.20 11:05:17.106,0.8479,0.8481,1.00,1.00
2009.03.20 11:05:17.626,0.8479,0.84815,1.00,1.00
2009.03.20 11:05:18.036,0.8479,0.8481,1.00,1.00
2009.03.20 11:05:18.275,0.84785,0.8481,3.00,1.00
2009.03.20 11:05:19.435,0.84775,0.848,5.80,1.00
2009.03.20 11:05:19.665,0.84775,0.848,3.00,1.00
2009.03.20 11:05:21.914,0.8478,0.8481,3.00,9.00
2009.03.20 11:05:22.155,0.8478,0.8481,1.00,2.60
2009.03.20 11:05:22.324,0.84775,0.8481,3.00,5.80
2009.03.20 11:05:22.914,0.84775,0.848,2.60,2.60
2009.03.20 11:05:24.054,0.8477,0.848,8.20,2.60
2009.03.20 11:05:24.744,0.8477,0.848,6.60,2.60
2009.03.20 11:05:26.223,0.8477,0.84805,7.00,2.60
2009.03.20 11:05:26.853,0.8477,0.84805,7.00,3.20
2009.03.20 11:05:27.033,0.8477,0.848,6.60,2.60
2009.03.20 11:05:28.363,0.8477,0.84805,7.00,2.60
2009.03.20 11:05:28.483,0.8477,0.84805,8.60,2.60
2009.03.20 11:05:28.823,0.8477,0.84805,7.00,3.20
2009.03.20 11:05:28.943,0.8477,0.848,6.60,2.60
2009.03.20 11:05:29.283,0.8477,0.84805,7.00,3.20
2009.03.20 11:05:29.523,0.8477,0.848,6.60,2.60
2009.03.20 11:05:29.693,0.8477,0.848,8.40,2.60
2009.03.20 11:05:29.913,0.8477,0.848,5.60,3.20
2009.03.20 11:05:30.352,0.8477,0.848,6.60,2.60
2009.03.20 11:05:35.401,0.8477,0.84805,7.00,2.60
2009.03.20 11:05:37.441,0.8477,0.848,7.00,1.60
2009.03.20 11:05:37.551,0.8477,0.8479,7.00,1.00
2009.03.20 11:05:37.781,0.8478,0.8479,1.60,1.00
2009.03.20 11:05:37.891,0.8478,0.848,1.60,4.60
2009.03.20 11:05:38.171,0.8478,0.848,1.60,2.00
2009.03.20 11:05:39.190,0.8478,0.848,1.60,1.20
2009.03.20 11:05:39.360,0.8478,0.84805,4.20,5.60
2009.03.20 11:05:39.530,0.8478,0.84805,4.20,2.00
2009.03.20 11:05:40.420,0.84785,0.84805,4.20,2.00
2009.03.20 11:05:40.590,0.84785,0.84805,4.20,1.00
2009.03.20 11:05:41.910,0.8479,0.8481,2.60,1.00
2009.03.20 11:05:42.300,0.848,0.84815,1.60,3.20
2009.03.20 11:05:42.630,0.84805,0.84825,2.60,1.00
2009.03.20 11:05:45.439,0.84805,0.84825,3.60,1.00
2009.03.20 11:05:45.659,0.84805,0.84825,6.60,1.00
2009.03.20 11:05:46.129,0.84805,0.84835,2.60,3.20
2009.03.20 11:05:46.488,0.848,0.84835,8.60,2.60
2009.03.20 11:05:51.427,0.84805,0.84835,1.80,2.60
2009.03.20 11:05:51.897,0.84805,0.84835,1.80,3.20
2009.03.20 11:05:52.177,0.848,0.84835,7.00,3.20
2009.03.20 11:05:53.427,0.84805,0.84835,6.80,2.60
2009.03.20 11:05:53.667,0.84805,0.84835,8.60,2.60
2009.03.20 11:05:54.307,0.84805,0.84835,7.00,3.20
2009.03.20 11:05:54.487,0.84805,0.84835,8.60,3.20
2009.03.20 11:05:54.547,0.84805,0.84835,8.60,2.60
2009.03.20 11:05:54.807,0.84805,0.84835,7.00,3.20
2009.03.20 11:05:55.097,0.84805,0.84835,7.00,2.60
2009.03.20 11:05:55.207,0.84805,0.84835,8.60,2.60
2009.03.20 11:05:55.437,0.84805,0.84835,7.00,2.60
2009.03.20 11:05:56.826,0.84805,0.8484,7.00,2.60
2009.03.20 11:05:57.966,0.84805,0.84835,7.00,2.60
2009.03.20 11:05:58.825,0.84805,0.8484,7.00,2.60
2009.03.20 11:05:59.215,0.8481,0.8484,1.80,2.60
2009.03.20 11:05:59.385,0.8481,0.84845,1.80,3.20
2009.03.20 11:06:00.005,0.8481,0.84845,1.80,4.80
2009.03.20 11:06:00.355,0.8481,0.84845,2.00,4.80
2009.03.20 11:06:00.755,0.8481,0.84845,3.40,3.20
2009.03.20 11:06:00.935,0.8481,0.84845,4.40,3.20
2009.03.20 11:06:01.275,0.84815,0.84845,2.60,2.60
2009.03.20 11:06:01.615,0.84815,0.84845,4.40,2.60
2009.03.20 11:06:02.295,0.84815,0.8485,4.40,4.80
2009.03.20 11:06:03.194,0.84815,0.8484,3.80,2.60
2009.03.20 11:06:03.544,0.84815,0.8485,4.40,4.80
2009.03.20 11:06:04.084,0.84815,0.84845,4.40,2.60
2009.03.20 11:06:04.314,0.84815,0.8485,4.40,4.80
2009.03.20 11:06:04.714,0.84815,0.84845,4.40,1.60
2009.03.20 11:06:04.944,0.84815,0.84845,4.40,2.00
2009.03.20 11:06:05.454,0.84815,0.8485,4.40,5.60
2009.03.20 11:06:05.804,0.84815,0.84845,4.40,1.60
2009.03.20 11:06:06.024,0.84815,0.8484,2.60,2.60
2009.03.20 11:06:06.464,0.84815,0.8485,3.00,4.80
2009.03.20 11:06:07.383,0.84815,0.84845,3.00,1.00
2009.03.20 11:06:07.623,0.84815,0.84845,3.00,2.00
2009.03.20 11:06:08.763,0.84815,0.84845,3.00,1.00
2009.03.20 11:06:09.003,0.84815,0.84845,3.00,1.60
2009.03.20 11:06:09.113,0.84815,0.8485,3.00,3.20
2009.03.20 11:06:09.224,0.8483,0.8485,2.60,4.20
2009.03.20 11:06:09.503,0.8483,0.8484,2.60,1.00
2009.03.20 11:06:09.623,0.84825,0.8484,1.00,1.20
2009.03.20 11:06:09.913,0.84825,0.8484,1.00,1.00
2009.03.20 11:06:10.083,0.84815,0.84845,2.60,2.60
2009.03.20 11:06:10.433,0.84815,0.84845,2.60,3.20
2009.03.20 11:06:11.522,0.8481,0.8484,3.00,3.20
2009.03.20 11:06:11.843,0.84805,0.84835,3.00,5.00
2009.03.20 11:06:12.202,0.84795,0.84825,3.00,1.00
2009.03.20 11:06:13.882,0.84795,0.84825,3.00,1.60
2009.03.20 11:06:14.342,0.84795,0.84825,3.00,2.00
2009.03.20 11:06:14.562,0.84795,0.84825,3.00,3.00
2009.03.20 11:06:14.852,0.84785,0.8482,4.60,3.20
2009.03.20 11:06:15.372,0.84785,0.8482,4.60,4.20
2009.03.20 11:06:15.882,0.84785,0.8482,3.00,11.00
2009.03.20 11:06:16.161,0.8478,0.8481,3.00,1.00
2009.03.20 11:06:16.511,0.8478,0.84805,5.60,1.00
2009.03.20 11:06:16.851,0.84775,0.848,5.60,1.00
2009.03.20 11:06:17.191,0.84775,0.848,1.00,1.00
2009.03.20 11:06:19.430,0.84775,0.84805,1.00,3.20
2009.03.20 11:06:19.780,0.84775,0.848,1.00,1.00
2009.03.20 11:06:20.180,0.84775,0.84805,1.00,3.20
2009.03.20 11:06:21.080,0.84775,0.848,1.00,1.00
2009.03.20 11:06:21.490,0.84775,0.84805,1.00,3.20
2009.03.20 11:06:26.459,0.84775,0.848,1.00,1.00
2009.03.20 11:06:26.919,0.8477,0.848,7.00,1.00
2009.03.20 11:06:27.428,0.84775,0.848,1.00,1.00
2009.03.20 11:06:28.679,0.8477,0.848,7.00,1.00
2009.03.20 11:06:28.738,0.8477,0.848,5.00,1.00
2009.03.20 11:06:28.958,0.8477,0.848,1.80,1.00
2009.03.20 11:06:29.368,0.84765,0.848,7.00,3.20
2009.03.20 11:06:33.777,0.84765,0.84795,6.60,2.60
2009.03.20 11:06:33.957,0.84765,0.8479,6.60,2.60
2009.03.20 11:06:34.527,0.84765,0.8479,3.60,2.60
2009.03.20 11:06:34.757,0.84765,0.8479,2.60,2.60
2009.03.20 11:06:35.167,0.84765,0.84795,2.60,3.20
2009.03.20 11:06:36.616,0.84765,0.8479,2.60,2.60
2009.03.20 11:06:37.366,0.8476,0.8479,8.80,1.20
2009.03.20 11:06:37.716,0.8476,0.8479,8.80,3.20
2009.03.20 11:06:38.066,0.8476,0.8479,8.40,3.20
2009.03.20 11:06:38.736,0.84765,0.8479,1.60,3.20
2009.03.20 11:06:38.976,0.84765,0.8479,1.60,2.60
2009.03.20 11:06:39.326,0.84765,0.8479,2.80,2.60
2009.03.20 11:06:40.915,0.8477,0.8479,1.20,2.60
2009.03.20 11:06:41.155,0.8476,0.8479,6.60,2.60
2009.03.20 11:06:43.194,0.8476,0.8479,8.40,2.60
2009.03.20 11:06:43.585,0.8476,0.8479,8.40,3.20
2009.03.20 11:06:45.054,0.8476,0.8478,6.60,1.00
2009.03.20 11:06:45.394,0.8476,0.8478,8.40,1.00
2009.03.20 11:06:45.634,0.8476,0.8478,6.60,1.00
2009.03.20 11:06:46.034,0.8476,0.8478,2.60,1.00
2009.03.20 11:06:46.674,0.8476,0.8478,2.60,2.00
2009.03.20 11:06:47.244,0.84755,0.8478,4.20,2.00
2009.03.20 11:06:48.454,0.8476,0.8479,2.60,2.60
2009.03.20 11:06:48.743,0.8476,0.8479,3.60,3.20
2009.03.20 11:06:48.913,0.8476,0.8479,7.00,3.20
2009.03.20 11:06:49.203,0.8476,0.8479,8.40,3.20
2009.03.20 11:06:50.573,0.8476,0.8479,8.80,1.20
2009.03.20 11:06:50.743,0.84765,0.8479,2.60,2.60
2009.03.20 11:06:51.533,0.84765,0.84795,2.60,3.20
2009.03.20 11:06:53.712,0.8476,0.84785,7.00,2.00
2009.03.20 11:06:53.882,0.8476,0.84785,6.60,3.20
2009.03.20 11:06:53.992,0.84765,0.8479,2.60,2.60
2009.03.20 11:06:54.332,0.84765,0.84795,2.60,3.20
2009.03.20 11:06:56.741,0.84775,0.84795,2.60,2.60
2009.03.20 11:06:56.962,0.84775,0.848,2.60,3.20
2009.03.20 11:06:58.271,0.84775,0.848,2.60,2.60
2009.03.20 11:07:02.110,0.84775,0.84795,2.60,2.60
2009.03.20 11:07:02.350,0.84775,0.84805,2.60,2.60
2009.03.20 11:07:02.580,0.84775,0.848,2.60,2.60
2009.03.20 11:07:03.110,0.84765,0.848,3.00,3.20
2009.03.20 11:07:03.510,0.84765,0.84795,2.60,2.60
2009.03.20 11:07:04.410,0.84765,0.84795,2.60,3.20
2009.03.20 11:07:12.708,0.84765,0.8479,2.60,2.60
2009.03.20 11:07:13.538,0.8476,0.84785,3.00,1.00
2009.03.20 11:07:13.838,0.8476,0.84785,2.60,3.20
2009.03.20 11:07:14.587,0.8476,0.84785,2.60,4.20
2009.03.20 11:07:14.927,0.84755,0.8478,4.20,3.60
2009.03.20 11:07:15.277,0.84755,0.84775,4.20,1.60
2009.03.20 11:07:15.618,0.8475,0.8477,2.60,1.00
2009.03.20 11:07:15.787,0.8474,0.8477,3.00,3.20
2009.03.20 11:07:16.247,0.84745,0.8477,1.00,1.00
2009.03.20 11:07:16.587,0.8474,0.8477,3.00,1.00
2009.03.20 11:07:19.656,0.84745,0.8477,1.60,1.00
2009.03.20 11:07:19.776,0.8474,0.8477,3.00,1.00
2009.03.20 11:07:20.946,0.84745,0.8477,1.60,1.00
2009.03.20 11:07:21.115,0.84745,0.8477,2.60,1.00
2009.03.20 11:07:21.335,0.8474,0.8477,3.00,1.00
2009.03.20 11:07:22.545,0.8474,0.8477,3.00,2.00
2009.03.20 11:07:23.905,0.84745,0.8477,4.20,1.00
2009.03.20 11:07:24.515,0.84755,0.84775,2.60,4.80
2009.03.20 11:07:25.145,0.84755,0.84775,2.60,2.00
2009.03.20 11:07:25.824,0.84755,0.84775,2.60,1.20
2009.03.20 11:07:26.225,0.84755,0.84775,4.20,1.00
2009.03.20 11:07:26.454,0.84755,0.8478,2.60,1.00
2009.03.20 11:07:26.684,0.84755,0.8478,4.20,1.00
2009.03.20 11:07:31.603,0.84755,0.8478,7.20,1.00
2009.03.20 11:07:31.993,0.8476,0.84785,2.60,1.00
2009.03.20 11:07:32.403,0.84755,0.8478,4.20,1.00
2009.03.20 11:07:37.112,0.8476,0.84785,2.60,3.20
2009.03.20 11:07:37.442,0.8476,0.84785,2.60,1.00
2009.03.20 11:07:37.612,0.84755,0.8478,4.20,1.00
2009.03.20 11:07:42.240,0.8476,0.84785,2.60,1.00
2009.03.20 11:07:45.849,0.84775,0.8479,2.60,4.20
2009.03.20 11:07:46.010,0.84775,0.8479,2.60,2.60
2009.03.20 11:07:46.289,0.84775,0.84795,2.60,5.20
2009.03.20 11:07:46.399,0.84775,0.84795,2.60,1.00
2009.03.20 11:07:46.509,0.8478,0.848,2.60,3.60
2009.03.20 11:07:46.869,0.84775,0.84795,2.60,1.00
2009.03.20 11:07:47.209,0.8478,0.848,2.60,1.00
2009.03.20 11:07:52.298,0.84775,0.84795,2.60,1.00
2009.03.20 11:07:52.808,0.8477,0.84795,3.00,1.00
2009.03.20 11:07:53.148,0.84765,0.84785,2.60,2.00
2009.03.20 11:07:53.428,0.84765,0.8478,2.60,2.20
2009.03.20 11:07:53.728,0.84765,0.8478,2.60,3.20
2009.03.20 11:07:53.958,0.84755,0.84775,2.60,4.20
2009.03.20 11:07:54.248,0.84755,0.8477,2.60,2.20
2009.03.20 11:07:54.588,0.84755,0.84775,2.60,2.60
2009.03.20 11:07:54.917,0.84755,0.84775,2.60,3.20
2009.03.20 11:07:55.257,0.8475,0.8477,2.60,1.00
2009.03.20 11:07:56.177,0.8475,0.8477,4.20,1.00
2009.03.20 11:07:56.397,0.84745,0.84775,3.00,1.60
2009.03.20 11:07:56.747,0.84745,0.8477,1.00,1.00
2009.03.20 11:07:57.147,0.8474,0.84765,4.80,1.00
2009.03.20 11:07:57.447,0.8474,0.84765,4.20,1.00
2009.03.20 11:08:00.706,0.8474,0.84765,7.00,1.00
2009.03.20 11:08:00.876,0.84745,0.8477,7.00,2.60
2009.03.20 11:08:01.216,0.84745,0.8477,8.20,2.60
2009.03.20 11:08:01.506,0.8476,0.8477,2.60,2.60
2009.03.20 11:08:01.726,0.8476,0.8479,4.20,2.60
2009.03.20 11:08:02.865,0.84755,0.8478,8.80,1.00
2009.03.20 11:08:03.216,0.84755,0.8478,6.00,1.00
2009.03.20 11:08:03.555,0.8476,0.8478,1.00,1.00
2009.03.20 11:08:04.185,0.84755,0.8478,4.20,3.20
2009.03.20 11:08:04.475,0.84745,0.8477,2.40,1.00
2009.03.20 11:08:04.807,0.8474,0.8477,7.00,1.00
2009.03.20 11:08:05.095,0.84745,0.84775,2.60,2.60
2009.03.20 11:08:07.984,0.8474,0.8477,7.00,2.00
2009.03.20 11:08:08.094,0.8474,0.8477,7.00,3.20
2009.03.20 11:08:08.444,0.84745,0.8477,1.60,3.20
2009.03.20 11:08:08.664,0.8475,0.8478,2.60,3.20
2009.03.20 11:08:09.514,0.8474,0.8477,7.00,1.00
2009.03.20 11:08:10.084,0.84745,0.8477,1.20,3.20
2009.03.20 11:08:10.304,0.84735,0.84765,6.60,2.60
2009.03.20 11:08:11.393,0.84735,0.84765,10.00,2.60
2009.03.20 11:08:11.683,0.84735,0.84755,6.40,1.00
2009.03.20 11:08:12.033,0.8474,0.8477,2.60,4.80
2009.03.20 11:08:12.383,0.8474,0.8477,2.60,3.20
2009.03.20 11:08:13.393,0.8473,0.8476,10.40,1.00
2009.03.20 11:08:13.693,0.84735,0.84765,2.60,2.60
2009.03.20 11:08:13.933,0.8474,0.8477,2.60,3.20
2009.03.20 11:08:14.163,0.84735,0.8477,3.00,3.20
2009.03.20 11:08:19.651,0.84735,0.84765,2.60,2.60
2009.03.20 11:08:23.380,0.84735,0.8477,3.00,3.20
2009.03.20 11:08:23.740,0.8474,0.8477,2.60,3.20
2009.03.20 11:08:26.460,0.84735,0.8477,7.00,3.20
2009.03.20 11:08:27.889,0.8474,0.8477,2.60,3.20
2009.03.20 11:08:28.229,0.8474,0.8477,4.20,3.20
2009.03.20 11:08:28.569,0.8474,0.8477,5.60,3.20
2009.03.20 11:08:28.799,0.84745,0.8477,7.00,1.00
2009.03.20 11:08:31.648,0.84745,0.8477,1.80,1.00
2009.03.20 11:08:32.228,0.8475,0.8477,1.60,1.00
2009.03.20 11:08:32.658,0.84745,0.8477,3.60,1.00
2009.03.20 11:08:32.888,0.84745,0.8477,1.00,1.00
2009.03.20 11:08:36.187,0.84745,0.84765,4.20,1.00
2009.03.20 11:08:36.407,0.84745,0.8477,4.20,1.00
2009.03.20 11:08:36.807,0.84745,0.8477,4.80,1.00
2009.03.20 11:08:37.037,0.84755,0.8478,2.60,4.20
2009.03.20 11:08:37.707,0.84755,0.8478,4.40,1.60
2009.03.20 11:08:38.337,0.84755,0.8478,4.00,1.60
2009.03.20 11:08:39.216,0.8476,0.8478,1.20,4.20
2009.03.20 11:08:39.566,0.8475,0.8478,6.60,4.20
2009.03.20 11:08:39.797,0.8475,0.8478,5.20,4.20
2009.03.20 11:08:40.076,0.8475,0.8478,2.60,4.20
2009.03.20 11:08:40.536,0.84745,0.8477,4.40,1.00
2009.03.20 11:08:40.876,0.84755,0.84775,3.20,1.00
2009.03.20 11:08:41.156,0.8477,0.8479,2.60,2.60
2009.03.20 11:08:41.486,0.84765,0.8479,10.60,2.60
2009.03.20 11:08:41.826,0.84765,0.84795,2.60,2.60
2009.03.20 11:08:42.107,0.8477,0.84795,1.60,3.20
2009.03.20 11:08:46.895,0.8476,0.8479,8.80,1.00
2009.03.20 11:08:47.175,0.8476,0.8479,8.40,3.20
2009.03.20 11:08:50.004,0.8474,0.8477,4.80,4.00
2009.03.20 11:08:50.234,0.8474,0.8477,4.80,2.00
2009.03.20 11:08:50.564,0.8474,0.84765,1.00,1.00
2009.03.20 11:08:51.194,0.8474,0.84765,1.00,3.20
2009.03.20 11:08:51.954,0.8475,0.84775,2.00,3.40
2009.03.20 11:08:52.294,0.84745,0.84775,1.00,3.20
2009.03.20 11:08:52.933,0.84745,0.84775,1.00,2.00
2009.03.20 11:08:55.233,0.84745,0.84765,1.00,1.00
2009.03.20 11:08:55.293,0.8474,0.84765,2.60,1.00
2009.03.20 11:08:55.593,0.8474,0.8477,2.60,2.60
2009.03.20 11:08:56.062,0.8474,0.8477,3.80,2.60
2009.03.20 11:08:56.542,0.8474,0.84765,3.80,1.00
2009.03.20 11:08:56.782,0.84745,0.84765,1.60,1.00
2009.03.20 11:08:57.062,0.8474,0.84765,4.20,1.00
2009.03.20 11:09:00.581,0.8475,0.84765,1.00,1.00
2009.03.20 11:09:00.641,0.8475,0.8477,1.00,9.00
2009.03.20 11:09:00.861,0.8475,0.8477,1.00,1.60
2009.03.20 11:09:01.102,0.84735,0.8477,7.00,3.20
2009.03.20 11:09:01.491,0.8473,0.8476,6.00,1.00
2009.03.20 11:09:02.011,0.8473,0.8476,6.00,1.20
2009.03.20 11:09:02.361,0.8473,0.8476,3.00,2.40
2009.03.20 11:09:02.662,0.8473,0.84755,1.80,1.00
2009.03.20 11:09:03.171,0.8473,0.84745,1.80,1.00
2009.03.20 11:09:03.632,0.84725,0.84745,4.60,1.00
2009.03.20 11:09:03.921,0.84725,0.84755,4.20,3.20
2009.03.20 11:09:04.200,0.8473,0.8476,3.00,2.60
2009.03.20 11:09:04.750,0.84735,0.8476,1.60,2.60
2009.03.20 11:09:05.100,0.84745,0.84765,1.60,1.60
2009.03.20 11:09:05.380,0.84745,0.8477,1.60,4.20
2009.03.20 11:09:05.730,0.84745,0.8477,1.60,2.60
2009.03.20 11:09:06.401,0.8475,0.84775,4.20,4.20
2009.03.20 11:09:06.740,0.8475,0.84775,4.80,3.20
2009.03.20 11:09:07.090,0.8475,0.84775,4.20,3.20
2009.03.20 11:09:07.430,0.8475,0.84775,6.40,3.20
2009.03.20 11:09:07.720,0.8476,0.8478,2.60,2.60
2009.03.20 11:09:10.069,0.84775,0.848,1.00,1.00
2009.03.20 11:09:10.299,0.8478,0.84805,2.00,6.80
2009.03.20 11:09:10.579,0.8478,0.8481,7.60,2.60
2009.03.20 11:09:10.850,0.8478,0.84815,8.60,2.60
2009.03.20 11:09:11.749,0.84785,0.84815,1.60,2.60
2009.03.20 11:09:12.109,0.8479,0.8482,2.60,2.60
2009.03.20 11:09:12.438,0.8479,0.84825,4.80,5.80
2009.03.20 11:09:12.838,0.8479,0.84825,8.80,3.20
2009.03.20 11:09:13.118,0.84795,0.84825,1.80,4.00
2009.03.20 11:09:13.449,0.84795,0.84825,1.80,2.00
2009.03.20 11:09:13.748,0.8479,0.84825,8.80,4.80
2009.03.20 11:09:23.766,0.84795,0.84825,7.00,1.00
2009.03.20 11:09:23.996,0.84795,0.8483,7.00,3.20
2009.03.20 11:09:25.945,0.84795,0.84825,7.00,1.00
2009.03.20 11:09:26.335,0.84795,0.84825,6.60,3.20
2009.03.20 11:09:26.925,0.84795,0.84815,4.00,1.00
2009.03.20 11:09:27.265,0.84795,0.84815,3.00,1.00
2009.03.20 11:09:27.445,0.84795,0.84825,1.60,3.20
2009.03.20 11:09:27.905,0.8479,0.84825,1.80,4.80
2009.03.20 11:09:28.465,0.84795,0.8483,1.00,11.20
2009.03.20 11:09:28.705,0.84795,0.84825,1.00,2.40
2009.03.20 11:09:28.884,0.848,0.84825,1.00,1.60
2009.03.20 11:09:29.275,0.848,0.84825,1.00,1.00
2009.03.20 11:09:29.904,0.848,0.84815,1.00,1.00
2009.03.20 11:09:30.464,0.84795,0.84815,1.00,1.00
2009.03.20 11:09:31.664,0.84795,0.84825,1.00,2.00
2009.03.20 11:09:32.133,0.848,0.84825,1.00,6.80
2009.03.20 11:09:34.273,0.8479,0.84825,7.00,9.60
2009.03.20 11:09:35.173,0.8479,0.84825,7.00,8.00
2009.03.20 11:09:35.403,0.8479,0.8482,3.80,1.60
2009.03.20 11:09:35.513,0.84785,0.84815,7.00,2.00
2009.03.20 11:09:35.793,0.8478,0.84815,4.40,4.80
2009.03.20 11:09:35.913,0.8478,0.84805,3.00,1.00
2009.03.20 11:09:36.083,0.8478,0.84805,8.00,1.00
2009.03.20 11:09:36.613,0.8478,0.84805,1.00,1.00
2009.03.20 11:09:37.793,0.8478,0.84805,1.00,1.20
2009.03.20 11:09:37.972,0.8478,0.84805,1.00,2.00
2009.03.20 11:09:38.372,0.84775,0.84805,2.00,2.00
2009.03.20 11:09:38.592,0.84775,0.848,1.00,2.00
2009.03.20 11:09:38.992,0.8477,0.848,5.00,2.00
2009.03.20 11:09:39.222,0.8477,0.848,1.00,2.00
2009.03.20 11:09:40.552,0.8477,0.848,1.00,5.80
2009.03.20 11:09:40.772,0.8477,0.848,1.00,6.80
2009.03.20 11:09:41.113,0.8477,0.84795,1.00,1.60
2009.03.20 11:09:41.642,0.84765,0.84795,5.20,5.80
2009.03.20 11:09:41.921,0.8476,0.84795,5.60,8.00
2009.03.20 11:09:42.261,0.84755,0.8479,5.60,6.80
2009.03.20 11:09:42.561,0.84755,0.8479,3.60,6.80
2009.03.20 11:09:42.903,0.84755,0.8479,1.00,8.00
2009.03.20 11:09:43.071,0.84755,0.8479,5.60,8.00
2009.03.20 11:09:44.681,0.8476,0.8479,2.60,8.00
2009.03.20 11:09:46.170,0.84755,0.8479,5.60,8.00
2009.03.20 11:09:46.690,0.8476,0.8479,2.60,8.00
2009.03.20 11:09:47.050,0.84755,0.8479,5.60,8.00
2009.03.20 11:09:47.950,0.8476,0.8479,2.60,8.00
2009.03.20 11:09:48.190,0.8476,0.8479,2.60,9.40
2009.03.20 11:09:48.430,0.84755,0.84785,3.60,3.20
2009.03.20 11:09:48.550,0.84755,0.84785,1.00,1.60
2009.03.20 11:09:48.720,0.84755,0.84785,1.00,3.20
2009.03.20 11:09:49.129,0.84755,0.8478,1.00,1.00
2009.03.20 11:09:49.360,0.8475,0.8478,1.80,1.00
2009.03.20 11:09:49.580,0.8475,0.84775,1.00,1.00
2009.03.20 11:09:49.750,0.8475,0.8478,1.00,1.60
2009.03.20 11:09:49.930,0.84745,0.8478,3.00,3.20
2009.03.20 11:09:51.189,0.84755,0.84785,1.00,1.60
2009.03.20 11:09:51.459,0.8476,0.8479,2.60,2.60
2009.03.20 11:09:51.739,0.8476,0.84795,3.00,8.00
2009.03.20 11:09:53.109,0.84755,0.84785,2.80,2.60
2009.03.20 11:09:53.398,0.8476,0.84785,1.20,3.20
2009.03.20 11:09:53.789,0.8475,0.8478,6.60,2.60
2009.03.20 11:09:56.508,0.84755,0.8478,1.80,1.00
2009.03.20 11:09:56.928,0.84755,0.8478,1.00,1.00
2009.03.20 11:09:57.208,0.84745,0.8478,3.00,3.20
2009.03.20 11:09:57.887,0.84745,0.84775,6.20,2.60
2009.03.20 11:09:58.628,0.84745,0.84775,4.60,2.60
2009.03.20 11:09:58.907,0.84745,0.8478,3.00,2.60
2009.03.20 11:09:59.327,0.84745,0.8478,3.00,3.20
2009.03.20 11:09:59.677,0.84745,0.84775,1.80,1.00
2009.03.20 11:10:00.067,0.84745,0.84775,1.00,1.00
2009.03.20 11:10:00.287,0.84745,0.84775,2.00,1.00
2009.03.20 11:10:00.687,0.8475,0.8478,3.20,3.20
2009.03.20 11:10:01.037,0.84765,0.84785,1.60,7.40
2009.03.20 11:10:01.477,0.8477,0.84815,1.80,2.60
2009.03.20 11:10:01.747,0.8477,0.8481,5.80,1.00
2009.03.20 11:10:02.097,0.84775,0.8481,1.80,1.00
2009.03.20 11:10:02.477,0.8477,0.84805,2.60,2.60
2009.03.20 11:10:02.986,0.8477,0.848,2.60,3.20
2009.03.20 11:10:03.496,0.8477,0.848,8.60,1.00
2009.03.20 11:10:03.846,0.84775,0.84795,6.00,1.00
2009.03.20 11:10:04.226,0.84785,0.8481,1.00,1.00
2009.03.20 11:10:04.586,0.84785,0.8481,1.80,1.00
2009.03.20 11:10:06.765,0.84795,0.84815,1.00,1.00
2009.03.20 11:10:07.775,0.84795,0.84815,1.80,1.00
2009.03.20 11:10:09.785,0.848,0.84815,1.00,1.00
2009.03.20 11:10:09.835,0.848,0.8482,1.00,1.00
2009.03.20 11:10:13.664,0.84815,0.8484,5.60,1.00
2009.03.20 11:10:18.203,0.84805,0.84835,1.00,4.80
2009.03.20 11:10:19.442,0.848,0.84835,3.00,9.60
2009.03.20 11:10:19.672,0.848,0.84825,3.00,1.00
2009.03.20 11:10:19.902,0.848,0.84825,2.60,1.00
2009.03.20 11:10:21.992,0.8478,0.8481,1.80,3.20
2009.03.20 11:10:22.671,0.8478,0.8481,7.00,1.00
2009.03.20 11:10:23.021,0.84785,0.84805,1.60,1.00
2009.03.20 11:10:23.321,0.8479,0.8482,5.60,3.20
2009.03.20 11:10:23.601,0.84795,0.84825,7.00,2.40
2009.03.20 11:10:23.951,0.848,0.84835,4.80,6.20
2009.03.20 11:10:24.301,0.848,0.84835,7.60,3.20
2009.03.20 11:10:24.811,0.84805,0.8484,1.80,8.00
2009.03.20 11:10:25.321,0.84805,0.84835,1.80,2.60
2009.03.20 11:10:26.641,0.84805,0.84835,2.00,3.20
2009.03.20 11:10:27.340,0.84805,0.84835,2.00,2.60
2009.03.20 11:10:27.782,0.84805,0.84835,1.60,2.60
2009.03.20 11:10:28.010,0.84805,0.84835,1.60,3.20
2009.03.20 11:10:28.240,0.84805,0.8483,1.60,2.60
2009.03.20 11:10:32.009,0.84805,0.84825,1.60,2.60
2009.03.20 11:10:32.249,0.84805,0.84825,1.60,3.20
2009.03.20 11:10:34.659,0.84805,0.84825,1.60,1.00
2009.03.20 11:10:34.769,0.84805,0.8483,1.60,2.60
2009.03.20 11:10:35.918,0.84805,0.84825,1.60,2.60
2009.03.20 11:10:36.128,0.84805,0.8483,1.60,2.60
2009.03.20 11:10:36.298,0.84805,0.84825,1.60,2.60
2009.03.20 11:10:36.468,0.8479,0.84825,7.00,6.00
2009.03.20 11:10:36.818,0.8479,0.8482,6.60,2.60
2009.03.20 11:10:36.988,0.84795,0.8483,1.80,8.60
2009.03.20 11:10:37.458,0.84795,0.8483,1.80,2.60
2009.03.20 11:10:38.558,0.84795,0.84825,1.80,2.60
2009.03.20 11:10:38.788,0.84795,0.84825,1.80,3.20
2009.03.20 11:10:39.018,0.8479,0.84825,8.60,3.20
2009.03.20 11:10:39.748,0.84795,0.84825,2.60,2.60
2009.03.20 11:10:42.237,0.8483,0.8486,4.20,2.60
2009.03.20 11:10:42.577,0.8483,0.8486,5.60,2.60
2009.03.20 11:10:42.967,0.8483,0.84865,7.00,3.20
2009.03.20 11:10:43.517,0.8483,0.8486,6.60,2.60
2009.03.20 11:10:44.586,0.8483,0.84865,7.00,3.20
2009.03.20 11:10:44.986,0.84835,0.84865,1.80,2.60
2009.03.20 11:10:45.216,0.8484,0.84865,2.60,2.60
2009.03.20 11:10:45.556,0.8484,0.8487,2.60,2.60
2009.03.20 11:10:46.456,0.8484,0.8487,3.00,2.60
2009.03.20 11:10:46.856,0.8484,0.8487,2.60,2.60
2009.03.20 11:10:47.885,0.84835,0.8486,3.00,1.00
2009.03.20 11:10:48.905,0.8484,0.84865,2.60,5.20
2009.03.20 11:10:49.197,0.8484,0.84865,2.60,1.00
2009.03.20 11:10:49.485,0.8485,0.8487,2.60,2.60
2009.03.20 11:10:49.755,0.8485,0.84875,3.00,5.80
2009.03.20 11:10:50.105,0.8485,0.84875,3.00,1.00
2009.03.20 11:10:50.565,0.8485,0.84875,2.60,3.20
2009.03.20 11:10:51.885,0.8485,0.8487,2.60,1.00
2009.03.20 11:10:52.564,0.8485,0.8487,5.20,1.00
2009.03.20 11:10:53.034,0.8485,0.8487,2.60,1.00
2009.03.20 11:10:53.364,0.84855,0.84875,2.60,3.20
2009.03.20 11:10:53.594,0.8486,0.84875,2.60,2.60
2009.03.20 11:10:54.054,0.8486,0.84875,2.60,2.60
2009.03.20 11:10:54.334,0.84855,0.84875,2.60,3.20
2009.03.20 11:10:54.684,0.8486,0.8488,2.60,3.20
2009.03.20 11:10:54.864,0.8486,0.8488,2.60,4.00
2009.03.20 11:10:55.254,0.8486,0.8488,2.60,3.20
2009.03.20 11:11:02.152,0.8487,0.84885,2.60,1.60
2009.03.20 11:11:02.492,0.8487,0.84885,2.60,4.20
2009.03.20 11:11:03.012,0.8487,0.8489,2.60,2.60
2009.03.20 11:11:04.072,0.8486,0.8489,2.60,3.20
2009.03.20 11:11:04.481,0.8486,0.84885,2.60,2.60
2009.03.20 11:11:05.691,0.8486,0.8489,2.60,3.20
2009.03.20 11:11:05.911,0.8486,0.84885,2.60,2.60
2009.03.20 11:11:06.481,0.8486,0.8488,2.60,2.60
2009.03.20 11:11:06.821,0.8486,0.84875,1.00,1.00
2009.03.20 11:11:07.126,0.84845,0.84865,5.80,2.60
2009.03.20 11:11:07.632,0.8484,0.84865,8.20,2.60
2009.03.20 11:11:09.380,0.8484,0.8487,8.20,2.60
2009.03.20 11:11:11.830,0.8484,0.8487,6.80,2.60
2009.03.20 11:11:12.579,0.8484,0.8487,5.80,2.60
2009.03.20 11:11:12.759,0.8484,0.8487,4.20,2.60
2009.03.20 11:11:13.579,0.84835,0.8486,2.60,4.80
2009.03.20 11:11:13.699,0.84835,0.8485,1.20,2.60
2009.03.20 11:11:14.039,0.84825,0.8485,5.20,2.60
2009.03.20 11:11:14.159,0.84825,0.8485,4.20,2.60
2009.03.20 11:11:14.279,0.84825,0.8485,2.60,2.60
2009.03.20 11:11:18.788,0.8482,0.8485,1.60,2.60
2009.03.20 11:11:18.908,0.84815,0.8484,2.60,2.60
2009.03.20 11:11:19.528,0.84815,0.8485,3.00,2.60
2009.03.20 11:11:27.696,0.84825,0.8485,2.60,2.60
2009.03.20 11:11:28.805,0.8483,0.8485,2.60,2.60
2009.03.20 11:11:29.215,0.8483,0.84855,2.60,2.60
2009.03.20 11:11:30.075,0.8483,0.8485,2.60,2.60
2009.03.20 11:11:30.495,0.84845,0.84855,2.60,2.60
2009.03.20 11:11:30.715,0.8484,0.8486,2.60,1.60
2009.03.20 11:11:31.455,0.84845,0.8486,1.60,1.60
2009.03.20 11:11:31.565,0.84845,0.8486,3.20,1.60
2009.03.20 11:11:31.854,0.84845,0.8486,3.00,1.60
2009.03.20 11:11:32.195,0.84845,0.8486,2.60,1.60
2009.03.20 11:11:33.034,0.84855,0.8486,2.60,1.60
2009.03.20 11:11:33.824,0.8486,0.84865,2.60,2.40
2009.03.20 11:11:34.154,0.84855,0.8486,2.60,1.60
2009.03.20 11:11:34.444,0.84845,0.8486,2.60,1.60
2009.03.20 11:11:37.783,0.8484,0.8486,2.60,1.60
2009.03.20 11:11:39.063,0.8485,0.8486,2.60,1.60
2009.03.20 11:11:39.873,0.8485,0.8486,3.00,1.60
2009.03.20 11:11:40.343,0.84855,0.8486,2.60,1.60
2009.03.20 11:11:41.592,0.84855,0.8486,3.00,1.60
2009.03.20 11:11:48.551,0.84855,0.8486,2.60,1.60
2009.03.20 11:12:01.748,0.8485,0.8486,2.60,1.60
2009.03.20 11:12:02.157,0.84855,0.8486,2.60,1.60
2009.03.20 11:12:08.446,0.8486,0.84865,3.00,2.40
2009.03.20 11:12:11.185,0.8486,0.84865,2.60,2.40
2009.03.20 11:12:18.373,0.84855,0.8489,2.60,2.00
2009.03.20 11:12:22.642,0.84855,0.84875,2.60,1.40
2009.03.20 11:12:22.922,0.84845,0.84875,3.00,2.00
2009.03.20 11:12:23.212,0.84845,0.8487,2.60,2.60
2009.03.20 11:12:23.912,0.84845,0.84875,2.60,3.20
2009.03.20 11:12:24.212,0.84845,0.8487,2.60,4.60
2009.03.20 11:12:28.201,0.84845,0.84865,2.60,2.60
2009.03.20 11:12:28.621,0.84845,0.8487,2.60,2.00
2009.03.20 11:12:28.861,0.84845,0.8487,2.60,4.60
2009.03.20 11:12:32.061,0.84845,0.8487,2.60,2.60
2009.03.20 11:12:35.429,0.84845,0.8487,2.60,3.20
2009.03.20 11:12:35.549,0.84845,0.8487,2.60,4.60
2009.03.20 11:12:40.348,0.8484,0.84865,2.60,1.60
2009.03.20 11:12:40.398,0.8484,0.84865,2.60,3.20
2009.03.20 11:12:40.628,0.8484,0.8486,2.60,1.00
2009.03.20 11:12:44.237,0.8484,0.84865,4.20,1.00
2009.03.20 11:12:47.106,0.8484,0.8486,2.60,1.00
2009.03.20 11:12:47.517,0.8484,0.84865,4.20,1.00
2009.03.20 11:12:52.215,0.8485,0.84875,2.60,3.20
2009.03.20 11:12:54.735,0.84845,0.8487,4.80,1.00
2009.03.20 11:12:54.905,0.84845,0.8487,4.20,1.00
2009.03.20 11:12:55.264,0.84845,0.8487,2.60,1.00
2009.03.20 11:12:57.044,0.8484,0.84865,4.80,1.00
2009.03.20 11:12:57.864,0.8484,0.84865,3.00,1.00
2009.03.20 11:12:58.144,0.8484,0.84865,2.60,1.00
2009.03.20 11:12:58.434,0.8484,0.84865,4.20,1.00
2009.03.20 11:13:00.603,0.84845,0.8487,2.60,1.00
2009.03.20 11:13:00.843,0.84845,0.8487,2.60,3.20
2009.03.20 11:13:00.953,0.8484,0.84865,4.20,1.00
2009.03.20 11:13:02.503,0.8484,0.84865,4.20,1.60
2009.03.20 11:13:02.843,0.84845,0.8487,2.60,2.60
2009.03.20 11:13:04.432,0.8484,0.8486,2.60,1.00
2009.03.20 11:13:06.632,0.8484,0.8487,2.60,4.60
2009.03.20 11:13:06.742,0.8484,0.8487,2.60,3.20
2009.03.20 11:13:06.862,0.84845,0.8487,2.60,2.60
2009.03.20 11:13:07.272,0.84845,0.8487,2.60,4.20
2009.03.20 11:13:07.381,0.8484,0.8486,2.60,1.00
2009.03.20 11:13:07.961,0.84845,0.8487,2.60,2.60
2009.03.20 11:13:08.831,0.84835,0.8487,7.00,3.20
2009.03.20 11:13:09.521,0.84835,0.84865,3.00,1.00
2009.03.20 11:13:11.111,0.8484,0.84865,1.60,1.00
2009.03.20 11:13:11.411,0.8484,0.84865,4.80,1.00
2009.03.20 11:13:11.811,0.8484,0.84865,4.20,3.20
2009.03.20 11:13:14.660,0.84835,0.8486,2.60,2.00
2009.03.20 11:13:17.159,0.8483,0.84855,5.60,1.60
2009.03.20 11:13:17.329,0.8483,0.84855,2.60,3.20
2009.03.20 11:13:17.569,0.84825,0.8485,6.00,1.00
2009.03.20 11:13:18.129,0.84825,0.8485,1.80,1.00
2009.03.20 11:13:18.359,0.8482,0.8485,5.40,1.00
2009.03.20 11:13:18.539,0.8482,0.8485,4.40,1.00
2009.03.20 11:13:18.769,0.8482,0.8485,7.00,3.20
2009.03.20 11:13:19.059,0.8482,0.8485,7.00,3.20
2009.03.20 11:13:19.338,0.8482,0.8485,7.00,1.60
2009.03.20 11:13:21.808,0.8482,0.84855,7.00,4.20
2009.03.20 11:13:23.308,0.84815,0.8485,7.00,2.60
2009.03.20 11:13:24.387,0.84815,0.8485,8.60,2.60
2009.03.20 11:13:24.618,0.8482,0.84855,3.00,3.20
2009.03.20 11:13:27.987,0.84825,0.8484,2.60,2.60
2009.03.20 11:13:28.346,0.84825,0.84845,2.60,1.00
2009.03.20 11:13:33.425,0.8483,0.8485,2.60,2.60
2009.03.20 11:13:34.125,0.8484,0.84855,1.60,2.60
2009.03.20 11:13:34.645,0.8485,0.8487,2.60,2.60
2009.03.20 11:13:34.995,0.8485,0.84875,2.60,2.60
2009.03.20 11:13:35.645,0.8485,0.8487,2.60,2.60
2009.03.20 11:13:35.935,0.8485,0.84875,2.60,2.60
2009.03.20 11:13:36.615,0.84855,0.84865,2.60,2.60
2009.03.20 11:13:37.014,0.84855,0.8488,2.60,3.20
2009.03.20 11:13:37.754,0.8485,0.8487,2.60,1.60
2009.03.20 11:13:37.984,0.84845,0.8487,6.40,2.00
2009.03.20 11:13:38.206,0.84845,0.8487,4.20,6.20
2009.03.20 11:13:38.554,0.84845,0.8487,2.60,6.20
2009.03.20 11:13:39.964,0.84845,0.8487,4.20,4.80
2009.03.20 11:13:40.323,0.8485,0.8487,2.60,8.80
2009.03.20 11:13:40.604,0.8485,0.8487,2.60,1.00
2009.03.20 11:13:41.423,0.84845,0.8487,4.80,2.40
2009.03.20 11:13:42.093,0.84845,0.8487,4.20,2.40
2009.03.20 11:13:42.783,0.84855,0.84875,2.60,3.20
2009.03.20 11:13:43.183,0.8485,0.8488,3.00,6.20
2009.03.20 11:13:43.593,0.8485,0.84875,2.60,2.60
2009.03.20 11:13:44.003,0.84855,0.84875,2.60,2.60
2009.03.20 11:13:44.293,0.8486,0.8488,2.60,2.60
2009.03.20 11:13:44.563,0.8486,0.84885,2.60,4.60
2009.03.20 11:13:44.953,0.84865,0.8487,2.60,1.40
2009.03.20 11:13:45.352,0.84855,0.8487,5.60,2.00
2009.03.20 11:13:45.702,0.84855,0.84875,1.00,3.60
2009.03.20 11:13:46.042,0.84845,0.8487,4.20,2.60
2009.03.20 11:13:47.652,0.84845,0.8487,7.00,2.60
2009.03.20 11:13:47.932,0.84845,0.84875,5.60,5.80
2009.03.20 11:13:48.232,0.84845,0.84875,2.60,4.60
2009.03.20 11:13:48.532,0.8485,0.84865,1.60,2.60
2009.03.20 11:13:48.922,0.8486,0.8488,2.60,2.60
2009.03.20 11:13:49.441,0.84855,0.8488,2.60,3.20
2009.03.20 11:13:49.961,0.8486,0.8488,2.60,4.20
2009.03.20 11:13:50.461,0.8485,0.84875,8.40,2.60
2009.03.20 11:13:50.961,0.8486,0.8488,2.60,3.20
2009.03.20 11:13:51.251,0.8486,0.8488,2.60,4.60
2009.03.20 11:13:51.471,0.8485,0.8488,8.80,2.00
2009.03.20 11:13:51.811,0.84855,0.84885,6.60,6.20
2009.03.20 11:13:52.101,0.84855,0.84885,8.40,3.20
2009.03.20 11:13:53.130,0.8486,0.84885,2.60,2.60
2009.03.20 11:13:53.410,0.84865,0.8488,1.60,1.00
2009.03.20 11:13:53.731,0.84855,0.84885,4.20,9.60
2009.03.20 11:13:54.350,0.84855,0.8488,4.20,4.20
2009.03.20 11:13:54.710,0.84855,0.84875,4.20,2.60
2009.03.20 11:13:55.050,0.8484,0.8487,2.60,2.60
2009.03.20 11:13:55.680,0.8484,0.8487,4.20,2.60
2009.03.20 11:13:55.970,0.84845,0.84865,1.00,1.00
2009.03.20 11:13:56.210,0.8483,0.84865,8.60,3.20
2009.03.20 11:13:56.490,0.8483,0.84845,4.20,1.00
2009.03.20 11:13:56.710,0.84825,0.8484,2.60,2.60
2009.03.20 11:13:57.469,0.84825,0.8485,11.40,3.20
2009.03.20 11:14:00.449,0.84825,0.8485,2.60,1.00
2009.03.20 11:14:00.629,0.84825,0.8485,2.60,3.20
2009.03.20 11:14:06.047,0.84815,0.8484,2.60,1.00
2009.03.20 11:14:06.157,0.84825,0.8485,2.60,2.00
2009.03.20 11:14:06.277,0.8482,0.8485,3.00,7.40
2009.03.20 11:14:06.567,0.8482,0.84845,2.60,2.60
2009.03.20 11:14:07.897,0.84825,0.84845,2.60,2.60
2009.03.20 11:14:08.527,0.84825,0.8485,2.60,3.20
2009.03.20 11:14:10.027,0.8482,0.8485,2.60,3.20
2009.03.20 11:14:10.196,0.8482,0.8484,2.60,1.00
2009.03.20 11:14:11.286,0.84815,0.84835,2.60,1.00
2009.03.20 11:14:13.017,0.84815,0.8484,3.80,4.20
2009.03.20 11:14:13.356,0.8481,0.84835,2.60,4.20
2009.03.20 11:14:13.765,0.8481,0.84835,6.60,3.20
2009.03.20 11:14:14.115,0.8481,0.84835,2.60,3.20
2009.03.20 11:14:14.235,0.8481,0.84835,2.60,2.60
2009.03.20 11:14:14.625,0.8481,0.8484,2.60,3.20
2009.03.20 11:14:15.075,0.8481,0.84835,2.60,3.20
2009.03.20 11:14:15.555,0.8481,0.84835,2.60,4.60
2009.03.20 11:14:15.775,0.8481,0.84835,4.20,3.20
2009.03.20 11:14:16.105,0.8481,0.84835,2.60,4.60
2009.03.20 11:14:16.335,0.8481,0.84835,2.60,2.60
2009.03.20 11:14:16.565,0.8481,0.84835,2.60,3.20
2009.03.20 11:14:16.685,0.8481,0.84835,4.20,3.20
2009.03.20 11:14:17.545,0.8481,0.8483,4.20,2.60
2009.03.20 11:14:18.005,0.8481,0.84825,2.60,2.60
2009.03.20 11:14:18.534,0.8481,0.8483,2.60,2.60
2009.03.20 11:14:18.874,0.8481,0.84835,2.60,4.60
2009.03.20 11:14:19.754,0.8481,0.84835,4.20,3.20
2009.03.20 11:14:20.474,0.8481,0.84835,2.60,4.60
2009.03.20 11:14:20.814,0.8481,0.84835,4.20,3.20
2009.03.20 11:14:22.044,0.8481,0.84835,4.20,2.60
2009.03.20 11:14:22.213,0.8481,0.84835,5.60,2.60
2009.03.20 11:14:22.743,0.8481,0.84835,8.40,2.60
2009.03.20 11:14:23.293,0.84815,0.84835,2.60,1.00
2009.03.20 11:14:23.473,0.8481,0.8483,5.60,1.00
2009.03.20 11:14:23.863,0.84805,0.8483,8.60,1.00
2009.03.20 11:14:24.143,0.84805,0.8483,7.40,1.20
2009.03.20 11:14:24.483,0.84805,0.8483,4.20,3.20
2009.03.20 11:14:25.393,0.84805,0.8483,4.20,1.20
2009.03.20 11:14:26.593,0.84805,0.8483,2.60,3.60
2009.03.20 11:14:26.762,0.848,0.8482,2.60,1.00
2009.03.20 11:14:28.372,0.84805,0.84825,2.60,3.20
2009.03.20 11:14:28.722,0.848,0.8482,2.60,1.00
2009.03.20 11:14:29.831,0.848,0.8482,2.60,3.20
2009.03.20 11:14:30.231,0.848,0.8482,2.60,1.00
2009.03.20 11:14:30.621,0.848,0.8482,6.60,1.00
2009.03.20 11:14:31.381,0.8481,0.84825,2.60,2.60
2009.03.20 11:14:32.021,0.8481,0.8483,2.60,5.20
2009.03.20 11:14:32.251,0.8481,0.8483,2.60,3.20
2009.03.20 11:14:32.781,0.8481,0.8483,2.60,1.00
2009.03.20 11:14:33.521,0.8481,0.84835,4.20,3.60
2009.03.20 11:14:33.741,0.8481,0.84835,2.60,3.60
2009.03.20 11:14:34.011,0.8481,0.8483,2.60,1.00
2009.03.20 11:14:34.461,0.8481,0.8483,2.60,3.20
2009.03.20 11:14:35.230,0.8481,0.8483,2.60,1.00
2009.03.20 11:14:35.630,0.84805,0.84825,2.60,1.00
2009.03.20 11:14:35.860,0.8481,0.8483,2.60,4.80
2009.03.20 11:14:36.090,0.8481,0.8483,2.60,6.40
2009.03.20 11:14:36.320,0.8481,0.8483,2.60,1.60
2009.03.20 11:14:36.600,0.8481,0.8483,2.60,1.00
2009.03.20 11:14:37.959,0.8481,0.8483,2.60,2.00
2009.03.20 11:14:38.129,0.84805,0.84825,2.60,1.00
2009.03.20 11:14:39.009,0.84805,0.84825,4.20,1.00
2009.03.20 11:14:39.299,0.8482,0.8484,2.60,3.60
2009.03.20 11:14:39.929,0.8482,0.8484,4.20,3.60
2009.03.20 11:14:40.109,0.8482,0.84845,4.20,5.60
2009.03.20 11:14:40.289,0.8482,0.84845,4.20,4.80
2009.03.20 11:14:40.799,0.8482,0.84845,2.60,2.80
2009.03.20 11:14:40.979,0.84815,0.8484,4.20,1.00
2009.03.20 11:14:42.219,0.84815,0.8484,4.80,1.00
2009.03.20 11:14:42.508,0.84825,0.84845,2.60,1.60
2009.03.20 11:14:42.839,0.84825,0.84845,2.60,1.00
2009.03.20 11:14:44.168,0.8483,0.8485,2.60,3.20
2009.03.20 11:14:44.468,0.8483,0.8485,2.60,2.00
2009.03.20 11:14:44.758,0.8482,0.8485,3.00,2.60
2009.03.20 11:14:45.238,0.8482,0.8485,2.60,2.60
2009.03.20 11:14:45.537,0.8482,0.8484,2.60,2.60
2009.03.20 11:14:45.878,0.84815,0.84835,2.60,2.60
2009.03.20 11:14:46.228,0.84805,0.84835,6.60,2.60
2009.03.20 11:14:46.628,0.84805,0.84835,7.00,7.40
2009.03.20 11:14:46.958,0.8482,0.84845,2.60,2.60
2009.03.20 11:14:47.247,0.8483,0.84845,1.40,2.60
2009.03.20 11:14:47.817,0.84815,0.8485,12.40,3.20
2009.03.20 11:14:48.277,0.84815,0.8485,7.00,3.20
2009.03.20 11:14:48.437,0.84815,0.8485,3.00,3.20
2009.03.20 11:14:48.777,0.8482,0.84845,4.20,2.60
2009.03.20 11:14:48.837,0.84825,0.84845,2.60,2.60
2009.03.20 11:14:49.157,0.84825,0.84855,2.60,6.20
2009.03.20 11:14:49.337,0.84825,0.84855,3.60,4.60
2009.03.20 11:14:49.677,0.8483,0.8486,2.60,4.60
2009.03.20 11:14:50.017,0.84835,0.8486,5.60,2.00
2009.03.20 11:14:51.007,0.84835,0.84855,6.60,1.00
2009.03.20 11:14:51.296,0.8484,0.8486,2.60,1.00
2009.03.20 11:14:51.536,0.84835,0.8486,7.00,2.00
2009.03.20 11:14:51.906,0.84835,0.8486,3.80,4.60
2009.03.20 11:14:52.176,0.84835,0.8486,3.80,2.00
2009.03.20 11:14:52.396,0.84835,0.8486,3.80,4.60
2009.03.20 11:14:52.926,0.84835,0.8486,3.80,2.00
2009.03.20 11:14:53.256,0.8484,0.8486,1.60,1.00
2009.03.20 11:14:53.596,0.84845,0.8486,2.60,2.60
2009.03.20 11:14:53.946,0.8485,0.84875,2.60,4.60
2009.03.20 11:14:55.056,0.84845,0.8487,2.60,4.60
2009.03.20 11:14:55.395,0.8484,0.8487,2.60,4.60
2009.03.20 11:14:55.575,0.8484,0.84865,4.20,2.60
2009.03.20 11:14:58.195,0.8485,0.8487,2.60,2.60
2009.03.20 11:14:58.604,0.8485,0.8487,5.20,2.60
2009.03.20 11:14:58.954,0.8487,0.8488,1.60,1.00
2009.03.20 11:14:59.305,0.84875,0.84885,2.60,2.60
2009.03.20 11:14:59.654,0.84875,0.8489,2.60,2.60
2009.03.20 11:15:00.044,0.84875,0.84905,6.60,2.60
2009.03.20 11:15:00.324,0.84875,0.84905,8.20,2.60
2009.03.20 11:15:00.565,0.8488,0.84905,2.60,2.60
2009.03.20 11:15:00.855,0.8488,0.849,4.20,2.60
2009.03.20 11:15:01.134,0.8488,0.849,4.00,2.60
2009.03.20 11:15:01.614,0.84885,0.849,1.20,2.60
2009.03.20 11:15:01.944,0.84875,0.849,6.60,2.60
2009.03.20 11:15:03.553,0.84885,0.8489,2.60,2.60
2009.03.20 11:15:03.823,0.8488,0.8491,1.80,3.20
2009.03.20 11:15:04.163,0.84865,0.84895,7.60,2.60
2009.03.20 11:15:04.433,0.8486,0.84895,9.60,2.60
2009.03.20 11:15:04.773,0.84855,0.84885,5.40,2.60
2009.03.20 11:15:05.283,0.8486,0.84885,1.20,2.60
2009.03.20 11:15:05.623,0.8485,0.84885,8.60,2.60
2009.03.20 11:15:05.903,0.8485,0.8488,8.20,2.60
2009.03.20 11:15:06.304,0.8485,0.84885,8.60,2.60
2009.03.20 11:15:06.703,0.8486,0.8489,2.60,2.60
2009.03.20 11:15:07.373,0.8486,0.8489,2.60,4.20
2009.03.20 11:15:07.722,0.84865,0.8488,2.60,2.60
2009.03.20 11:15:08.082,0.84855,0.8489,6.00,2.60
2009.03.20 11:15:08.432,0.84855,0.8489,4.60,2.60
2009.03.20 11:15:08.822,0.84855,0.8489,3.00,2.60
2009.03.20 11:15:09.113,0.84855,0.8488,2.60,1.40
2009.03.20 11:15:09.402,0.84855,0.8488,2.60,2.60
2009.03.20 11:15:09.752,0.84855,0.84885,2.60,2.60
2009.03.20 11:15:10.652,0.84855,0.8488,2.60,2.60
2009.03.20 11:15:11.292,0.84855,0.84885,5.80,2.60
2009.03.20 11:15:11.571,0.8486,0.84885,4.00,2.60
2009.03.20 11:15:11.852,0.8486,0.84885,2.40,2.60
2009.03.20 11:15:12.142,0.84855,0.84885,2.60,2.60
2009.03.20 11:15:12.481,0.84865,0.84895,1.00,2.60
2009.03.20 11:15:12.831,0.8486,0.84895,3.00,2.60
2009.03.20 11:15:13.171,0.84855,0.8489,7.00,2.60
2009.03.20 11:15:13.761,0.84855,0.8488,2.60,4.20
2009.03.20 11:15:14.001,0.84855,0.8488,2.60,2.60
2009.03.20 11:15:14.341,0.84845,0.8488,3.00,3.20
2009.03.20 11:15:14.861,0.84845,0.8488,5.80,2.60
2009.03.20 11:15:15.430,0.84845,0.8488,2.00,3.20
2009.03.20 11:15:15.780,0.84845,0.84875,1.80,2.60
2009.03.20 11:15:16.340,0.84845,0.84875,1.00,2.60
2009.03.20 11:15:16.570,0.8484,0.84875,7.00,2.60
2009.03.20 11:15:16.850,0.84845,0.84875,1.80,2.60
2009.03.20 11:15:17.371,0.8485,0.84875,6.80,2.60
2009.03.20 11:15:17.710,0.8485,0.84885,8.60,2.60
2009.03.20 11:15:18.450,0.84855,0.84885,1.60,2.60
2009.03.20 11:15:19.060,0.84855,0.84875,1.60,2.60
2009.03.20 11:15:19.739,0.8485,0.84875,7.20,2.60
2009.03.20 11:15:20.279,0.8485,0.8487,5.60,2.60
2009.03.20 11:15:20.620,0.8485,0.8487,2.60,2.60
2009.03.20 11:15:20.839,0.8486,0.8487,1.60,2.60
2009.03.20 11:15:21.390,0.8485,0.8487,2.60,2.60
2009.03.20 11:15:21.669,0.8485,0.8487,2.60,4.20
2009.03.20 11:15:21.879,0.8485,0.8487,5.80,2.60
2009.03.20 11:15:22.099,0.8485,0.8487,6.80,2.60
2009.03.20 11:15:22.499,0.8485,0.8487,8.20,2.60
2009.03.20 11:15:22.679,0.8486,0.84875,2.60,2.60
2009.03.20 11:15:23.798,0.8486,0.8488,2.60,2.60
2009.03.20 11:15:24.138,0.84855,0.84875,6.60,2.60
2009.03.20 11:15:24.938,0.84855,0.84875,3.80,1.00
2009.03.20 11:15:25.298,0.84865,0.8488,2.60,2.60
2009.03.20 11:15:25.628,0.84865,0.84885,2.60,2.60
2009.03.20 11:15:25.918,0.84865,0.8489,2.60,2.60
2009.03.20 11:15:26.138,0.84875,0.84885,2.60,2.60
2009.03.20 11:15:26.768,0.84875,0.8489,2.60,2.60
2009.03.20 11:15:27.598,0.84875,0.849,2.60,2.60
2009.03.20 11:15:27.877,0.84875,0.849,2.60,3.20
2009.03.20 11:15:28.208,0.84875,0.84895,2.60,2.60
2009.03.20 11:15:28.437,0.8487,0.84895,6.80,2.60
2009.03.20 11:15:28.767,0.8487,0.84905,8.60,2.60
2009.03.20 11:15:28.997,0.8487,0.84885,2.00,1.40
2009.03.20 11:15:29.287,0.8487,0.84885,1.00,2.00
2009.03.20 11:15:29.677,0.84855,0.84875,1.00,2.00
2009.03.20 11:15:30.027,0.84855,0.8486,1.00,1.00
2009.03.20 11:15:30.547,0.84835,0.8485,1.00,1.60
2009.03.20 11:15:30.897,0.8483,0.84845,1.00,1.00
2009.03.20 11:15:31.247,0.84825,0.84845,1.00,1.00
2009.03.20 11:15:31.537,0.8483,0.84845,1.00,1.00
2009.03.20 11:15:31.986,0.8482,0.84845,3.00,1.00
2009.03.20 11:15:32.267,0.84825,0.84845,2.60,1.00
2009.03.20 11:15:32.556,0.8482,0.8484,3.00,1.00
2009.03.20 11:15:33.056,0.84815,0.8484,3.00,1.20
2009.03.20 11:15:33.586,0.84815,0.84845,7.00,3.20
2009.03.20 11:15:33.916,0.8482,0.84845,2.60,3.20
2009.03.20 11:15:34.146,0.8482,0.84845,3.00,1.00
2009.03.20 11:15:35.546,0.8482,0.84845,4.80,1.00
2009.03.20 11:15:35.885,0.8482,0.8484,3.80,1.00
2009.03.20 11:15:36.106,0.8482,0.8484,3.80,1.20
2009.03.20 11:15:36.276,0.8482,0.8484,7.00,1.20
2009.03.20 11:15:36.616,0.8482,0.84845,2.60,3.20
2009.03.20 11:15:36.845,0.8482,0.8485,4.20,4.80
2009.03.20 11:15:37.245,0.8482,0.84845,3.80,1.00
2009.03.20 11:15:37.585,0.8482,0.84845,1.00,2.00
2009.03.20 11:15:37.916,0.8482,0.8483,1.00,1.00
2009.03.20 11:15:38.705,0.84815,0.8484,4.20,2.60
2009.03.20 11:15:39.165,0.84815,0.84835,4.20,1.00
2009.03.20 11:15:39.785,0.84815,0.8483,1.60,1.00
2009.03.20 11:15:40.145,0.8481,0.84835,2.60,1.00
2009.03.20 11:15:40.445,0.84815,0.84835,1.60,1.00
2009.03.20 11:15:40.865,0.8481,0.84835,3.00,1.00
2009.03.20 11:15:41.044,0.8481,0.84835,4.20,1.00
2009.03.20 11:15:41.538,0.8481,0.84835,6.60,1.00
2009.03.20 11:15:41.884,0.84815,0.8484,1.60,3.20
2009.03.20 11:15:42.994,0.8481,0.8484,6.60,3.20
2009.03.20 11:15:43.174,0.84815,0.84835,1.20,2.60
2009.03.20 11:15:43.444,0.84805,0.84835,6.60,2.60
2009.03.20 11:15:43.783,0.84805,0.84835,2.60,2.60
2009.03.20 11:15:44.134,0.84825,0.84835,4.20,2.60
2009.03.20 11:15:44.524,0.84825,0.8485,8.80,6.40
2009.03.20 11:15:44.933,0.84825,0.8485,8.80,1.20
2009.03.20 11:15:45.283,0.8483,0.8485,2.60,1.00
2009.03.20 11:15:45.713,0.84835,0.84855,2.60,1.00
2009.03.20 11:15:46.783,0.8482,0.84835,2.00,1.00
2009.03.20 11:15:47.073,0.84805,0.84835,8.80,2.00
2009.03.20 11:15:47.423,0.84805,0.8483,8.80,4.80
2009.03.20 11:15:47.712,0.84805,0.8483,8.80,2.00
2009.03.20 11:15:48.393,0.8479,0.848,7.00,1.00
2009.03.20 11:15:48.692,0.8479,0.848,5.60,1.00
2009.03.20 11:15:48.933,0.8479,0.84795,5.60,1.00
2009.03.20 11:15:49.162,0.8479,0.84795,5.20,1.00
2009.03.20 11:15:49.522,0.84775,0.84795,3.00,1.00
2009.03.20 11:15:49.862,0.84775,0.84795,2.60,1.00
2009.03.20 11:15:50.392,0.8478,0.84795,1.00,1.00
2009.03.20 11:15:50.742,0.84785,0.84815,1.00,9.20
2009.03.20 11:15:51.082,0.84785,0.84815,1.00,2.00
2009.03.20 11:15:51.482,0.8479,0.8482,1.00,1.60
2009.03.20 11:15:51.822,0.8479,0.84825,5.80,1.60
2009.03.20 11:15:52.062,0.848,0.84825,1.00,1.00
2009.03.20 11:15:52.412,0.848,0.8483,1.00,1.20
2009.03.20 11:15:52.811,0.84805,0.8483,1.00,1.00
2009.03.20 11:15:53.033,0.84805,0.84825,1.00,1.00
2009.03.20 11:15:53.381,0.848,0.84825,3.80,1.00
2009.03.20 11:15:53.771,0.848,0.84825,1.80,1.00
2009.03.20 11:15:54.131,0.848,0.84825,1.00,1.00
2009.03.20 11:15:54.421,0.848,0.8483,1.00,1.60
2009.03.20 11:15:54.811,0.848,0.84835,1.00,10.40
2009.03.20 11:15:55.151,0.84805,0.84835,2.60,6.40
2009.03.20 11:15:55.321,0.84805,0.8483,2.60,2.40
2009.03.20 11:15:55.661,0.84805,0.8483,1.00,2.00
2009.03.20 11:15:55.952,0.848,0.8483,3.00,2.00
2009.03.20 11:15:56.281,0.8481,0.8483,1.00,1.60
2009.03.20 11:15:56.610,0.8481,0.8483,1.00,1.00
2009.03.20 11:15:56.881,0.84805,0.84825,2.40,1.00
2009.03.20 11:15:57.110,0.84805,0.84825,1.00,1.00
2009.03.20 11:15:57.331,0.84805,0.8483,3.00,1.20
2009.03.20 11:15:57.850,0.8481,0.84825,1.00,1.00
2009.03.20 11:15:58.320,0.84805,0.84825,1.00,1.00
2009.03.20 11:15:58.660,0.8481,0.84825,2.00,1.00
2009.03.20 11:15:59.000,0.84815,0.8484,2.60,4.60
2009.03.20 11:15:59.360,0.84815,0.8484,3.00,2.00
2009.03.20 11:15:59.710,0.84815,0.8484,2.60,2.00
2009.03.20 11:16:00.170,0.8481,0.84835,4.40,1.00
2009.03.20 11:16:00.470,0.8481,0.8483,2.40,1.00
2009.03.20 11:16:00.750,0.8481,0.8483,2.60,2.60
2009.03.20 11:16:01.090,0.8481,0.8483,1.00,1.00
2009.03.20 11:16:01.549,0.8481,0.84825,1.00,1.00
2009.03.20 11:16:01.849,0.848,0.8483,3.40,1.00
2009.03.20 11:16:02.079,0.848,0.8483,2.00,3.20
2009.03.20 11:16:02.369,0.848,0.8483,1.60,3.20
2009.03.20 11:16:02.779,0.84795,0.84825,7.00,1.00
2009.03.20 11:16:03.239,0.84795,0.84825,6.60,3.20
2009.03.20 11:16:03.839,0.848,0.84825,3.80,3.20
2009.03.20 11:16:04.249,0.848,0.84825,6.60,3.20
2009.03.20 11:16:04.479,0.848,0.84825,6.60,1.00
2009.03.20 11:16:05.019,0.848,0.84815,2.60,2.60
2009.03.20 11:16:05.419,0.8479,0.84815,6.60,2.60
2009.03.20 11:16:06.168,0.848,0.84825,1.00,1.00
2009.03.20 11:16:06.398,0.84815,0.8483,2.60,2.60
2009.03.20 11:16:06.898,0.84815,0.84845,3.00,6.40
2009.03.20 11:16:07.068,0.84815,0.84845,3.00,1.00
2009.03.20 11:16:07.798,0.84815,0.8484,1.00,2.00
2009.03.20 11:16:08.478,0.8481,0.8484,3.00,4.60
2009.03.20 11:16:08.708,0.8481,0.8484,3.00,7.00
2009.03.20 11:16:09.048,0.848,0.84835,3.00,4.80
2009.03.20 11:16:09.347,0.848,0.84825,2.60,2.60
2009.03.20 11:16:09.757,0.848,0.8483,2.60,2.60
2009.03.20 11:16:10.378,0.848,0.84825,2.60,2.60
2009.03.20 11:16:11.007,0.848,0.8483,2.60,2.60
2009.03.20 11:16:12.557,0.848,0.84825,2.60,2.60
2009.03.20 11:16:13.077,0.848,0.8482,2.60,2.60
2009.03.20 11:16:13.476,0.84795,0.8482,6.60,2.60
2009.03.20 11:16:13.817,0.84795,0.8482,2.60,4.60
2009.03.20 11:16:14.056,0.84795,0.84815,2.60,3.20
2009.03.20 11:16:14.337,0.84785,0.8481,6.60,1.00
2009.03.20 11:16:14.636,0.84785,0.8481,5.40,1.00
2009.03.20 11:16:15.036,0.84785,0.8481,2.60,3.20
2009.03.20 11:16:15.556,0.84785,0.84805,2.60,1.00
2009.03.20 11:16:15.896,0.84785,0.84805,4.20,1.00
2009.03.20 11:16:16.136,0.84785,0.84805,8.40,1.00
2009.03.20 11:16:16.426,0.848,0.8482,2.60,2.00
2009.03.20 11:16:16.766,0.8479,0.84805,4.20,2.60
2009.03.20 11:16:17.096,0.8479,0.8481,4.20,5.20
2009.03.20 11:16:17.315,0.8479,0.8481,4.20,1.00
2009.03.20 11:16:17.495,0.8479,0.8482,4.20,4.60
2009.03.20 11:16:17.905,0.84795,0.84825,2.60,4.60
2009.03.20 11:16:18.755,0.84795,0.8483,3.00,8.00
2009.03.20 11:16:19.105,0.84795,0.84825,2.60,2.60
2009.03.20 11:16:19.615,0.84795,0.8483,3.00,9.00
2009.03.20 11:16:19.845,0.84795,0.8482,2.60,2.60
2009.03.20 11:16:20.545,0.84795,0.84825,4.20,2.60
2009.03.20 11:16:21.224,0.84795,0.84825,6.00,2.60
2009.03.20 11:16:22.574,0.84795,0.8482,1.80,2.00
2009.03.20 11:16:22.814,0.8479,0.8482,5.60,4.60
2009.03.20 11:16:23.204,0.8479,0.8482,4.20,4.60
2009.03.20 11:16:23.624,0.8479,0.8481,4.20,1.00
2009.03.20 11:16:26.015,0.8479,0.8481,2.60,1.00
2009.03.20 11:16:26.193,0.8478,0.8481,6.00,1.00
2009.03.20 11:16:26.533,0.8478,0.84815,3.00,3.20
2009.03.20 11:16:26.873,0.8478,0.84815,3.00,4.80
2009.03.20 11:16:27.103,0.8478,0.8481,7.00,1.00
2009.03.20 11:16:27.343,0.84775,0.8481,3.00,3.20
2009.03.20 11:16:27.573,0.84775,0.8481,7.00,4.60
2009.03.20 11:16:27.793,0.84775,0.84805,7.00,1.00
2009.03.20 11:16:28.253,0.84765,0.848,7.00,2.60
2009.03.20 11:16:28.553,0.8477,0.848,1.80,2.60
2009.03.20 11:16:28.893,0.8477,0.848,3.20,2.60
2009.03.20 11:16:29.063,0.8477,0.848,1.00,2.60
2009.03.20 11:16:29.242,0.84765,0.848,3.00,2.60
2009.03.20 11:16:29.932,0.84765,0.84795,2.60,2.60
2009.03.20 11:16:30.162,0.84765,0.84795,2.60,3.20
2009.03.20 11:16:30.562,0.84765,0.8479,2.60,2.60
2009.03.20 11:16:31.092,0.8477,0.8479,2.60,2.60
2009.03.20 11:16:31.622,0.8477,0.84795,2.60,2.60
2009.03.20 11:16:32.462,0.8477,0.848,2.60,4.60
2009.03.20 11:16:32.922,0.8477,0.848,4.20,3.20
2009.03.20 11:16:33.142,0.8477,0.8479,2.60,1.40
2009.03.20 11:16:33.612,0.8477,0.8479,2.60,2.20
2009.03.20 11:16:34.251,0.84765,0.8479,4.80,1.00
2009.03.20 11:16:34.601,0.84755,0.8479,11.80,2.60
2009.03.20 11:16:34.941,0.84755,0.8479,8.60,2.60
2009.03.20 11:16:35.281,0.84755,0.84785,8.20,2.60
2009.03.20 11:16:35.991,0.84765,0.8479,2.60,2.60
2009.03.20 11:16:36.221,0.84765,0.84795,2.60,2.60
2009.03.20 11:16:36.621,0.8477,0.84795,2.60,2.60
2009.03.20 11:16:37.021,0.8477,0.84795,5.60,2.60
2009.03.20 11:16:37.411,0.8479,0.848,1.60,2.60
2009.03.20 11:16:37.730,0.84795,0.8481,1.60,2.60
2009.03.20 11:16:38.180,0.84795,0.84815,1.60,2.60
2009.03.20 11:16:38.881,0.84785,0.84805,1.80,1.00
2009.03.20 11:16:39.110,0.84785,0.84805,2.00,1.00
2009.03.20 11:16:39.460,0.8479,0.84815,2.60,2.60
2009.03.20 11:16:41.740,0.84795,0.84815,2.60,2.60
2009.03.20 11:16:42.259,0.84795,0.8482,2.60,2.60
2009.03.20 11:16:42.499,0.848,0.8482,2.60,2.60
2009.03.20 11:16:43.539,0.84805,0.84825,2.60,2.60
2009.03.20 11:16:44.349,0.84805,0.8483,2.60,2.60
2009.03.20 11:16:48.318,0.84805,0.84835,3.00,1.00
2009.03.20 11:16:48.659,0.8482,0.8484,4.20,2.60
2009.03.20 11:16:48.958,0.8481,0.8484,2.60,2.60
2009.03.20 11:16:49.988,0.8481,0.84835,2.60,2.60
2009.03.20 11:16:51.127,0.8481,0.8484,2.60,2.60
2009.03.20 11:16:51.427,0.8481,0.84835,2.60,2.60
2009.03.20 11:16:52.157,0.8481,0.8483,2.60,2.60
2009.03.20 11:16:52.457,0.84805,0.8483,2.60,2.60
2009.03.20 11:16:52.577,0.84805,0.84835,2.60,3.20
2009.03.20 11:16:53.267,0.84805,0.8483,4.20,1.00
2009.03.20 11:16:55.136,0.84805,0.8483,4.80,1.00
2009.03.20 11:16:55.366,0.8481,0.8483,2.60,1.00
2009.03.20 11:16:55.836,0.84815,0.8483,1.60,1.00
2009.03.20 11:16:56.226,0.8482,0.8484,2.60,4.60
2009.03.20 11:16:56.576,0.8482,0.8484,4.20,3.20
2009.03.20 11:16:56.966,0.8483,0.8484,1.60,3.20
2009.03.20 11:16:57.356,0.8482,0.8484,2.60,2.60
2009.03.20 11:16:57.686,0.84815,0.8484,2.60,3.20
2009.03.20 11:16:59.555,0.8481,0.84835,4.20,1.00
2009.03.20 11:16:59.965,0.8481,0.84835,4.20,4.20
2009.03.20 11:17:01.465,0.84805,0.8483,4.80,1.00
2009.03.20 11:17:01.805,0.84805,0.8483,4.80,1.60
2009.03.20 11:17:01.974,0.84805,0.84825,1.60,1.00
2009.03.20 11:17:02.195,0.848,0.84825,3.00,1.00
2009.03.20 11:17:02.544,0.84795,0.8482,7.00,1.00
2009.03.20 11:17:02.884,0.84795,0.8482,1.00,1.00
2009.03.20 11:17:03.684,0.848,0.84825,2.60,3.20
2009.03.20 11:17:03.974,0.84795,0.8482,4.80,1.00
2009.03.20 11:17:04.125,0.848,0.84825,3.00,1.60
2009.03.20 11:17:04.514,0.84805,0.8483,4.20,1.60
2009.03.20 11:17:04.684,0.84805,0.8483,4.20,2.60
2009.03.20 11:17:05.704,0.8481,0.84825,3.20,2.60
2009.03.20 11:17:05.934,0.84805,0.84825,4.20,2.60
2009.03.20 11:17:06.204,0.8481,0.84835,2.60,2.60
2009.03.20 11:17:06.486,0.8481,0.8484,2.60,2.60
2009.03.20 11:17:06.824,0.84815,0.8484,2.60,2.60
2009.03.20 11:17:07.123,0.84815,0.84835,2.60,2.60
2009.03.20 11:17:07.823,0.84815,0.8484,2.60,3.20
2009.03.20 11:17:08.113,0.84815,0.84835,2.60,1.00
2009.03.20 11:17:08.383,0.84815,0.84835,2.60,2.60
2009.03.20 11:17:08.783,0.8482,0.84835,2.60,2.60
2009.03.20 11:17:09.233,0.8481,0.8484,8.20,3.20
2009.03.20 11:17:09.633,0.8481,0.8483,4.20,1.00
2009.03.20 11:17:09.922,0.84805,0.8483,9.80,1.00
2009.03.20 11:17:10.273,0.84805,0.8483,3.80,3.20
2009.03.20 11:17:10.443,0.8482,0.8483,2.60,2.60
2009.03.20 11:17:10.883,0.8482,0.8484,2.60,3.20
2009.03.20 11:17:11.062,0.8482,0.8484,2.60,1.00
2009.03.20 11:17:11.712,0.84815,0.84835,7.40,1.00
2009.03.20 11:17:12.182,0.84815,0.84835,4.80,1.00
2009.03.20 11:17:12.472,0.8481,0.84835,2.60,1.00
2009.03.20 11:17:12.752,0.8481,0.84835,2.60,3.20
2009.03.20 11:17:13.422,0.8481,0.84835,3.00,1.00
2009.03.20 11:17:14.571,0.84815,0.84835,2.60,1.00
2009.03.20 11:17:14.861,0.84815,0.84835,7.40,1.00
2009.03.20 11:17:15.491,0.84815,0.84835,4.20,1.00
2009.03.20 11:17:15.953,0.8481,0.8483,4.80,1.20
2009.03.20 11:17:16.361,0.8481,0.8483,4.80,2.40
2009.03.20 11:17:16.481,0.8481,0.8483,4.20,3.40
2009.03.20 11:17:16.871,0.8481,0.8483,4.20,2.00
2009.03.20 11:17:19.430,0.8481,0.8483,4.20,3.40
2009.03.20 11:17:19.811,0.8482,0.84835,4.20,1.60
2009.03.20 11:17:20.030,0.8482,0.8484,2.60,1.00
2009.03.20 11:17:20.260,0.8482,0.8484,2.60,2.00
2009.03.20 11:17:20.610,0.84815,0.8484,11.20,2.00
2009.03.20 11:17:20.890,0.84815,0.8484,6.40,2.00
2009.03.20 11:17:21.590,0.84815,0.8484,4.40,2.00
2009.03.20 11:17:21.870,0.8482,0.84845,2.60,2.00
2009.03.20 11:17:22.210,0.84815,0.84845,8.60,1.00
2009.03.20 11:17:22.500,0.8482,0.84845,1.80,1.00
2009.03.20 11:17:24.259,0.84825,0.84845,2.60,1.00
2009.03.20 11:17:27.998,0.84825,0.8485,2.60,1.20
2009.03.20 11:17:28.168,0.84825,0.8485,2.60,1.00
2009.03.20 11:17:32.187,0.84825,0.8485,2.60,3.20
2009.03.20 11:17:32.707,0.8482,0.8484,4.40,1.00
2009.03.20 11:17:32.867,0.8482,0.8484,3.00,1.00
2009.03.20 11:17:32.977,0.84825,0.8485,2.60,1.00
2009.03.20 11:17:34.936,0.84825,0.8485,2.60,3.20
2009.03.20 11:17:35.636,0.84825,0.8484,2.60,1.40
2009.03.20 11:17:35.747,0.84825,0.84835,2.60,4.20
2009.03.20 11:17:35.966,0.84815,0.8483,4.00,1.00
2009.03.20 11:17:36.027,0.8481,0.8483,2.60,1.20
2009.03.20 11:17:36.206,0.8481,0.8483,2.60,2.40
2009.03.20 11:17:36.307,0.8481,0.8482,2.60,1.60
2009.03.20 11:17:36.477,0.84805,0.8482,2.60,1.60
2009.03.20 11:17:36.766,0.848,0.8482,3.00,1.60
2009.03.20 11:17:37.156,0.848,0.8482,2.60,1.60
2009.03.20 11:17:37.686,0.84795,0.84815,2.60,2.00
2009.03.20 11:17:38.016,0.8479,0.8481,2.60,1.60
2009.03.20 11:17:38.766,0.8479,0.84805,2.60,1.60
2009.03.20 11:17:39.096,0.8478,0.84805,2.60,2.00
2009.03.20 11:17:39.256,0.8478,0.84805,4.20,2.00
2009.03.20 11:17:39.605,0.8478,0.84805,4.20,4.80
2009.03.20 11:17:40.735,0.8478,0.84805,4.20,2.00
2009.03.20 11:17:41.945,0.84795,0.8481,4.20,3.40
2009.03.20 11:17:42.005,0.848,0.8482,1.60,9.20
2009.03.20 11:17:42.295,0.8479,0.8482,3.00,4.20
2009.03.20 11:17:42.575,0.848,0.8482,2.60,1.60
2009.03.20 11:17:44.464,0.8481,0.8482,1.60,1.60
2009.03.20 11:17:44.764,0.8481,0.8482,4.20,1.60
2009.03.20 11:17:44.994,0.8481,0.8482,2.60,1.60
2009.03.20 11:17:48.143,0.84815,0.8482,1.60,1.60
2009.03.20 11:17:48.523,0.8482,0.84825,2.60,2.40
2009.03.20 11:17:48.923,0.84815,0.84835,2.60,1.60
2009.03.20 11:17:50.233,0.8481,0.8483,8.40,1.60
2009.03.20 11:17:51.503,0.8481,0.8483,4.20,1.60
2009.03.20 11:17:52.132,0.84805,0.8483,8.80,2.00
2009.03.20 11:17:52.303,0.84805,0.8483,8.40,2.00
2009.03.20 11:17:52.633,0.84805,0.8482,2.60,1.60
2009.03.20 11:17:52.982,0.848,0.84815,2.60,1.60
2009.03.20 11:17:53.332,0.8479,0.8482,5.80,1.00
2009.03.20 11:17:53.683,0.8479,0.8482,1.80,1.20
2009.03.20 11:17:54.022,0.84785,0.8482,7.00,3.20
2009.03.20 11:17:54.742,0.84785,0.84815,6.60,2.60
2009.03.20 11:17:55.092,0.84785,0.84795,3.80,1.60
2009.03.20 11:17:55.372,0.84775,0.8479,2.60,1.00
2009.03.20 11:17:55.712,0.8477,0.84795,1.00,1.00
2009.03.20 11:17:56.002,0.84755,0.84785,9.80,2.60
2009.03.20 11:17:56.281,0.84755,0.84785,1.80,2.60
2009.03.20 11:17:56.581,0.8476,0.8479,1.60,2.60
2009.03.20 11:17:56.921,0.8478,0.848,2.60,3.60
2009.03.20 11:17:57.321,0.84785,0.84795,2.60,4.80
2009.03.20 11:17:57.621,0.8479,0.84815,2.60,3.20
2009.03.20 11:17:58.131,0.84795,0.8482,2.60,8.60
2009.03.20 11:17:58.531,0.84795,0.84825,2.60,3.20
2009.03.20 11:17:58.931,0.848,0.84825,2.60,3.20
2009.03.20 11:17:59.211,0.8481,0.8483,2.60,2.60
2009.03.20 11:17:59.511,0.8481,0.8483,3.60,2.60
2009.03.20 11:17:59.752,0.84815,0.84845,2.60,3.20
2009.03.20 11:18:00.100,0.84815,0.8484,2.60,2.60
2009.03.20 11:18:00.440,0.84815,0.84835,4.20,2.60
2009.03.20 11:18:00.790,0.84815,0.8484,5.40,2.60
2009.03.20 11:18:01.240,0.84815,0.84845,8.20,2.60
2009.03.20 11:18:01.650,0.8482,0.8485,4.20,2.60
2009.03.20 11:18:01.950,0.84825,0.84855,2.60,2.60
2009.03.20 11:18:02.680,0.8483,0.84855,2.60,2.60
2009.03.20 11:18:03.700,0.8482,0.84845,2.60,2.60
2009.03.20 11:18:04.040,0.8482,0.84845,4.20,2.60
2009.03.20 11:18:04.559,0.84825,0.84845,4.20,2.60
2009.03.20 11:18:05.330,0.8483,0.8485,2.60,2.60
2009.03.20 11:18:05.509,0.8483,0.84855,2.60,2.60
2009.03.20 11:18:05.739,0.84825,0.84855,1.60,2.60
2009.03.20 11:18:06.029,0.84835,0.8486,1.60,2.60
2009.03.20 11:18:06.249,0.84845,0.8486,4.00,2.60
2009.03.20 11:18:06.679,0.84845,0.84865,5.80,5.80
2009.03.20 11:18:07.269,0.84845,0.84875,3.00,2.60
2009.03.20 11:18:07.669,0.84845,0.8488,3.00,3.20
2009.03.20 11:18:07.940,0.84845,0.8487,3.80,2.60
2009.03.20 11:18:08.749,0.84845,0.84875,2.60,3.20
2009.03.20 11:18:09.279,0.8484,0.84875,3.00,10.40
2009.03.20 11:18:09.520,0.84835,0.84865,7.00,1.00
2009.03.20 11:18:09.928,0.8484,0.84865,1.00,1.60
2009.03.20 11:18:10.158,0.8484,0.8486,1.00,8.20
2009.03.20 11:18:10.438,0.8484,0.8485,1.00,1.00
2009.03.20 11:18:10.788,0.84825,0.8485,1.00,1.00
2009.03.20 11:18:11.588,0.8483,0.84855,1.60,3.20
2009.03.20 11:18:11.868,0.84825,0.84855,2.60,4.60
2009.03.20 11:18:12.208,0.84825,0.8485,4.20,1.20
2009.03.20 11:18:12.937,0.84825,0.8485,4.20,4.00
2009.03.20 11:18:13.437,0.8482,0.8484,4.20,2.00
2009.03.20 11:18:13.787,0.8482,0.8484,4.80,2.00
2009.03.20 11:18:14.477,0.8482,0.84835,1.60,1.00
2009.03.20 11:18:14.867,0.8482,0.8484,4.20,3.20
2009.03.20 11:18:15.227,0.8482,0.8484,1.60,4.80
2009.03.20 11:18:15.567,0.8482,0.84845,4.20,3.20
2009.03.20 11:18:16.547,0.8483,0.84845,4.20,2.60
2009.03.20 11:18:16.767,0.8483,0.8485,4.20,3.20
2009.03.20 11:18:17.106,0.8483,0.8485,4.20,1.00
2009.03.20 11:18:18.216,0.8483,0.8485,2.60,2.80
2009.03.20 11:18:18.616,0.8482,0.8484,4.20,1.00
2009.03.20 11:18:19.906,0.84825,0.84845,4.20,1.00
2009.03.20 11:18:20.426,0.84825,0.84845,5.80,1.00
2009.03.20 11:18:20.786,0.84825,0.84845,8.40,1.00
2009.03.20 11:18:21.265,0.8483,0.84845,1.60,1.00
2009.03.20 11:18:21.375,0.8483,0.8485,4.20,1.20
2009.03.20 11:18:21.945,0.84835,0.8485,2.60,1.00
2009.03.20 11:18:22.295,0.84835,0.8486,3.80,3.20
2009.03.20 11:18:22.625,0.8484,0.84865,2.60,1.60
2009.03.20 11:18:23.945,0.8484,0.84865,3.00,1.60
2009.03.20 11:18:24.335,0.8484,0.84865,2.60,1.60
2009.03.20 11:18:24.625,0.8484,0.84865,3.00,1.60
2009.03.20 11:18:24.915,0.8484,0.84865,2.60,1.60
2009.03.20 11:18:25.214,0.84835,0.84865,7.80,2.00
2009.03.20 11:18:25.454,0.84835,0.8486,7.80,1.60
2009.03.20 11:18:25.565,0.84835,0.8486,7.20,1.60
2009.03.20 11:18:25.845,0.84835,0.8486,2.60,2.00
2009.03.20 11:18:26.014,0.84835,0.8486,4.20,2.00
2009.03.20 11:18:26.124,0.84835,0.8486,4.20,3.20
2009.03.20 11:18:26.464,0.84835,0.8486,4.20,1.00
2009.03.20 11:18:27.014,0.84835,0.8486,2.60,1.00
2009.03.20 11:18:27.284,0.84835,0.8486,4.20,1.00
2009.03.20 11:18:28.374,0.8484,0.8486,1.60,1.00
2009.03.20 11:18:28.614,0.84835,0.8486,4.20,1.00
2009.03.20 11:18:29.193,0.8484,0.84865,4.20,3.20
2009.03.20 11:18:29.753,0.84845,0.8487,2.60,3.20
2009.03.20 11:18:30.434,0.84825,0.8485,8.80,2.00
2009.03.20 11:18:30.903,0.8483,0.8485,5.80,1.00
2009.03.20 11:18:31.023,0.84835,0.84855,2.60,2.60
2009.03.20 11:18:31.523,0.8483,0.8485,4.20,2.60
2009.03.20 11:18:31.863,0.84825,0.8485,6.60,2.60
2009.03.20 11:18:32.313,0.84825,0.8485,5.20,2.60
2009.03.20 11:18:32.703,0.8482,0.8485,4.00,2.60
2009.03.20 11:18:32.993,0.8482,0.84845,2.40,2.60
2009.03.20 11:18:33.222,0.84825,0.84845,1.20,2.60
2009.03.20 11:18:33.683,0.84815,0.84835,4.00,2.60
2009.03.20 11:18:34.082,0.84815,0.84835,2.40,2.60
2009.03.20 11:18:34.382,0.84815,0.8483,2.60,2.60
2009.03.20 11:18:34.722,0.84815,0.8484,2.60,2.60
2009.03.20 11:18:35.412,0.8481,0.84835,4.00,2.60
2009.03.20 11:18:36.262,0.8481,0.84835,2.40,2.60
2009.03.20 11:18:36.442,0.84805,0.84835,7.00,2.60
2009.03.20 11:18:36.612,0.84805,0.84835,6.60,2.60
2009.03.20 11:18:36.832,0.84805,0.84835,8.20,2.60
2009.03.20 11:18:37.562,0.84805,0.84825,2.80,2.60
2009.03.20 11:18:37.621,0.848,0.84825,4.00,2.60
2009.03.20 11:18:38.681,0.848,0.84825,5.60,2.60
2009.03.20 11:18:39.181,0.84795,0.84825,7.00,2.60
2009.03.20 11:18:39.681,0.84795,0.84815,2.80,2.60
2009.03.20 11:18:39.911,0.8479,0.84815,4.00,2.60
2009.03.20 11:18:40.600,0.8479,0.8481,4.00,2.60
2009.03.20 11:18:40.941,0.84785,0.8481,9.80,2.60
2009.03.20 11:18:41.060,0.84795,0.8481,2.60,2.60
2009.03.20 11:18:41.461,0.84795,0.84815,2.60,2.60
2009.03.20 11:18:41.680,0.84795,0.8482,2.60,2.60
2009.03.20 11:18:42.740,0.848,0.8482,2.60,2.60
2009.03.20 11:18:43.210,0.848,0.84825,2.60,2.60
2009.03.20 11:18:44.130,0.8481,0.84825,2.60,2.60
2009.03.20 11:18:44.350,0.84815,0.84825,3.00,4.80
2009.03.20 11:18:44.700,0.84815,0.8486,3.00,4.20
2009.03.20 11:18:45.109,0.84815,0.84855,2.60,2.60
2009.03.20 11:18:45.449,0.8482,0.8486,1.00,3.20
2009.03.20 11:18:45.739,0.8482,0.8485,1.00,1.60
2009.03.20 11:18:49.728,0.8481,0.8484,7.00,2.60
2009.03.20 11:18:50.068,0.8481,0.8484,1.80,3.20
2009.03.20 11:18:50.288,0.8481,0.8484,1.80,1.00
2009.03.20 11:18:50.688,0.84805,0.8484,3.00,3.20
2009.03.20 11:18:51.498,0.84805,0.8484,5.80,3.20
2009.03.20 11:18:51.668,0.84805,0.8484,7.00,3.20
2009.03.20 11:18:53.438,0.84805,0.84835,7.00,2.60
2009.03.20 11:18:54.357,0.84805,0.8484,7.00,3.20
2009.03.20 11:18:59.756,0.84815,0.84845,6.00,2.60
2009.03.20 11:19:02.956,0.8482,0.8485,2.60,2.60
2009.03.20 11:19:03.545,0.8482,0.84855,3.00,3.20
2009.03.20 11:19:03.785,0.8482,0.8485,1.80,2.60
2009.03.20 11:19:04.065,0.84815,0.8485,7.00,2.60
2009.03.20 11:19:04.395,0.84815,0.8485,8.60,2.60
2009.03.20 11:19:04.675,0.8482,0.84855,3.00,3.20
2009.03.20 11:19:05.025,0.8482,0.84845,2.60,2.60
2009.03.20 11:19:06.324,0.8482,0.84845,4.20,2.60
2009.03.20 11:19:06.564,0.8483,0.84845,1.60,2.60
2009.03.20 11:19:06.685,0.8483,0.84855,4.20,2.60
2009.03.20 11:19:07.464,0.8483,0.84855,2.60,2.60
2009.03.20 11:19:07.574,0.84825,0.84855,2.60,2.60
2009.03.20 11:19:08.044,0.84825,0.8485,2.60,2.60
2009.03.20 11:19:08.744,0.8483,0.84855,2.60,2.60
2009.03.20 11:19:09.154,0.84825,0.84845,3.60,1.00
2009.03.20 11:19:09.484,0.84825,0.84845,1.80,1.00
2009.03.20 11:19:09.664,0.8482,0.84845,4.20,1.00
2009.03.20 11:19:11.513,0.8482,0.84845,4.20,1.60
2009.03.20 11:19:12.123,0.8482,0.84845,4.20,3.20
2009.03.20 11:19:12.463,0.8482,0.8484,4.20,3.20
2009.03.20 11:19:12.633,0.8482,0.8484,2.60,2.00
2009.03.20 11:19:14.832,0.84825,0.84845,2.60,3.20
2009.03.20 11:19:14.942,0.84825,0.84845,2.60,1.60
2009.03.20 11:19:15.392,0.84825,0.8485,2.60,3.20
2009.03.20 11:19:20.232,0.84825,0.8485,2.60,4.60
2009.03.20 11:19:20.402,0.8482,0.84845,2.60,3.20
2009.03.20 11:19:20.741,0.84815,0.84835,2.60,1.40
2009.03.20 11:19:21.311,0.84815,0.8484,2.60,2.60
2009.03.20 11:19:21.531,0.84805,0.84835,6.60,2.60
2009.03.20 11:19:21.801,0.84815,0.84835,1.60,4.80
2009.03.20 11:19:22.270,0.84805,0.84835,2.60,4.80
2009.03.20 11:19:22.881,0.84825,0.84835,2.60,2.60
2009.03.20 11:19:23.161,0.8482,0.8484,2.60,1.00
2009.03.20 11:19:23.751,0.84825,0.84845,2.60,3.20
2009.03.20 11:19:24.040,0.84825,0.84845,2.60,1.00
2009.03.20 11:19:24.270,0.84835,0.8485,1.60,2.60
2009.03.20 11:19:24.720,0.84825,0.8484,2.60,2.20
2009.03.20 11:19:24.960,0.84815,0.84835,6.60,1.00
2009.03.20 11:19:25.240,0.84825,0.84835,2.90,2.60
2009.03.20 11:19:25.630,0.84835,0.84845,1.60,2.60
2009.03.20 11:19:25.810,0.84835,0.8485,1.60,2.60
2009.03.20 11:19:26.159,0.84835,0.84845,1.60,2.00
2009.03.20 11:19:26.380,0.8482,0.84845,2.80,2.00
2009.03.20 11:19:26.610,0.84815,0.84845,6.60,2.60
2009.03.20 11:19:26.839,0.84815,0.84845,4.00,2.60
2009.03.20 11:19:27.069,0.84815,0.8484,4.00,2.60
2009.03.20 11:19:27.679,0.8481,0.8484,8.20,2.60
2009.03.20 11:19:27.899,0.8481,0.8484,5.40,2.60
2009.03.20 11:19:28.069,0.8481,0.8484,4.20,2.60
2009.03.20 11:19:28.919,0.8481,0.8484,2.60,2.60
2009.03.20 11:19:29.249,0.8482,0.8484,1.60,2.60
2009.03.20 11:19:29.359,0.8482,0.8484,4.20,2.60
2009.03.20 11:19:29.699,0.8482,0.84845,4.20,2.60
2009.03.20 11:19:38.267,0.8482,0.84845,2.60,2.00
2009.03.20 11:19:38.487,0.8482,0.84845,2.60,2.40
2009.03.20 11:19:39.107,0.8482,0.84845,4.20,2.40
2009.03.20 11:19:39.616,0.8482,0.84845,2.60,2.40
2009.03.20 11:19:39.776,0.84815,0.8484,4.80,1.00
2009.03.20 11:19:40.417,0.84815,0.8484,4.20,1.00
2009.03.20 11:19:40.656,0.84815,0.8484,2.60,1.00
2009.03.20 11:19:40.876,0.8481,0.84835,1.80,1.00
2009.03.20 11:19:41.156,0.8481,0.84835,1.60,2.80
2009.03.20 11:19:41.436,0.848,0.8482,7.00,1.60
2009.03.20 11:19:41.766,0.84795,0.8482,3.00,1.60
2009.03.20 11:19:41.986,0.84785,0.84815,7.20,1.00
2009.03.20 11:19:42.316,0.8478,0.8481,4.20,2.60
2009.03.20 11:19:42.656,0.8479,0.8481,2.60,2.60
2009.03.20 11:19:42.996,0.8479,0.8481,4.20,2.60
2009.03.20 11:19:43.345,0.8479,0.8481,5.80,2.60
2009.03.20 11:19:43.745,0.8479,0.84815,7.20,2.60
2009.03.20 11:19:44.235,0.8479,0.84825,7.60,2.60
2009.03.20 11:19:44.645,0.8479,0.8482,7.20,2.60
2009.03.20 11:19:45.105,0.8479,0.8482,8.20,2.60
2009.03.20 11:19:45.615,0.8479,0.84815,8.20,2.60
2009.03.20 11:19:46.395,0.8479,0.84815,6.60,2.60
2009.03.20 11:19:46.625,0.84785,0.84805,5.00,2.60
2009.03.20 11:19:46.926,0.8479,0.84805,2.60,2.60
2009.03.20 11:19:47.325,0.84785,0.84805,4.20,2.60
2009.03.20 11:19:47.554,0.84785,0.8481,4.20,3.20
2009.03.20 11:19:47.834,0.8478,0.84805,2.60,3.20
2009.03.20 11:19:48.124,0.8478,0.848,1.60,3.20
2009.03.20 11:19:48.814,0.8478,0.84805,2.60,9.20
2009.03.20 11:19:49.044,0.8478,0.84805,2.60,3.20
2009.03.20 11:19:49.264,0.84785,0.84805,2.60,3.20
2009.03.20 11:19:50.264,0.84785,0.8481,2.60,3.20
2009.03.20 11:19:50.904,0.84785,0.84805,2.60,2.60
2009.03.20 11:19:51.254,0.84785,0.84805,4.20,2.60
2009.03.20 11:19:51.423,0.84785,0.84805,2.60,2.60
2009.03.20 11:19:51.903,0.84785,0.8481,2.60,3.20
2009.03.20 11:19:52.063,0.84785,0.84805,4.20,2.60
2009.03.20 11:19:52.363,0.84785,0.8481,2.60,3.20
2009.03.20 11:19:52.543,0.84785,0.8481,4.20,3.20
2009.03.20 11:19:53.123,0.84785,0.84805,4.20,2.60
2009.03.20 11:19:54.443,0.84785,0.8481,4.20,3.20
2009.03.20 11:19:54.873,0.84785,0.8481,5.40,3.20
2009.03.20 11:19:55.112,0.84785,0.8481,15.00,3.20
2009.03.20 11:19:55.402,0.8479,0.84815,2.60,2.60
2009.03.20 11:19:56.702,0.84795,0.84815,2.60,2.60
2009.03.20 11:19:58.002,0.8479,0.84815,4.20,2.60
2009.03.20 11:19:58.452,0.84795,0.84815,2.60,2.60
2009.03.20 11:19:59.992,0.8479,0.8482,8.40,3.20
2009.03.20 11:20:00.501,0.8479,0.84815,4.20,2.60
2009.03.20 11:20:00.781,0.8479,0.84815,2.60,2.60
2009.03.20 11:20:01.811,0.84795,0.84815,2.60,2.60
2009.03.20 11:20:02.041,0.8479,0.84815,2.60,3.20
2009.03.20 11:20:02.281,0.84795,0.84815,2.60,2.60
2009.03.20 11:20:04.161,0.84795,0.84815,4.20,2.60
2009.03.20 11:20:04.270,0.84795,0.8482,4.20,3.20
2009.03.20 11:20:04.570,0.848,0.8482,1.60,2.60
2009.03.20 11:20:04.900,0.84795,0.8482,8.40,3.20
2009.03.20 11:20:13.338,0.848,0.8482,1.60,3.20
2009.03.20 11:20:13.548,0.848,0.8482,1.60,2.60
2009.03.20 11:20:13.898,0.848,0.8482,2.80,2.60
2009.03.20 11:20:14.238,0.848,0.8482,5.60,2.60
2009.03.20 11:20:14.588,0.848,0.84825,8.40,2.60
2009.03.20 11:20:14.988,0.848,0.84825,7.00,2.60
2009.03.20 11:20:15.317,0.84795,0.8482,8.40,3.20
2009.03.20 11:20:15.818,0.84795,0.8482,10.00,3.20
2009.03.20 11:20:15.987,0.848,0.8483,2.60,9.20
2009.03.20 11:20:16.218,0.84795,0.8483,7.00,4.40
2009.03.20 11:20:16.387,0.848,0.84825,1.60,2.60
2009.03.20 11:20:16.737,0.84805,0.84835,2.60,2.60
2009.03.20 11:20:17.927,0.84805,0.8483,2.60,2.60
2009.03.20 11:20:18.097,0.848,0.8483,6.60,3.20
2009.03.20 11:20:18.437,0.848,0.8483,3.80,3.20
2009.03.20 11:20:18.607,0.8481,0.8483,3.80,2.60
2009.03.20 11:20:19.227,0.8481,0.84835,6.60,2.60
2009.03.20 11:20:22.266,0.8478,0.84815,2.80,2.60
2009.03.20 11:20:22.826,0.84775,0.848,4.00,2.60
2009.03.20 11:20:23.226,0.84785,0.848,4.20,2.60
2009.03.20 11:20:23.576,0.84795,0.848,5.80,5.80
2009.03.20 11:20:28.145,0.84815,0.84835,2.60,2.60
2009.03.20 11:20:28.375,0.8482,0.8484,2.60,2.60
2009.03.20 11:20:28.724,0.8482,0.84845,2.60,2.60
2009.03.20 11:20:29.624,0.84815,0.8484,2.80,3.20
2009.03.20 11:20:29.854,0.84825,0.84845,4.20,3.20
2009.03.20 11:20:30.134,0.84835,0.8485,1.60,1.00
2009.03.20 11:20:30.488,0.8483,0.84855,2.60,3.20
2009.03.20 11:20:30.894,0.8483,0.8485,2.60,2.60
2009.03.20 11:20:31.074,0.84835,0.84855,1.60,3.20
2009.03.20 11:20:31.304,0.84835,0.8485,1.60,2.60
2009.03.20 11:20:31.484,0.84815,0.84835,10.40,1.00
2009.03.20 11:20:31.714,0.8482,0.84845,2.60,1.60
2009.03.20 11:20:32.064,0.8482,0.84835,1.60,3.20
2009.03.20 11:20:32.294,0.8482,0.8483,1.60,2.60
2009.03.20 11:20:33.623,0.8482,0.84835,1.60,1.00
2009.03.20 11:20:39.102,0.8481,0.84835,1.60,3.20
2009.03.20 11:20:39.392,0.8481,0.8483,1.60,1.00
2009.03.20 11:20:39.612,0.848,0.8482,1.80,1.00
2009.03.20 11:20:42.082,0.84785,0.84815,4.00,3.20
2009.03.20 11:20:42.441,0.8479,0.8481,1.60,1.00
2009.03.20 11:20:43.471,0.8478,0.848,4.00,1.00
2009.03.20 11:20:43.981,0.84775,0.848,8.40,1.00
2009.03.20 11:20:44.571,0.8478,0.84805,2.60,3.20
2009.03.20 11:20:44.801,0.84785,0.8481,2.60,2.60
2009.03.20 11:20:45.143,0.84785,0.84815,2.60,4.00
2009.03.20 11:20:45.491,0.8478,0.8481,6.60,2.60
2009.03.20 11:20:46.180,0.8478,0.8481,8.20,2.60
2009.03.20 11:20:46.360,0.8478,0.84815,8.60,2.60
2009.03.20 11:20:48.170,0.84785,0.84815,1.80,2.60
2009.03.20 11:20:48.700,0.8479,0.8482,1.80,3.20
2009.03.20 11:20:49.599,0.8479,0.8482,1.80,1.60
2009.03.20 11:20:49.889,0.84785,0.8482,8.60,3.20
2009.03.20 11:20:54.868,0.8479,0.8482,1.80,3.20
2009.03.20 11:20:55.318,0.8479,0.8482,1.80,1.00
2009.03.20 11:20:55.888,0.8479,0.8482,7.00,1.00
2009.03.20 11:20:56.988,0.8479,0.8482,2.00,1.00
2009.03.20 11:20:57.048,0.8479,0.8482,3.40,1.00
2009.03.20 11:21:02.426,0.848,0.8482,1.60,1.00
2009.03.20 11:21:02.606,0.84805,0.8483,2.60,4.80
2009.03.20 11:21:02.776,0.8481,0.8484,7.00,2.80
2009.03.20 11:21:02.886,0.8481,0.84835,7.00,1.40
2009.03.20 11:21:04.836,0.8481,0.8484,7.00,2.00
2009.03.20 11:21:05.185,0.8481,0.8484,7.00,1.20
2009.03.20 11:21:05.406,0.8481,0.8484,6.00,1.20
2009.03.20 11:21:05.796,0.848,0.84835,4.40,3.20
2009.03.20 11:21:06.075,0.848,0.84835,1.80,3.20
2009.03.20 11:21:08.225,0.848,0.84835,2.80,3.20
2009.03.20 11:21:08.445,0.848,0.84835,3.00,3.20
2009.03.20 11:21:08.785,0.84805,0.84825,1.20,2.60
2009.03.20 11:21:09.595,0.84795,0.84825,5.60,2.60
2009.03.20 11:21:09.774,0.84795,0.8482,4.00,2.60
2009.03.20 11:21:10.214,0.84795,0.8482,8.20,2.60
2009.03.20 11:21:10.604,0.84805,0.84825,1.20,2.60
2009.03.20 11:21:12.154,0.84805,0.8482,1.20,2.60
2009.03.20 11:21:12.274,0.8479,0.8482,4.00,3.20
2009.03.20 11:21:12.504,0.8479,0.84825,7.00,2.60
2009.03.20 11:21:12.744,0.8479,0.84825,4.40,2.60
2009.03.20 11:21:13.014,0.8479,0.8482,3.80,2.60
2009.03.20 11:21:14.783,0.84795,0.84815,1.20,1.00
2009.03.20 11:21:15.183,0.8479,0.8482,3.80,4.80
2009.03.20 11:21:15.363,0.8479,0.8482,4.40,2.00
2009.03.20 11:21:15.713,0.84785,0.84815,7.00,1.00
2009.03.20 11:21:15.883,0.848,0.8482,2.60,3.20
2009.03.20 11:21:16.103,0.848,0.8482,3.00,6.40
2009.03.20 11:21:16.273,0.848,0.8482,2.60,1.00
2009.03.20 11:21:19.502,0.84805,0.84825,2.60,1.00
2009.03.20 11:21:20.252,0.84795,0.8482,7.00,1.00
2009.03.20 11:21:20.552,0.84795,0.8482,3.80,1.20
2009.03.20 11:21:20.882,0.8479,0.84815,3.80,1.00
2009.03.20 11:21:21.172,0.84785,0.84815,7.00,1.00
2009.03.20 11:21:22.361,0.84785,0.84815,7.00,2.00
2009.03.20 11:21:22.532,0.84785,0.84815,4.40,2.00
2009.03.20 11:21:22.771,0.84785,0.84815,2.40,4.80
2009.03.20 11:21:22.991,0.8478,0.84815,7.00,4.80
2009.03.20 11:21:24.201,0.84785,0.84815,2.40,3.20
2009.03.20 11:21:24.541,0.84785,0.84815,7.00,6.40
2009.03.20 11:21:25.001,0.8479,0.84815,2.80,1.00
2009.03.20 11:21:26.170,0.8479,0.8482,3.40,2.60
2009.03.20 11:21:26.601,0.8479,0.8482,2.80,2.60
2009.03.20 11:21:30.419,0.8479,0.8482,1.80,1.00
2009.03.20 11:21:31.100,0.8479,0.84815,1.00,2.00
2009.03.20 11:21:31.449,0.8478,0.84815,7.00,4.80
2009.03.20 11:21:31.839,0.84785,0.8481,2.60,2.60
2009.03.20 11:21:32.669,0.8478,0.8481,3.00,4.80
2009.03.20 11:21:33.109,0.8478,0.8481,3.00,2.00
2009.03.20 11:21:33.509,0.8478,0.84815,7.00,3.20
2009.03.20 11:21:34.678,0.8478,0.8481,7.00,1.60
2009.03.20 11:21:35.039,0.8478,0.8481,8.20,2.60
2009.03.20 11:21:35.808,0.8478,0.84815,8.60,2.60
2009.03.20 11:21:38.028,0.8478,0.84805,5.60,1.00
2009.03.20 11:21:38.258,0.8478,0.848,2.60,2.60
2009.03.20 11:21:38.548,0.8478,0.84805,6.60,2.60
2009.03.20 11:21:39.287,0.8478,0.8481,6.60,2.60
2009.03.20 11:21:40.457,0.8479,0.8481,2.60,2.60
2009.03.20 11:21:40.997,0.8479,0.84815,2.60,2.60
2009.03.20 11:21:41.287,0.8479,0.8482,2.60,2.60
2009.03.20 11:21:44.436,0.8479,0.8482,2.60,8.00
2009.03.20 11:21:44.766,0.8479,0.84815,3.00,1.00
2009.03.20 11:21:45.066,0.84775,0.848,4.20,3.20
2009.03.20 11:21:45.346,0.84775,0.848,2.60,2.60
2009.03.20 11:21:45.856,0.8477,0.84805,4.60,2.60
2009.03.20 11:21:46.376,0.84775,0.84795,2.60,2.60
2009.03.20 11:21:46.716,0.8477,0.84795,2.60,3.20
2009.03.20 11:21:46.775,0.84775,0.84795,1.60,3.20
2009.03.20 11:21:47.277,0.8477,0.84795,8.20,1.00
2009.03.20 11:21:47.616,0.84775,0.848,5.20,2.60
2009.03.20 11:21:48.025,0.84785,0.8482,3.00,3.20
2009.03.20 11:21:48.315,0.84785,0.8482,4.60,3.20
2009.03.20 11:21:48.605,0.84785,0.8482,6.00,3.20
2009.03.20 11:21:48.875,0.84795,0.84815,1.60,1.00
2009.03.20 11:21:49.385,0.848,0.84825,1.60,3.20
2009.03.20 11:21:49.725,0.84805,0.84825,2.60,2.60
2009.03.20 11:21:51.664,0.84815,0.84825,4.20,2.60
2009.03.20 11:21:52.064,0.8481,0.8483,4.20,2.60
2009.03.20 11:21:52.464,0.84805,0.8483,2.60,2.60
2009.03.20 11:21:52.874,0.84805,0.8482,2.60,2.60
2009.03.20 11:21:53.754,0.8481,0.84825,2.60,2.60
2009.03.20 11:21:54.164,0.8481,0.8483,8.20,2.60
2009.03.20 11:21:54.674,0.8481,0.8483,6.60,2.60
2009.03.20 11:21:56.553,0.84815,0.8483,1.20,2.60
2009.03.20 11:21:56.793,0.84805,0.8483,8.20,2.60
2009.03.20 11:21:57.293,0.84805,0.84825,8.20,2.60
2009.03.20 11:21:58.623,0.84805,0.84835,8.20,2.60
2009.03.20 11:21:59.453,0.8481,0.8483,1.60,1.00
2009.03.20 11:21:59.742,0.848,0.8482,2.60,1.00
2009.03.20 11:22:00.092,0.84795,0.8482,1.80,1.00
2009.03.20 11:22:00.432,0.84795,0.8482,1.00,1.60
2009.03.20 11:22:00.772,0.84785,0.8482,1.80,3.20
2009.03.20 11:22:01.522,0.84785,0.84815,2.60,3.20
2009.03.20 11:22:01.932,0.8478,0.84815,1.80,3.20
2009.03.20 11:22:02.102,0.8478,0.84815,1.80,5.20
2009.03.20 11:22:02.462,0.8478,0.8481,3.00,1.60
2009.03.20 11:22:02.862,0.84785,0.8481,1.00,1.60
2009.03.20 11:22:03.771,0.8479,0.8481,1.60,1.60
2009.03.20 11:22:04.161,0.848,0.8483,3.00,9.00
2009.03.20 11:22:04.341,0.848,0.8483,3.00,2.60
2009.03.20 11:22:04.821,0.84805,0.84835,3.00,5.20
2009.03.20 11:22:05.171,0.84805,0.84835,3.00,1.60
2009.03.20 11:22:05.851,0.84805,0.8484,3.40,3.20
2009.03.20 11:22:06.191,0.84805,0.8484,1.80,4.80
2009.03.20 11:22:06.421,0.848,0.84835,8.60,2.60
2009.03.20 11:22:06.991,0.84805,0.8484,2.00,4.80
2009.03.20 11:22:07.341,0.8481,0.8484,3.20,7.40
2009.03.20 11:22:07.520,0.8482,0.8484,2.60,1.60
2009.03.20 11:22:07.571,0.8481,0.8484,3.00,2.00
2009.03.20 11:22:08.080,0.84815,0.8484,1.00,1.60
2009.03.20 11:22:08.200,0.8481,0.8484,3.00,2.00
2009.03.20 11:22:08.480,0.8481,0.8483,2.60,1.40
2009.03.20 11:22:09.510,0.848,0.8483,4.40,1.00
2009.03.20 11:22:09.870,0.848,0.8483,2.60,3.20
2009.03.20 11:22:10.499,0.848,0.8483,2.60,4.20
2009.03.20 11:22:10.889,0.848,0.8482,2.60,1.40
2009.03.20 11:22:11.680,0.848,0.8482,3.00,1.40
2009.03.20 11:22:15.029,0.848,0.8483,2.60,2.60
2009.03.20 11:22:16.019,0.848,0.8483,4.20,2.60
2009.03.20 11:22:16.188,0.8481,0.84835,2.60,2.60
2009.03.20 11:22:16.710,0.8481,0.84825,2.60,2.60
2009.03.20 11:22:16.828,0.8481,0.84835,2.60,2.60
2009.03.20 11:22:17.178,0.8481,0.84835,5.20,2.60
2009.03.20 11:22:17.458,0.8481,0.84835,8.20,2.60
2009.03.20 11:22:17.858,0.84815,0.8484,4.20,2.60
2009.03.20 11:22:18.308,0.84815,0.8484,5.60,2.60
2009.03.20 11:22:19.318,0.84815,0.8484,4.20,2.60
2009.03.20 11:22:19.828,0.8482,0.8485,2.60,2.60
2009.03.20 11:22:20.008,0.8482,0.8485,3.80,2.60
2009.03.20 11:22:20.288,0.8482,0.84845,3.80,2.60
2009.03.20 11:22:20.927,0.84825,0.8485,2.60,2.60
2009.03.20 11:22:23.636,0.84825,0.8486,3.00,2.60
2009.03.20 11:22:24.036,0.84825,0.84855,5.00,2.60
2009.03.20 11:22:24.486,0.8482,0.84855,4.40,2.60
2009.03.20 11:22:24.786,0.8482,0.84855,1.80,2.60
2009.03.20 11:22:25.116,0.84815,0.8485,2.80,3.20
2009.03.20 11:22:25.516,0.8481,0.84845,7.00,2.60
