2010.11.15 13:00:01.353,0.84437,0.84459,2.50,5.30
2010.11.15 13:00:04.020,0.84441,0.84462,2.70,1.50
2010.11.15 13:00:06.134,0.84436,0.84454,1.20,3.00
2010.11.15 13:00:08.174,0.84431,0.84451,3.40,1.70
2010.11.15 13:00:08.909,0.84431,0.84446,3.00,3.20
2010.11.15 13:00:09.131,0.84424,0.84445,1.50,1.70
2010.11.15 13:00:11.212,0.84427,0.8445,3.00,2.50
2010.11.15 13:00:11.434,0.84431,0.84453,1.70,3.70
2010.11.15 13:00:13.469,0.84428,0.84449,1.20,1.50
2010.11.15 13:00:15.535,0.84437,0.84453,1.70,1.50
2010.11.15 13:00:18.156,0.84437,0.84453,1.50,1.50
2010.11.15 13:00:21.211,0.8444,0.84458,1.50,3.20
2010.11.15 13:00:23.323,0.84439,0.84454,1.90,1.70
2010.11.15 13:00:26.291,0.8444,0.84453,1.50,1.50
2010.11.15 13:00:27.943,0.84446,0.84453,2.50,1.50
2010.11.15 13:00:28.357,0.84458,0.84474,1.50,2.30
2010.11.15 13:00:31.835,0.84458,0.84473,1.50,1.70
2010.11.15 13:00:33.521,0.84461,0.84481,3.20,1.50
2010.11.15 13:00:35.733,0.84464,0.84477,1.70,2.30
2010.11.15 13:00:38.162,0.84462,0.84474,1.50,1.50
2010.11.15 13:00:38.602,0.84463,0.84484,2.10,2.50
2010.11.15 13:00:40.961,0.84464,0.84484,2.10,2.30
2010.11.15 13:00:45.970,0.84462,0.84483,1.90,2.50
2010.11.15 13:00:48.201,0.84462,0.84482,1.90,1.70
2010.11.15 13:00:51.150,0.84461,0.84482,1.90,1.70
2010.11.15 13:00:53.359,0.84461,0.84482,1.90,1.70
2010.11.15 13:00:56.392,0.8446,0.84479,1.50,1.50
2010.11.15 13:00:58.710,0.84458,0.84479,2.10,1.50
2010.11.15 13:01:01.971,0.84459,0.84479,1.50,1.50
2010.11.15 13:01:04.792,0.8446,0.84477,1.70,2.30
2010.11.15 13:01:06.853,0.84455,0.84469,1.50,1.50
2010.11.15 13:01:09.933,0.84453,0.84473,3.20,1.90
2010.11.15 13:01:12.010,0.84438,0.84457,1.50,1.70
2010.11.15 13:01:14.617,0.84445,0.84463,1.70,1.50
2010.11.15 13:01:17.036,0.84438,0.84445,4.10,2.30
2010.11.15 13:01:17.500,0.84425,0.84443,1.50,1.70
2010.11.15 13:01:19.622,0.84429,0.84449,2.50,1.50
2010.11.15 13:01:22.491,0.84429,0.8445,4.20,1.50
2010.11.15 13:01:22.975,0.84439,0.8445,1.50,1.50
2010.11.15 13:01:25.147,0.84431,0.8445,1.10,1.50
2010.11.15 13:01:27.542,0.8443,0.84449,1.20,1.50
2010.11.15 13:01:29.124,0.8443,0.84443,1.10,1.70
2010.11.15 13:01:29.244,0.84423,0.84443,4.50,1.70
2010.11.15 13:01:31.633,0.84419,0.84438,2.50,1.50
2010.11.15 13:01:33.761,0.84419,0.84435,2.50,1.50
2010.11.15 13:01:35.900,0.84419,0.84434,2.50,1.50
2010.11.15 13:01:36.122,0.84417,0.84434,1.70,1.50
2010.11.15 13:01:38.240,0.84416,0.84433,1.70,1.50
2010.11.15 13:01:40.258,0.84417,0.84438,1.70,1.50
2010.11.15 13:01:40.392,0.84418,0.84434,2.50,2.30
2010.11.15 13:01:40.503,0.84416,0.84433,1.50,2.30
2010.11.15 13:01:44.098,0.84414,0.84433,1.50,1.50
2010.11.15 13:01:47.080,0.84418,0.84433,1.50,1.50
2010.11.15 13:01:48.664,0.84427,0.84444,1.70,1.50
2010.11.15 13:01:48.902,0.84432,0.84453,1.50,1.70
2010.11.15 13:01:51.144,0.84428,0.84452,5.50,1.50
2010.11.15 13:01:52.140,0.84427,0.8445,1.70,2.30
2010.11.15 13:01:55.265,0.84429,0.84444,2.70,1.50
2010.11.15 13:01:55.601,0.84432,0.84454,2.70,3.00
2010.11.15 13:01:59.826,0.84438,0.84454,1.10,1.50
2010.11.15 13:02:02.301,0.84435,0.84454,1.40,1.50
2010.11.15 13:02:03.733,0.84451,0.84464,1.50,1.50
2010.11.15 13:02:05.731,0.84447,0.84468,2.00,2.30
2010.11.15 13:02:08.695,0.84449,0.84471,2.50,1.50
2010.11.15 13:02:11.405,0.84456,0.84474,2.50,1.50
2010.11.15 13:02:13.450,0.84456,0.84475,3.20,1.50
2010.11.15 13:02:15.554,0.84456,0.84473,1.50,1.50
2010.11.15 13:02:16.932,0.84446,0.84469,4.70,3.20
2010.11.15 13:02:20.371,0.84449,0.84471,2.30,5.50
2010.11.15 13:02:22.623,0.84453,0.84473,1.70,2.30
2010.11.15 13:02:26.227,0.84451,0.84472,1.10,1.70
2010.11.15 13:02:28.332,0.84458,0.84468,1.50,1.50
2010.11.15 13:02:30.433,0.84462,0.84475,1.50,1.50
2010.11.15 13:02:33.123,0.84455,0.84469,2.30,1.50
2010.11.15 13:02:33.342,0.84458,0.84475,1.50,2.20
2010.11.15 13:02:34.502,0.84454,0.84475,2.60,1.70
2010.11.15 13:02:36.624,0.84444,0.84456,1.50,1.50
2010.11.15 13:02:37.073,0.84453,0.8447,1.50,1.70
2010.11.15 13:02:39.145,0.84455,0.84463,1.50,1.50
2010.11.15 13:02:41.413,0.84448,0.84463,1.50,1.50
2010.11.15 13:02:41.853,0.8446,0.84468,2.30,1.70
2010.11.15 13:02:42.071,0.8446,0.8447,2.30,2.20
2010.11.15 13:02:42.187,0.8446,0.84477,3.80,1.50
2010.11.15 13:02:42.468,0.84465,0.84483,1.50,1.50
2010.11.15 13:02:44.591,0.84464,0.84476,1.50,1.50
2010.11.15 13:02:46.892,0.84465,0.8448,1.50,1.50
2010.11.15 13:02:48.449,0.84472,0.84477,2.30,1.50
2010.11.15 13:02:48.565,0.84466,0.84484,3.40,1.50
2010.11.15 13:02:48.793,0.84468,0.84487,1.50,2.50
2010.11.15 13:02:51.222,0.84472,0.84484,2.30,2.50
2010.11.15 13:02:51.605,0.84472,0.84487,4.00,1.50
2010.11.15 13:02:53.671,0.84463,0.84484,1.50,4.70
2010.11.15 13:02:55.680,0.84464,0.84482,1.10,2.20
2010.11.15 13:02:58.088,0.84469,0.84484,1.10,1.50
2010.11.15 13:03:00.791,0.84469,0.84483,1.50,1.50
2010.11.15 13:03:02.860,0.84466,0.84483,3.00,1.70
2010.11.15 13:03:04.884,0.84462,0.84476,1.50,1.20
2010.11.15 13:03:05.001,0.84464,0.84475,1.50,1.70
2010.11.15 13:03:05.441,0.84458,0.84473,1.50,1.50
2010.11.15 13:03:05.951,0.84458,0.84473,2.50,1.50
2010.11.15 13:03:06.418,0.8447,0.84484,1.20,1.50
2010.11.15 13:03:06.752,0.84475,0.84491,1.20,2.20
2010.11.15 13:03:06.865,0.84477,0.84491,1.70,2.20
2010.11.15 13:03:07.202,0.84484,0.845,1.20,2.20
2010.11.15 13:03:09.232,0.8448,0.845,1.10,3.20
2010.11.15 13:03:09.897,0.84481,0.84494,3.20,1.50
2010.11.15 13:03:10.347,0.84486,0.84504,2.60,1.50
2010.11.15 13:03:13.630,0.84481,0.84501,5.70,1.50
2010.11.15 13:03:18.013,0.84484,0.84504,1.70,3.80
2010.11.15 13:03:20.282,0.84483,0.845,1.20,1.50
2010.11.15 13:03:22.294,0.84477,0.84497,1.50,1.70
2010.11.15 13:03:24.543,0.84477,0.84494,2.30,1.70
2010.11.15 13:03:25.662,0.84477,0.84493,1.50,2.10
2010.11.15 13:03:27.754,0.84473,0.8449,2.30,2.30
2010.11.15 13:03:28.485,0.84475,0.84493,5.30,1.50
2010.11.15 13:03:28.822,0.84487,0.84504,1.50,2.30
2010.11.15 13:03:32.574,0.84482,0.84498,1.70,1.50
2010.11.15 13:03:32.801,0.84484,0.84504,1.20,3.80
2010.11.15 13:03:34.832,0.84484,0.84504,1.20,3.80
2010.11.15 13:03:38.300,0.84484,0.84504,2.50,3.00
2010.11.15 13:03:40.642,0.84481,0.84501,3.20,1.50
2010.11.15 13:03:42.333,0.84487,0.84504,2.10,1.50
2010.11.15 13:03:42.956,0.8449,0.84498,3.50,1.50
2010.11.15 13:03:43.075,0.84487,0.84498,1.50,1.50
2010.11.15 13:03:44.931,0.84475,0.84492,1.50,1.70
2010.11.15 13:03:47.152,0.84475,0.8449,1.50,1.50
2010.11.15 13:03:49.501,0.84476,0.84491,1.50,1.70
2010.11.15 13:03:51.551,0.84475,0.84488,1.50,1.40
2010.11.15 13:03:52.266,0.84469,0.84486,1.20,2.20
2010.11.15 13:03:53.941,0.84475,0.84484,3.20,1.50
2010.11.15 13:03:54.161,0.84476,0.84494,2.50,2.30
2010.11.15 13:03:54.822,0.84482,0.84493,1.70,1.50
2010.11.15 13:03:55.165,0.84489,0.84504,1.50,1.50
2010.11.15 13:03:57.353,0.84492,0.84506,1.70,1.50
2010.11.15 13:03:59.332,0.84486,0.84508,5.20,1.50
2010.11.15 13:04:01.405,0.84492,0.84509,2.30,1.70
2010.11.15 13:04:01.524,0.84485,0.84507,2.30,3.60
2010.11.15 13:04:03.581,0.84474,0.84493,1.10,1.50
2010.11.15 13:04:05.665,0.84472,0.84488,2.30,1.50
2010.11.15 13:04:07.733,0.84466,0.84484,1.10,2.30
2010.11.15 13:04:08.788,0.84466,0.84483,2.60,1.50
2010.11.15 13:04:10.812,0.84474,0.84491,2.30,2.30
2010.11.15 13:04:13.362,0.84474,0.84493,1.50,2.30
2010.11.15 13:04:15.474,0.84482,0.84493,2.30,1.50
2010.11.15 13:04:17.275,0.84484,0.84493,1.70,1.50
2010.11.15 13:04:17.613,0.84495,0.84509,2.30,2.30
2010.11.15 13:04:20.150,0.84495,0.84513,3.00,1.50
2010.11.15 13:04:22.712,0.84492,0.84512,3.20,3.00
2010.11.15 13:04:24.713,0.84489,0.84508,2.30,1.70
2010.11.15 13:04:28.576,0.84479,0.84497,1.50,1.50
2010.11.15 13:04:31.159,0.84474,0.84493,1.50,1.50
2010.11.15 13:04:33.251,0.8448,0.84493,1.50,1.50
2010.11.15 13:04:37.445,0.84476,0.84493,1.50,1.50
2010.11.15 13:04:42.502,0.84479,0.84493,2.30,1.50
2010.11.15 13:04:45.364,0.8447,0.84492,1.10,1.50
2010.11.15 13:04:47.730,0.8447,0.84492,2.60,1.70
2010.11.15 13:04:49.750,0.84471,0.84491,2.30,1.50
2010.11.15 13:04:51.752,0.84476,0.84492,1.50,1.50
2010.11.15 13:04:53.799,0.84481,0.84493,1.50,2.30
2010.11.15 13:04:57.006,0.84481,0.84501,2.30,3.00
2010.11.15 13:04:59.250,0.8448,0.84501,2.50,1.50
2010.11.15 13:05:00.761,0.84494,0.84513,1.50,1.50
2010.11.15 13:05:01.725,0.84502,0.8452,1.10,1.50
2010.11.15 13:05:03.811,0.84501,0.84521,3.00,1.50
2010.11.15 13:05:07.106,0.84498,0.84519,2.30,3.20
2010.11.15 13:05:09.682,0.84497,0.84513,3.80,1.70
2010.11.15 13:05:11.320,0.84491,0.84511,1.50,1.50
2010.11.15 13:05:14.432,0.8449,0.84511,2.30,5.40
2010.11.15 13:05:16.647,0.84491,0.84506,1.50,1.50
2010.11.15 13:05:17.732,0.84491,0.84509,1.50,1.50
2010.11.15 13:05:17.847,0.84492,0.84511,1.10,1.50
2010.11.15 13:05:18.221,0.84507,0.8452,2.30,3.70
2010.11.15 13:05:20.225,0.84504,0.84523,1.50,3.00
2010.11.15 13:05:23.002,0.84502,0.84522,4.50,1.70
2010.11.15 13:05:24.963,0.84507,0.84519,1.50,1.70
2010.11.15 13:05:25.071,0.84506,0.84523,1.50,1.50
2010.11.15 13:05:27.944,0.84507,0.84523,1.50,1.70
2010.11.15 13:05:31.772,0.84504,0.84523,1.70,1.50
2010.11.15 13:05:33.951,0.84513,0.84533,2.60,3.20
2010.11.15 13:05:36.555,0.84517,0.84533,1.70,1.50
2010.11.15 13:05:39.330,0.84512,0.84532,3.20,2.30
2010.11.15 13:05:41.931,0.84519,0.84537,1.20,1.50
2010.11.15 13:05:44.275,0.84519,0.84536,3.50,1.50
2010.11.15 13:05:48.350,0.84519,0.84537,1.20,1.50
2010.11.15 13:05:51.040,0.84519,0.84535,1.20,1.50
2010.11.15 13:05:53.050,0.84511,0.8453,1.10,2.30
2010.11.15 13:05:55.401,0.84509,0.84529,1.50,4.00
2010.11.15 13:05:56.475,0.84513,0.84526,1.10,1.50
2010.11.15 13:05:58.537,0.84512,0.84532,2.30,1.70
2010.11.15 13:06:00.701,0.8451,0.8453,2.00,1.50
2010.11.15 13:06:02.940,0.84516,0.84534,2.30,3.00
2010.11.15 13:06:05.151,0.84516,0.84532,4.70,1.50
2010.11.15 13:06:05.481,0.84523,0.84539,1.20,1.50
2010.11.15 13:06:07.641,0.84519,0.84541,1.20,2.30
2010.11.15 13:06:09.701,0.84515,0.84533,1.50,2.30
2010.11.15 13:06:11.905,0.84511,0.84526,1.70,2.30
2010.11.15 13:06:12.242,0.84511,0.84526,2.50,2.30
2010.11.15 13:06:14.631,0.8451,0.84527,3.30,1.50
2010.11.15 13:06:15.461,0.84498,0.84517,1.20,2.30
2010.11.15 13:06:16.643,0.84502,0.84517,3.20,2.30
2010.11.15 13:06:16.753,0.84503,0.84515,2.20,1.50
2010.11.15 13:06:19.053,0.84501,0.84517,1.20,1.50
2010.11.15 13:06:23.070,0.84501,0.8452,1.20,1.50
2010.11.15 13:06:25.437,0.84494,0.84507,1.50,1.50
2010.11.15 13:06:27.720,0.84488,0.84508,2.00,1.50
2010.11.15 13:06:29.234,0.84493,0.84509,1.40,1.50
2010.11.15 13:06:31.711,0.84502,0.84514,1.20,1.50
2010.11.15 13:06:33.690,0.84503,0.8452,1.20,1.50
2010.11.15 13:06:36.272,0.84496,0.84513,1.80,1.50
2010.11.15 13:06:38.444,0.84489,0.84508,1.20,1.50
2010.11.15 13:06:41.495,0.84491,0.84513,3.40,3.00
2010.11.15 13:06:42.453,0.84491,0.84503,1.10,1.50
2010.11.15 13:06:44.529,0.84489,0.8451,3.40,1.50
2010.11.15 13:06:48.782,0.84485,0.84503,4.70,2.30
2010.11.15 13:06:49.270,0.84489,0.8451,2.60,2.30
2010.11.15 13:06:55.076,0.84491,0.84511,1.50,1.70
2010.11.15 13:06:57.940,0.84488,0.84504,1.20,1.50
2010.11.15 13:07:00.080,0.84486,0.84504,2.00,1.50
2010.11.15 13:07:03.551,0.84487,0.84503,1.10,1.50
2010.11.15 13:07:05.755,0.84492,0.84513,1.50,4.50
2010.11.15 13:07:07.841,0.84497,0.84514,2.30,2.30
2010.11.15 13:07:11.452,0.8449,0.84512,2.30,1.50
2010.11.15 13:07:14.070,0.84492,0.84512,2.50,1.50
2010.11.15 13:07:16.510,0.84492,0.84513,2.60,2.30
2010.11.15 13:07:18.951,0.84496,0.84513,1.50,1.50
2010.11.15 13:07:25.931,0.84497,0.84516,2.30,3.00
2010.11.15 13:07:30.320,0.84492,0.84512,2.30,1.50
2010.11.15 13:07:39.416,0.84495,0.84512,1.50,1.50
2010.11.15 13:07:41.452,0.84495,0.84514,2.70,1.50
2010.11.15 13:07:41.654,0.84496,0.84514,1.70,1.50
2010.11.15 13:07:44.885,0.84511,0.84524,1.10,1.50
2010.11.15 13:07:47.806,0.84507,0.84524,1.10,3.00
2010.11.15 13:07:50.241,0.84505,0.84517,1.20,1.50
2010.11.15 13:07:52.812,0.84505,0.84521,1.20,1.50
2010.11.15 13:08:00.040,0.84508,0.84522,1.20,1.50
2010.11.15 13:08:03.194,0.84508,0.84523,1.20,1.50
2010.11.15 13:08:13.960,0.84508,0.84523,2.00,1.50
2010.11.15 13:08:16.121,0.84514,0.84534,1.10,3.80
2010.11.15 13:08:18.353,0.84517,0.84534,1.50,2.30
2010.11.15 13:08:20.455,0.8451,0.84528,1.70,1.50
2010.11.15 13:08:22.474,0.8451,0.84531,1.10,1.50
2010.11.15 13:08:25.941,0.84508,0.84529,2.60,1.70
2010.11.15 13:08:29.273,0.84506,0.84523,1.50,1.70
2010.11.15 13:08:29.714,0.84497,0.84514,1.50,1.70
2010.11.15 13:08:33.028,0.84496,0.84511,1.50,1.70
2010.11.15 13:08:36.111,0.84494,0.84511,3.00,1.70
2010.11.15 13:08:39.424,0.84495,0.84509,1.50,1.70
2010.11.15 13:08:41.725,0.84495,0.84507,1.50,1.70
2010.11.15 13:08:44.232,0.84488,0.84508,2.50,1.50
2010.11.15 13:08:46.943,0.84491,0.84509,1.50,1.50
2010.11.15 13:08:50.408,0.84488,0.84501,1.50,2.50
2010.11.15 13:08:52.871,0.84479,0.84498,1.50,2.50
2010.11.15 13:08:55.170,0.8447,0.84492,1.10,1.70
2010.11.15 13:08:59.370,0.8447,0.84493,2.60,2.30
2010.11.15 13:09:05.550,0.84473,0.84493,1.70,2.30
2010.11.15 13:09:09.531,0.8448,0.845,1.50,1.50
2010.11.15 13:09:13.066,0.84479,0.845,1.70,1.70
2010.11.15 13:09:15.368,0.84479,0.84497,1.70,1.50
2010.11.15 13:09:17.870,0.84482,0.84497,2.50,1.50
2010.11.15 13:09:28.481,0.84482,0.84497,1.50,1.50
2010.11.15 13:09:31.011,0.84481,0.84497,1.50,1.50
2010.11.15 13:09:40.379,0.84477,0.84497,1.50,3.20
2010.11.15 13:09:40.724,0.84474,0.84492,1.50,1.70
2010.11.15 13:09:41.136,0.84464,0.84485,2.60,1.70
2010.11.15 13:09:45.214,0.84464,0.84483,2.50,1.50
2010.11.15 13:09:48.124,0.8447,0.84484,2.60,1.50
2010.11.15 13:09:48.461,0.84473,0.84494,1.70,3.00
2010.11.15 13:09:49.972,0.8448,0.84502,1.50,1.50
2010.11.15 13:09:51.959,0.84476,0.84498,2.30,2.50
2010.11.15 13:09:54.091,0.84479,0.845,1.50,1.50
2010.11.15 13:09:56.478,0.8447,0.84492,1.10,1.50
2010.11.15 13:09:58.520,0.84471,0.84493,1.20,1.50
2010.11.15 13:10:03.420,0.84476,0.84494,1.10,1.50
2010.11.15 13:10:05.603,0.84476,0.84494,1.10,1.70
2010.11.15 13:10:07.902,0.84477,0.84497,1.10,1.70
2010.11.15 13:10:10.131,0.84477,0.84496,1.10,1.50
2010.11.15 13:10:12.759,0.84481,0.84499,1.20,1.50
2010.11.15 13:10:15.100,0.84481,0.845,1.20,1.50
2010.11.15 13:10:17.852,0.84481,0.84499,1.10,1.50
2010.11.15 13:10:22.812,0.84478,0.84496,1.10,1.50
2010.11.15 13:10:27.310,0.84474,0.84494,1.10,3.80
2010.11.15 13:10:30.341,0.84472,0.84494,1.10,2.30
2010.11.15 13:10:32.364,0.84474,0.84494,3.20,2.30
2010.11.15 13:10:34.652,0.84477,0.84497,2.50,2.30
2010.11.15 13:10:37.093,0.84488,0.84503,1.70,1.50
2010.11.15 13:10:39.373,0.84487,0.84504,1.20,1.50
2010.11.15 13:10:41.416,0.8448,0.84501,1.10,2.50
2010.11.15 13:10:43.508,0.8447,0.84492,2.30,1.70
2010.11.15 13:10:47.811,0.84464,0.84484,1.10,2.30
2010.11.15 13:10:51.100,0.84464,0.84484,1.20,2.30
2010.11.15 13:10:53.924,0.84464,0.84481,1.10,1.50
2010.11.15 13:10:54.599,0.84458,0.84476,3.00,1.50
2010.11.15 13:10:56.921,0.84456,0.84474,2.30,1.70
2010.11.15 13:10:57.494,0.84458,0.84474,1.70,1.50
2010.11.15 13:10:57.823,0.84458,0.84482,1.70,3.00
2010.11.15 13:10:58.152,0.84463,0.84482,2.50,1.50
2010.11.15 13:11:01.265,0.84467,0.84481,1.50,3.00
2010.11.15 13:11:02.798,0.84459,0.84473,3.20,1.50
2010.11.15 13:11:07.811,0.84459,0.84482,4.90,1.50
2010.11.15 13:11:10.084,0.84462,0.84482,1.50,1.50
2010.11.15 13:11:12.502,0.84462,0.84483,2.60,2.50
2010.11.15 13:11:16.233,0.84462,0.84473,1.50,1.50
2010.11.15 13:11:19.652,0.8446,0.84473,1.50,1.50
2010.11.15 13:11:26.671,0.84458,0.84474,2.30,1.50
2010.11.15 13:11:26.892,0.84464,0.84483,1.50,2.50
2010.11.15 13:11:28.972,0.84464,0.84483,1.50,2.50
2010.11.15 13:11:31.143,0.84465,0.84483,1.50,2.50
2010.11.15 13:11:31.475,0.84458,0.84475,1.50,1.70
2010.11.15 13:11:33.348,0.84448,0.84459,1.50,2.50
2010.11.15 13:11:33.573,0.84438,0.84459,2.60,4.70
2010.11.15 13:11:35.562,0.84443,0.84462,1.50,1.70
2010.11.15 13:11:37.952,0.84441,0.8446,2.60,1.70
2010.11.15 13:11:40.800,0.84441,0.84454,1.50,2.30
2010.11.15 13:11:42.286,0.84444,0.84461,2.30,2.30
2010.11.15 13:11:45.744,0.84447,0.84466,1.50,2.50
2010.11.15 13:11:47.234,0.84446,0.84463,2.50,1.50
2010.11.15 13:11:49.390,0.84447,0.84467,2.30,1.70
2010.11.15 13:11:52.301,0.84437,0.84452,1.50,2.30
2010.11.15 13:11:53.552,0.84447,0.84457,2.50,2.20
2010.11.15 13:11:54.295,0.84454,0.84473,3.80,1.50
2010.11.15 13:11:54.753,0.84457,0.84473,1.50,1.70
2010.11.15 13:11:55.151,0.84446,0.84464,2.50,2.20
2010.11.15 13:11:55.484,0.8445,0.84462,3.20,2.20
2010.11.15 13:11:55.980,0.84453,0.84473,2.30,3.00
2010.11.15 13:11:58.042,0.84457,0.84474,3.00,1.50
2010.11.15 13:11:58.377,0.84451,0.84465,1.10,1.40
2010.11.15 13:11:59.502,0.84453,0.84467,1.10,2.20
2010.11.15 13:12:00.664,0.84439,0.84455,2.90,2.20
2010.11.15 13:12:00.917,0.84437,0.84455,2.60,2.20
2010.11.15 13:12:03.283,0.8444,0.84453,2.20,1.50
2010.11.15 13:12:07.435,0.84439,0.84453,1.50,1.50
2010.11.15 13:12:09.592,0.8444,0.8446,1.20,2.30
2010.11.15 13:12:12.516,0.84441,0.84461,2.30,4.70
2010.11.15 13:12:15.540,0.84442,0.84461,1.50,3.20
2010.11.15 13:12:18.091,0.84441,0.8446,2.30,1.70
2010.11.15 13:12:21.184,0.84441,0.8446,1.70,1.50
2010.11.15 13:12:23.494,0.84433,0.84453,1.10,4.00
2010.11.15 13:12:24.035,0.84437,0.8445,1.70,2.20
2010.11.15 13:12:25.071,0.84437,0.84458,2.30,1.50
2010.11.15 13:12:26.088,0.84437,0.8445,2.30,2.20
2010.11.15 13:12:26.467,0.84429,0.8445,1.10,2.40
2010.11.15 13:12:28.782,0.84431,0.84451,1.50,1.50
2010.11.15 13:12:30.758,0.84436,0.84452,1.80,1.40
2010.11.15 13:12:32.933,0.84433,0.84451,1.10,1.50
2010.11.15 13:12:36.453,0.84435,0.84453,3.20,1.50
2010.11.15 13:12:38.482,0.8444,0.8446,2.60,2.50
2010.11.15 13:12:41.372,0.84436,0.84456,2.60,2.50
2010.11.15 13:12:42.343,0.84433,0.84449,1.50,1.40
2010.11.15 13:12:44.364,0.84427,0.84441,1.70,4.50
2010.11.15 13:12:46.342,0.84417,0.84434,2.30,1.70
2010.11.15 13:12:48.697,0.84422,0.84433,2.50,1.50
2010.11.15 13:12:48.817,0.84422,0.84443,4.00,6.90
2010.11.15 13:12:50.875,0.84417,0.84434,2.30,3.20
2010.11.15 13:12:51.435,0.84429,0.84443,1.70,6.70
2010.11.15 13:12:53.062,0.84433,0.84453,1.20,1.50
2010.11.15 13:12:55.293,0.84428,0.84448,2.60,1.50
2010.11.15 13:12:55.725,0.84428,0.84449,3.20,1.50
2010.11.15 13:12:55.955,0.84437,0.84461,2.30,3.20
2010.11.15 13:12:57.808,0.84433,0.8445,1.50,1.70
2010.11.15 13:12:59.813,0.84427,0.84447,2.30,2.50
2010.11.15 13:13:01.852,0.84427,0.84448,5.00,1.50
2010.11.15 13:13:04.331,0.84418,0.84437,2.30,1.70
2010.11.15 13:13:06.437,0.84424,0.8444,1.50,1.50
2010.11.15 13:13:08.228,0.84423,0.84441,1.70,2.30
2010.11.15 13:13:09.722,0.84433,0.8445,1.10,1.50
2010.11.15 13:13:11.735,0.84436,0.84452,1.70,1.50
2010.11.15 13:13:13.873,0.84436,0.84454,1.50,3.00
2010.11.15 13:13:14.207,0.84428,0.84451,1.40,2.30
2010.11.15 13:13:14.515,0.84434,0.84452,1.10,1.50
2010.11.15 13:13:14.640,0.84428,0.84447,4.50,1.50
2010.11.15 13:13:15.834,0.84418,0.8444,2.30,1.50
2010.11.15 13:13:18.021,0.84417,0.84441,4.10,3.00
2010.11.15 13:13:18.233,0.84417,0.84434,2.60,1.50
2010.11.15 13:13:20.501,0.84421,0.84434,1.10,1.50
2010.11.15 13:13:22.511,0.84417,0.84435,5.00,1.50
2010.11.15 13:13:25.312,0.84423,0.8444,3.20,1.50
2010.11.15 13:13:27.481,0.84421,0.84439,1.10,1.70
2010.11.15 13:13:29.491,0.84407,0.84425,1.10,1.50
2010.11.15 13:13:31.069,0.84411,0.84422,3.80,2.20
2010.11.15 13:13:31.403,0.84421,0.84431,3.00,1.50
2010.11.15 13:13:33.487,0.84407,0.84425,3.00,1.70
2010.11.15 13:13:35.523,0.84409,0.84422,1.50,1.50
2010.11.15 13:13:35.987,0.84402,0.84419,1.50,1.70
2010.11.15 13:13:38.019,0.84401,0.84419,1.50,1.50
2010.11.15 13:13:40.811,0.84405,0.84419,1.50,1.70
2010.11.15 13:13:44.602,0.84407,0.8442,1.50,1.50
2010.11.15 13:13:47.964,0.84403,0.84421,1.50,1.70
2010.11.15 13:13:50.012,0.84402,0.84421,1.50,1.70
2010.11.15 13:13:51.974,0.8439,0.844,1.50,1.50
2010.11.15 13:13:54.846,0.84379,0.84402,2.60,1.50
2010.11.15 13:13:55.621,0.84391,0.84414,2.60,2.30
2010.11.15 13:13:56.804,0.84392,0.84409,1.50,1.20
2010.11.15 13:13:56.913,0.84387,0.844,3.80,2.20
2010.11.15 13:13:57.469,0.84395,0.84413,2.60,1.50
2010.11.15 13:13:58.593,0.84399,0.84413,1.70,1.50
2010.11.15 13:13:58.979,0.84405,0.84423,1.10,1.50
2010.11.15 13:13:59.314,0.84394,0.84412,2.60,1.50
2010.11.15 13:14:01.328,0.84392,0.84413,2.60,2.30
2010.11.15 13:14:04.583,0.84396,0.84413,1.10,1.50
2010.11.15 13:14:05.412,0.84405,0.84421,3.50,1.50
2010.11.15 13:14:06.357,0.84397,0.84407,1.10,1.70
2010.11.15 13:14:08.417,0.84387,0.84405,1.50,1.70
2010.11.15 13:14:10.173,0.84394,0.84413,1.20,4.50
2010.11.15 13:14:10.515,0.84395,0.84402,1.80,1.70
2010.11.15 13:14:10.654,0.8438,0.84402,2.60,2.50
2010.11.15 13:14:13.473,0.84388,0.84401,1.10,1.50
2010.11.15 13:14:15.737,0.84383,0.84393,1.10,1.50
2010.11.15 13:14:16.407,0.84376,0.84392,1.20,1.50
2010.11.15 13:14:17.156,0.84394,0.84411,1.20,2.20
2010.11.15 13:14:17.283,0.84389,0.84403,2.20,5.10
2010.11.15 13:14:17.504,0.84379,0.84398,1.10,4.00
2010.11.15 13:14:20.172,0.8438,0.84401,1.20,1.50
2010.11.15 13:14:21.747,0.84378,0.84395,1.50,3.20
2010.11.15 13:14:24.752,0.84368,0.84383,2.30,1.70
2010.11.15 13:14:27.143,0.84363,0.84383,2.30,4.00
2010.11.15 13:14:31.291,0.84361,0.84383,2.30,3.20
2010.11.15 13:14:33.315,0.84362,0.84383,3.80,3.20
2010.11.15 13:14:36.052,0.84365,0.84383,1.50,5.50
2010.11.15 13:14:38.251,0.84367,0.84383,1.20,4.00
2010.11.15 13:14:38.982,0.84373,0.84389,1.50,1.50
2010.11.15 13:14:39.313,0.84369,0.84385,1.50,1.70
2010.11.15 13:14:42.627,0.84366,0.84383,1.50,3.00
2010.11.15 13:14:45.025,0.84369,0.84383,1.50,2.30
2010.11.15 13:14:45.474,0.84377,0.84394,1.40,4.50
2010.11.15 13:14:47.413,0.84377,0.84393,1.10,1.70
2010.11.15 13:14:47.828,0.84372,0.84384,2.20,1.50
2010.11.15 13:14:48.054,0.84365,0.84384,2.30,3.80
2010.11.15 13:14:51.021,0.84359,0.84379,1.50,1.50
2010.11.15 13:14:53.285,0.84359,0.84373,1.50,1.50
2010.11.15 13:14:54.447,0.84368,0.84382,1.50,1.50
2010.11.15 13:14:56.906,0.84367,0.84384,1.70,1.50
2010.11.15 13:14:57.842,0.84368,0.84383,2.30,4.50
2010.11.15 13:14:58.238,0.8436,0.84376,1.50,3.00
2010.11.15 13:14:58.573,0.84363,0.84384,4.00,4.50
2010.11.15 13:15:00.594,0.84381,0.84398,2.50,1.50
2010.11.15 13:15:01.749,0.84392,0.84413,2.00,3.00
2010.11.15 13:15:02.613,0.84398,0.84404,1.50,3.70
2010.11.15 13:15:02.723,0.84391,0.84399,1.80,2.20
2010.11.15 13:15:03.274,0.84386,0.84407,4.20,1.50
2010.11.15 13:15:05.573,0.84387,0.84404,1.70,3.00
2010.11.15 13:15:08.156,0.84391,0.84401,1.50,1.50
2010.11.15 13:15:09.105,0.84385,0.844,1.50,4.70
2010.11.15 13:15:11.063,0.84378,0.84399,2.70,1.50
2010.11.15 13:15:13.119,0.84384,0.84401,1.70,1.50
2010.11.15 13:15:15.258,0.84384,0.84401,1.50,1.50
2010.11.15 13:15:17.393,0.84385,0.84401,1.50,3.20
2010.11.15 13:15:19.324,0.84383,0.844,1.50,3.20
2010.11.15 13:15:21.741,0.84381,0.84398,1.50,1.70
2010.11.15 13:15:25.441,0.84377,0.84391,1.50,1.50
2010.11.15 13:15:27.512,0.84379,0.84392,1.50,1.50
2010.11.15 13:15:29.532,0.84377,0.8439,1.50,1.50
2010.11.15 13:15:30.586,0.84399,0.84404,1.20,29.80
2010.11.15 13:15:30.706,0.84399,0.84406,1.20,3.70
2010.11.15 13:15:30.825,0.8441,0.84416,1.10,4.50
2010.11.15 13:15:30.949,0.8441,0.84423,1.20,2.30
2010.11.15 13:15:31.346,0.84417,0.84435,3.20,1.50
2010.11.15 13:15:31.903,0.84429,0.84448,1.10,1.50
2010.11.15 13:15:34.168,0.84444,0.84454,1.20,1.90
2010.11.15 13:15:34.285,0.84445,0.84464,1.70,2.30
2010.11.15 13:15:34.404,0.84453,0.84468,1.10,1.50
2010.11.15 13:15:36.680,0.84447,0.84465,4.70,1.70
2010.11.15 13:15:37.385,0.8444,0.84462,1.50,2.50
2010.11.15 13:15:45.243,0.84436,0.84453,2.60,1.50
2010.11.15 13:15:45.573,0.84431,0.84454,2.00,3.00
2010.11.15 13:15:48.323,0.84421,0.8444,1.70,1.50
2010.11.15 13:15:50.372,0.84417,0.84438,1.50,2.50
2010.11.15 13:15:51.344,0.84421,0.84434,2.50,1.50
2010.11.15 13:15:51.781,0.84421,0.84443,4.70,3.80
2010.11.15 13:15:52.692,0.84421,0.84441,2.30,4.40
2010.11.15 13:15:55.672,0.84417,0.84436,3.00,2.50
2010.11.15 13:15:56.722,0.844,0.84419,2.30,1.70
2010.11.15 13:15:57.729,0.84396,0.84413,1.50,1.70
2010.11.15 13:15:57.850,0.84396,0.84414,2.30,2.30
2010.11.15 13:15:57.965,0.84396,0.84414,3.20,1.50
2010.11.15 13:15:59.981,0.844,0.84419,2.50,1.50
2010.11.15 13:16:05.004,0.84401,0.84422,1.50,1.70
2010.11.15 13:16:05.825,0.84409,0.8443,1.20,3.00
2010.11.15 13:16:07.857,0.84421,0.84432,2.30,1.50
2010.11.15 13:16:07.985,0.84421,0.84442,1.10,5.40
2010.11.15 13:16:08.763,0.8442,0.84442,1.20,3.00
2010.11.15 13:16:11.140,0.84425,0.84445,2.50,2.50
2010.11.15 13:16:11.585,0.84426,0.84443,3.00,1.70
2010.11.15 13:16:11.924,0.84416,0.84434,3.00,2.50
2010.11.15 13:16:12.694,0.84413,0.8443,2.50,1.50
2010.11.15 13:16:12.803,0.84415,0.84435,1.50,1.70
2010.11.15 13:16:14.882,0.84419,0.84441,1.20,2.30
2010.11.15 13:16:15.324,0.8443,0.84438,1.50,2.30
2010.11.15 13:16:15.435,0.84419,0.84439,1.10,2.30
2010.11.15 13:16:15.660,0.84419,0.84433,1.10,1.50
2010.11.15 13:16:16.933,0.8442,0.84439,1.10,2.50
2010.11.15 13:16:19.153,0.84426,0.84444,1.50,1.50
2010.11.15 13:16:19.783,0.84426,0.84435,1.50,1.50
2010.11.15 13:16:19.891,0.84418,0.84435,2.30,1.50
2010.11.15 13:16:21.998,0.84426,0.84438,1.20,1.50
2010.11.15 13:16:23.932,0.84443,0.84454,1.50,1.50
2010.11.15 13:16:24.482,0.84443,0.84461,1.70,2.30
2010.11.15 13:16:25.897,0.84458,0.84463,1.50,3.80
2010.11.15 13:16:26.233,0.84442,0.84461,1.20,3.00
2010.11.15 13:16:26.964,0.84436,0.84457,5.00,1.50
2010.11.15 13:16:29.003,0.84436,0.8445,1.50,1.70
2010.11.15 13:16:29.119,0.84429,0.84448,2.30,1.70
2010.11.15 13:16:31.164,0.84428,0.84448,2.30,1.70
2010.11.15 13:16:33.235,0.84422,0.84436,3.00,1.50
2010.11.15 13:16:37.036,0.84419,0.84433,1.70,1.50
2010.11.15 13:16:37.266,0.84433,0.84442,1.50,3.00
2010.11.15 13:16:37.546,0.84426,0.84447,4.20,1.50
2010.11.15 13:16:39.545,0.84416,0.8443,2.20,1.50
2010.11.15 13:16:41.814,0.84407,0.8443,1.20,3.20
2010.11.15 13:16:43.820,0.84408,0.84431,1.20,3.00
2010.11.15 13:16:44.980,0.84403,0.84412,11.80,1.40
2010.11.15 13:16:45.104,0.84403,0.84422,4.50,1.70
2010.11.15 13:16:45.218,0.844,0.84416,3.20,1.50
2010.11.15 13:16:45.620,0.84403,0.84423,1.20,1.50
2010.11.15 13:16:48.602,0.84416,0.84431,1.50,2.30
2010.11.15 13:16:51.333,0.84411,0.84432,2.30,3.20
2010.11.15 13:16:53.971,0.8441,0.8443,1.50,1.70
2010.11.15 13:16:55.851,0.84407,0.84423,2.60,4.70
2010.11.15 13:16:56.113,0.844,0.84418,3.00,1.70
2010.11.15 13:16:58.495,0.84404,0.84418,1.50,1.50
2010.11.15 13:17:00.924,0.84401,0.84421,1.10,1.70
2010.11.15 13:17:03.014,0.84396,0.84409,2.30,1.70
2010.11.15 13:17:03.128,0.84388,0.84408,2.30,1.70
2010.11.15 13:17:05.412,0.84387,0.84401,1.50,1.50
2010.11.15 13:17:08.074,0.84385,0.84403,1.50,1.50
2010.11.15 13:17:08.186,0.84385,0.84396,1.50,1.50
2010.11.15 13:17:10.222,0.84378,0.84392,1.50,1.50
2010.11.15 13:17:12.831,0.84379,0.84393,1.50,1.50
2010.11.15 13:17:14.445,0.84382,0.84393,1.50,1.70
2010.11.15 13:17:14.663,0.84376,0.84393,3.00,1.50
2010.11.15 13:17:16.425,0.84385,0.84404,1.10,1.50
2010.11.15 13:17:18.735,0.84386,0.84403,1.50,1.50
2010.11.15 13:17:21.743,0.84387,0.84403,1.50,1.50
2010.11.15 13:17:27.775,0.84387,0.84405,1.70,3.00
2010.11.15 13:17:31.329,0.84382,0.844,2.30,1.50
2010.11.15 13:17:33.561,0.84383,0.84403,3.00,3.20
2010.11.15 13:17:35.742,0.84384,0.84398,1.50,1.50
2010.11.15 13:17:36.076,0.84382,0.84401,2.30,2.50
2010.11.15 13:17:38.178,0.84388,0.84407,1.50,1.70
2010.11.15 13:17:40.704,0.84386,0.84403,1.50,4.00
2010.11.15 13:17:42.766,0.84383,0.84399,2.30,1.50
2010.11.15 13:17:43.104,0.84391,0.84407,2.10,1.50
2010.11.15 13:17:46.764,0.84396,0.84414,1.20,1.50
2010.11.15 13:17:47.205,0.84395,0.84414,1.10,1.70
2010.11.15 13:17:48.233,0.84393,0.84414,2.30,2.50
2010.11.15 13:17:48.343,0.84388,0.84406,3.70,1.50
2010.11.15 13:17:50.442,0.84389,0.84407,1.50,1.70
2010.11.15 13:17:54.105,0.84386,0.84404,1.50,3.20
2010.11.15 13:17:54.545,0.84387,0.844,1.50,1.50
2010.11.15 13:17:56.018,0.84394,0.84402,3.20,3.00
2010.11.15 13:17:58.064,0.84387,0.84406,1.50,1.70
2010.11.15 13:18:00.154,0.84379,0.84397,1.50,1.50
2010.11.15 13:18:04.371,0.84379,0.84396,1.50,1.50
2010.11.15 13:18:10.301,0.84382,0.84398,1.50,1.70
2010.11.15 13:18:14.159,0.84384,0.84404,2.30,2.30
2010.11.15 13:18:16.182,0.84392,0.8441,2.30,3.20
2010.11.15 13:18:18.771,0.84392,0.84409,1.50,1.70
2010.11.15 13:18:19.792,0.84397,0.84415,2.30,2.30
2010.11.15 13:18:20.845,0.84399,0.84412,2.30,1.40
2010.11.15 13:18:20.965,0.84389,0.84403,2.30,1.70
2010.11.15 13:18:23.022,0.84386,0.84409,4.20,1.50
2010.11.15 13:18:25.191,0.84383,0.84403,1.50,1.70
2010.11.15 13:18:25.310,0.84382,0.84395,1.50,1.70
2010.11.15 13:18:25.972,0.84382,0.84403,4.80,3.80
2010.11.15 13:18:28.575,0.84379,0.84398,2.30,1.70
2010.11.15 13:18:30.606,0.84379,0.84398,1.50,1.70
2010.11.15 13:18:31.177,0.84377,0.84392,1.50,2.10
2010.11.15 13:18:31.302,0.84374,0.84393,1.50,2.50
2010.11.15 13:18:33.476,0.84375,0.84394,1.50,4.70
2010.11.15 13:18:34.361,0.84375,0.84389,1.50,1.40
2010.11.15 13:18:34.475,0.84375,0.8439,1.50,1.20
2010.11.15 13:18:35.534,0.84365,0.84384,2.50,1.50
2010.11.15 13:18:37.644,0.8437,0.84383,2.30,1.50
2010.11.15 13:18:39.672,0.84371,0.84391,1.50,1.70
2010.11.15 13:18:43.226,0.84379,0.84392,2.30,2.50
2010.11.15 13:18:45.223,0.84374,0.84392,2.50,1.50
2010.11.15 13:18:47.363,0.84373,0.84392,1.50,1.70
2010.11.15 13:18:48.201,0.84373,0.84388,1.50,1.70
2010.11.15 13:18:48.320,0.84369,0.84388,1.20,3.00
2010.11.15 13:18:50.933,0.84373,0.84393,1.10,6.20
2010.11.15 13:18:51.044,0.84373,0.84393,1.10,5.50
2010.11.15 13:18:53.103,0.84376,0.84393,4.20,1.50
2010.11.15 13:18:55.213,0.84379,0.84403,1.20,2.30
2010.11.15 13:18:56.714,0.84378,0.84399,2.70,1.50
2010.11.15 13:18:59.035,0.84381,0.84393,1.50,1.50
2010.11.15 13:19:01.083,0.8438,0.84401,2.30,3.20
2010.11.15 13:19:02.132,0.84372,0.84392,2.50,1.50
2010.11.15 13:19:05.304,0.84381,0.84392,2.30,1.50
2010.11.15 13:19:05.692,0.84381,0.844,2.50,2.30
2010.11.15 13:19:08.794,0.84378,0.84397,3.20,3.00
2010.11.15 13:19:11.103,0.84378,0.84396,2.50,1.50
2010.11.15 13:19:13.214,0.84378,0.84393,5.00,1.50
2010.11.15 13:19:17.053,0.84378,0.84397,1.20,1.50
2010.11.15 13:19:19.261,0.84377,0.84398,2.50,2.30
2010.11.15 13:19:21.875,0.84378,0.84396,1.10,1.50
2010.11.15 13:19:23.915,0.84372,0.84391,1.10,1.70
2010.11.15 13:19:26.290,0.84375,0.84391,1.50,3.00
2010.11.15 13:19:28.950,0.84377,0.84394,1.10,1.50
2010.11.15 13:19:29.283,0.84377,0.84394,1.10,3.80
2010.11.15 13:19:30.681,0.84359,0.84378,3.00,1.70
2010.11.15 13:19:33.901,0.84359,0.84379,1.10,1.50
2010.11.15 13:19:35.073,0.84363,0.84384,2.50,2.30
2010.11.15 13:19:37.186,0.84363,0.84382,1.50,1.70
2010.11.15 13:19:39.792,0.84362,0.84382,2.30,2.50
2010.11.15 13:19:42.094,0.84362,0.84381,2.30,1.70
2010.11.15 13:19:42.671,0.84345,0.84363,1.50,1.50
2010.11.15 13:19:44.876,0.84342,0.8436,1.10,1.50
2010.11.15 13:19:47.173,0.84341,0.84362,3.30,1.70
2010.11.15 13:19:49.582,0.84336,0.84353,1.10,1.50
2010.11.15 13:19:52.580,0.84336,0.8435,1.10,1.50
2010.11.15 13:19:55.086,0.84334,0.8435,1.50,1.50
2010.11.15 13:19:58.854,0.84333,0.84353,2.30,2.30
2010.11.15 13:19:59.076,0.84345,0.84353,2.30,2.30
2010.11.15 13:19:59.364,0.84337,0.84356,3.00,3.20
2010.11.15 13:20:00.972,0.84354,0.84358,1.70,5.90
2010.11.15 13:20:01.305,0.84357,0.84362,1.50,5.90
2010.11.15 13:20:01.622,0.84363,0.84377,1.70,17.10
2010.11.15 13:20:02.064,0.84366,0.84379,1.10,1.50
2010.11.15 13:20:02.450,0.8436,0.84382,1.10,2.30
2010.11.15 13:20:02.674,0.84359,0.84374,3.40,1.50
2010.11.15 13:20:03.006,0.84361,0.84381,1.10,1.50
2010.11.15 13:20:03.704,0.84361,0.84373,1.10,1.50
2010.11.15 13:20:03.975,0.84359,0.8438,1.20,1.50
2010.11.15 13:20:04.307,0.84368,0.84374,1.20,1.50
2010.11.15 13:20:06.485,0.84371,0.84384,1.10,3.00
2010.11.15 13:20:08.443,0.84363,0.84383,4.50,1.50
2010.11.15 13:20:10.639,0.84363,0.84381,1.10,1.50
2010.11.15 13:20:12.683,0.84359,0.84377,4.00,1.50
2010.11.15 13:20:15.352,0.84367,0.84378,1.50,1.50
2010.11.15 13:20:15.685,0.84366,0.84378,1.70,1.50
2010.11.15 13:20:16.644,0.84369,0.84388,5.50,1.50
2010.11.15 13:20:18.388,0.84361,0.84379,4.00,1.70
2010.11.15 13:20:19.120,0.84361,0.8438,1.50,1.50
2010.11.15 13:20:21.125,0.84371,0.84387,2.30,1.50
2010.11.15 13:20:21.973,0.84369,0.84387,1.50,2.30
2010.11.15 13:20:22.823,0.84371,0.84383,1.50,1.50
2010.11.15 13:20:25.048,0.84373,0.84384,1.50,1.70
2010.11.15 13:20:25.165,0.84366,0.84382,2.30,1.70
2010.11.15 13:20:27.563,0.84359,0.84376,1.50,1.50
2010.11.15 13:20:27.895,0.84356,0.84366,1.50,1.50
2010.11.15 13:20:30.612,0.84347,0.84364,3.00,1.70
2010.11.15 13:20:31.654,0.8434,0.8436,2.20,2.50
2010.11.15 13:20:32.177,0.84346,0.84363,1.50,1.70
2010.11.15 13:20:34.213,0.84345,0.84363,1.50,1.50
2010.11.15 13:20:36.232,0.84339,0.84355,1.50,1.50
2010.11.15 13:20:38.371,0.84347,0.84364,1.50,1.50
2010.11.15 13:20:40.403,0.84332,0.84348,1.50,1.50
2010.11.15 13:20:41.276,0.84333,0.84353,2.60,2.30
2010.11.15 13:20:41.987,0.84347,0.84364,1.10,1.50
2010.11.15 13:20:42.874,0.84349,0.84364,1.20,1.50
2010.11.15 13:20:43.353,0.84359,0.84373,3.80,1.50
2010.11.15 13:20:43.472,0.84359,0.84382,3.80,3.00
2010.11.15 13:20:45.154,0.84362,0.84383,1.50,3.20
2010.11.15 13:20:46.005,0.84362,0.84374,2.30,2.50
2010.11.15 13:20:46.226,0.84351,0.84371,1.50,1.70
2010.11.15 13:20:46.783,0.84351,0.84366,1.50,1.50
2010.11.15 13:20:47.299,0.84345,0.84366,1.70,3.00
2010.11.15 13:20:48.298,0.84359,0.84374,1.80,1.50
2010.11.15 13:20:48.658,0.84364,0.84383,2.30,3.70
2010.11.15 13:20:50.802,0.84367,0.84382,1.50,1.50
2010.11.15 13:20:52.751,0.84374,0.84391,2.50,2.20
2010.11.15 13:20:54.881,0.84378,0.84395,1.50,1.50
2010.11.15 13:20:57.052,0.84383,0.84402,1.50,1.70
2010.11.15 13:20:57.342,0.84382,0.84402,3.20,1.50
2010.11.15 13:20:57.470,0.84384,0.84404,2.30,1.70
2010.11.15 13:20:59.523,0.84387,0.84401,1.50,1.50
2010.11.15 13:21:01.812,0.84381,0.84397,1.50,1.50
2010.11.15 13:21:02.364,0.84378,0.84386,1.50,1.70
2010.11.15 13:21:03.874,0.84372,0.84378,2.60,1.20
2010.11.15 13:21:04.532,0.84358,0.84376,1.50,1.70
2010.11.15 13:21:05.305,0.8436,0.84381,2.60,2.30
2010.11.15 13:21:07.434,0.84366,0.84383,1.50,1.50
2010.11.15 13:21:07.765,0.84358,0.84378,3.00,1.40
2010.11.15 13:21:09.793,0.84349,0.84368,1.50,1.50
2010.11.15 13:21:11.323,0.84348,0.84364,1.50,2.50
2010.11.15 13:21:12.486,0.8434,0.84361,1.80,3.80
2010.11.15 13:21:14.440,0.84341,0.84345,1.50,2.30
2010.11.15 13:21:14.678,0.84335,0.84348,2.20,2.50
2010.11.15 13:21:15.090,0.84327,0.84348,1.50,3.70
2010.11.15 13:21:17.185,0.8433,0.84348,1.50,1.70
2010.11.15 13:21:17.985,0.84319,0.84338,3.80,1.70
2010.11.15 13:21:18.097,0.84327,0.84335,1.50,1.50
2010.11.15 13:21:18.645,0.84325,0.84343,1.10,3.20
2010.11.15 13:21:19.433,0.84324,0.84338,1.50,1.40
2010.11.15 13:21:19.669,0.84317,0.84333,3.00,4.00
2010.11.15 13:21:19.789,0.84313,0.84334,2.50,2.30
2010.11.15 13:21:20.139,0.8432,0.8433,1.50,2.20
2010.11.15 13:21:20.477,0.84321,0.8434,2.00,1.50
2010.11.15 13:21:23.370,0.84312,0.8433,1.70,1.50
2010.11.15 13:21:25.510,0.84324,0.84334,4.70,5.20
2010.11.15 13:21:25.626,0.84319,0.84341,2.70,2.30
2010.11.15 13:21:27.331,0.84333,0.84347,1.50,1.70
2010.11.15 13:21:29.450,0.84326,0.84343,2.50,1.50
2010.11.15 13:21:30.996,0.84333,0.84344,2.30,1.50
2010.11.15 13:21:32.563,0.84336,0.84353,1.50,1.50
2010.11.15 13:21:33.104,0.84329,0.84349,2.30,5.30
2010.11.15 13:21:35.183,0.84322,0.84341,1.50,1.70
2010.11.15 13:21:36.373,0.84321,0.84337,1.50,1.70
2010.11.15 13:21:38.707,0.84319,0.84334,1.50,2.50
2010.11.15 13:21:41.481,0.84316,0.8433,1.50,1.50
2010.11.15 13:21:43.966,0.84306,0.84329,3.80,1.50
2010.11.15 13:21:45.243,0.84309,0.8433,1.10,1.50
2010.11.15 13:21:46.358,0.84321,0.84334,1.50,1.50
2010.11.15 13:21:46.868,0.84317,0.8433,1.50,3.20
2010.11.15 13:21:47.204,0.84308,0.84325,1.50,4.70
2010.11.15 13:21:47.425,0.84309,0.84322,1.50,1.50
2010.11.15 13:21:48.023,0.84314,0.84333,1.50,4.50
2010.11.15 13:21:50.918,0.84317,0.84337,1.50,1.70
2010.11.15 13:21:53.017,0.8432,0.84339,1.10,1.50
2010.11.15 13:21:55.011,0.84327,0.84345,2.30,2.10
2010.11.15 13:21:55.780,0.84317,0.84334,1.50,1.70
2010.11.15 13:21:56.781,0.8431,0.84329,1.50,1.50
2010.11.15 13:21:58.962,0.84321,0.84331,1.50,1.50
2010.11.15 13:22:01.174,0.84317,0.84333,2.30,1.50
2010.11.15 13:22:03.452,0.84314,0.84334,2.60,3.20
2010.11.15 13:22:05.482,0.84316,0.84329,1.50,1.70
2010.11.15 13:22:06.048,0.84306,0.84323,1.50,1.70
2010.11.15 13:22:08.074,0.84305,0.84318,1.50,2.50
2010.11.15 13:22:09.540,0.84305,0.84311,1.50,1.50
2010.11.15 13:22:11.753,0.84297,0.8431,1.50,1.70
2010.11.15 13:22:13.995,0.84292,0.84308,1.50,1.50
2010.11.15 13:22:16.123,0.84297,0.84308,1.50,1.50
2010.11.15 13:22:19.107,0.843,0.84313,1.50,1.50
2010.11.15 13:22:20.306,0.84302,0.84323,2.70,3.00
2010.11.15 13:22:22.561,0.84318,0.84334,1.10,1.50
2010.11.15 13:22:24.368,0.84315,0.8433,2.20,1.50
2010.11.15 13:22:24.486,0.84309,0.8433,2.30,1.70
2010.11.15 13:22:25.968,0.84314,0.84323,1.50,1.50
2010.11.15 13:22:26.086,0.84306,0.84323,1.50,1.50
2010.11.15 13:22:28.402,0.84301,0.84322,2.30,1.50
2010.11.15 13:22:30.413,0.84305,0.84322,1.50,1.50
2010.11.15 13:22:32.536,0.84311,0.84329,1.50,1.70
2010.11.15 13:22:34.775,0.84307,0.84328,1.70,6.80
2010.11.15 13:22:37.544,0.84319,0.84334,1.50,1.50
2010.11.15 13:22:37.874,0.84329,0.84344,1.50,2.30
2010.11.15 13:22:40.443,0.84327,0.84344,1.50,2.50
2010.11.15 13:22:42.804,0.8433,0.84344,1.50,2.30
2010.11.15 13:22:44.378,0.84331,0.84353,2.30,1.50
2010.11.15 13:22:48.254,0.84328,0.84349,1.20,1.50
2010.11.15 13:22:50.475,0.8433,0.84347,1.50,1.70
2010.11.15 13:22:51.695,0.84328,0.84348,2.50,1.50
2010.11.15 13:22:53.942,0.84333,0.84354,1.70,2.30
2010.11.15 13:22:56.657,0.84336,0.84357,3.00,1.50
2010.11.15 13:22:59.682,0.84336,0.84357,1.50,1.50
2010.11.15 13:23:02.261,0.84338,0.84354,1.50,1.50
2010.11.15 13:23:04.792,0.84337,0.84355,1.50,1.50
2010.11.15 13:23:06.804,0.84339,0.84358,1.20,1.50
2010.11.15 13:23:08.823,0.84339,0.84361,1.20,1.50
2010.11.15 13:23:11.414,0.8434,0.84357,1.10,1.50
2010.11.15 13:23:14.923,0.84346,0.84363,1.50,8.40
2010.11.15 13:23:17.483,0.84342,0.84361,1.50,1.70
2010.11.15 13:23:19.982,0.84342,0.84356,1.50,1.50
2010.11.15 13:23:23.061,0.84345,0.84361,1.50,1.70
2010.11.15 13:23:24.487,0.8435,0.84364,2.10,9.00
2010.11.15 13:23:24.837,0.84354,0.84369,3.00,2.40
2010.11.15 13:23:26.786,0.84362,0.84373,1.10,1.50
2010.11.15 13:23:28.962,0.8436,0.84378,1.10,1.50
2010.11.15 13:23:31.206,0.84357,0.84377,1.20,2.30
2010.11.15 13:23:33.318,0.84353,0.84371,1.10,2.50
2010.11.15 13:23:33.885,0.84367,0.84376,1.50,1.50
2010.11.15 13:23:35.923,0.84363,0.8438,1.70,1.50
2010.11.15 13:23:38.022,0.84361,0.8438,1.20,1.50
2010.11.15 13:23:40.217,0.84356,0.84375,2.30,1.70
2010.11.15 13:23:42.625,0.84361,0.84378,1.50,1.50
2010.11.15 13:23:45.273,0.84364,0.84384,1.50,3.00
2010.11.15 13:23:48.023,0.84364,0.84377,1.70,2.30
2010.11.15 13:23:50.183,0.84361,0.8438,1.70,1.50
2010.11.15 13:23:52.274,0.84356,0.84373,1.10,3.00
2010.11.15 13:23:54.845,0.84349,0.84372,1.10,2.50
2010.11.15 13:23:57.004,0.84353,0.84373,2.60,2.50
2010.11.15 13:23:59.017,0.84347,0.84363,2.60,1.50
2010.11.15 13:24:00.055,0.84352,0.84374,1.10,1.70
2010.11.15 13:24:02.983,0.84352,0.84373,1.10,1.50
2010.11.15 13:24:07.304,0.84356,0.84374,1.10,1.70
2010.11.15 13:24:09.930,0.84358,0.84374,1.50,1.50
2010.11.15 13:24:12.174,0.8436,0.84374,2.50,1.50
2010.11.15 13:24:12.397,0.84363,0.84383,2.70,2.30
2010.11.15 13:24:17.446,0.84359,0.84379,1.10,4.00
2010.11.15 13:24:20.916,0.84361,0.84373,1.50,1.50
2010.11.15 13:24:27.183,0.84361,0.8438,1.20,1.50
2010.11.15 13:24:29.622,0.84367,0.84384,1.70,2.30
2010.11.15 13:24:31.826,0.84359,0.84381,2.30,4.00
2010.11.15 13:24:32.825,0.84373,0.84381,1.50,1.50
2010.11.15 13:24:36.223,0.84367,0.84387,2.30,1.70
2010.11.15 13:24:38.283,0.84367,0.84385,1.50,1.50
2010.11.15 13:24:40.223,0.84362,0.84381,1.10,1.70
2010.11.15 13:24:41.271,0.84364,0.84374,1.10,1.50
2010.11.15 13:24:41.603,0.84367,0.84381,1.10,1.50
2010.11.15 13:24:46.183,0.84368,0.84383,1.10,1.50
2010.11.15 13:24:48.337,0.84357,0.84381,6.20,2.50
2010.11.15 13:24:51.103,0.84358,0.8438,2.60,3.20
2010.11.15 13:24:54.389,0.84358,0.84374,2.60,1.50
2010.11.15 13:24:56.944,0.84361,0.84382,1.10,5.50
2010.11.15 13:24:59.241,0.84364,0.84383,1.10,1.50
2010.11.15 13:24:59.476,0.84364,0.84381,3.20,2.50
2010.11.15 13:24:59.600,0.84359,0.84376,1.50,4.70
2010.11.15 13:24:59.992,0.84353,0.84372,1.50,1.70
2010.11.15 13:25:00.225,0.84358,0.84373,1.50,2.30
2010.11.15 13:25:02.604,0.84361,0.8438,1.50,1.50
2010.11.15 13:25:04.753,0.84359,0.84378,1.70,1.50
2010.11.15 13:25:07.606,0.84359,0.8438,2.70,3.00
2010.11.15 13:25:13.131,0.84359,0.8438,2.00,3.00
2010.11.15 13:25:17.103,0.84359,0.84378,1.70,1.50
2010.11.15 13:25:19.493,0.84363,0.84383,2.00,2.30
2010.11.15 13:25:20.623,0.84372,0.84393,1.50,3.00
2010.11.15 13:25:23.005,0.84368,0.84383,2.30,1.50
2010.11.15 13:25:25.075,0.84366,0.84383,1.50,2.50
2010.11.15 13:25:28.146,0.84356,0.84377,3.80,3.20
2010.11.15 13:25:33.316,0.84355,0.84374,2.30,2.30
2010.11.15 13:25:35.413,0.84356,0.84374,1.50,2.30
2010.11.15 13:25:38.112,0.84354,0.84374,1.10,3.80
2010.11.15 13:25:42.424,0.84354,0.84374,2.00,2.30
2010.11.15 13:25:42.970,0.84367,0.84374,2.50,1.50
2010.11.15 13:25:43.086,0.84367,0.84382,1.50,2.30
2010.11.15 13:25:45.553,0.84366,0.84384,1.10,1.50
2010.11.15 13:25:47.604,0.84363,0.84383,1.10,1.50
2010.11.15 13:25:53.892,0.84368,0.84384,2.20,1.50
2010.11.15 13:25:56.033,0.84369,0.84386,2.20,1.50
2010.11.15 13:25:59.436,0.84369,0.84388,1.20,2.30
2010.11.15 13:26:02.491,0.84374,0.84389,1.10,1.50
2010.11.15 13:26:04.513,0.84383,0.84402,1.10,3.00
2010.11.15 13:26:07.242,0.84384,0.84402,1.10,1.50
2010.11.15 13:26:08.034,0.84377,0.84398,2.60,1.70
2010.11.15 13:26:11.053,0.84378,0.84396,5.70,1.50
2010.11.15 13:26:11.167,0.84386,0.84396,2.50,1.50
2010.11.15 13:26:11.291,0.84386,0.84405,3.50,3.70
2010.11.15 13:26:13.767,0.84386,0.84403,2.70,1.50
2010.11.15 13:26:19.066,0.84386,0.84405,2.70,1.50
2010.11.15 13:26:21.524,0.84386,0.84404,2.70,1.50
2010.11.15 13:26:24.196,0.8438,0.84401,1.20,2.30
2010.11.15 13:26:26.521,0.84386,0.84401,1.50,1.50
2010.11.15 13:26:31.622,0.84386,0.84401,1.50,2.50
2010.11.15 13:26:34.403,0.84378,0.84395,1.10,1.50
2010.11.15 13:26:40.552,0.84379,0.84396,1.10,1.50
2010.11.15 13:26:42.616,0.84388,0.84397,1.10,1.50
2010.11.15 13:26:43.064,0.84379,0.84398,3.40,1.50
2010.11.15 13:26:43.360,0.84379,0.84394,3.00,1.70
2010.11.15 13:26:43.586,0.84372,0.8439,1.20,1.50
2010.11.15 13:26:47.804,0.84379,0.84398,1.10,1.70
2010.11.15 13:26:50.015,0.84377,0.84395,2.60,1.50
2010.11.15 13:26:52.684,0.84382,0.84402,1.10,1.50
2010.11.15 13:26:56.053,0.84387,0.84402,1.50,1.50
2010.11.15 13:26:58.082,0.84382,0.84402,1.10,1.50
2010.11.15 13:27:00.384,0.84388,0.84409,1.20,2.30
2010.11.15 13:27:02.572,0.84389,0.84408,1.20,1.50
2010.11.15 13:27:04.973,0.84387,0.84407,1.10,2.30
2010.11.15 13:27:08.813,0.84396,0.84411,1.10,1.50
2010.11.15 13:27:11.872,0.84388,0.84408,1.10,2.30
2010.11.15 13:27:18.074,0.84388,0.84411,2.60,3.20
2010.11.15 13:27:20.252,0.84396,0.84417,4.10,1.70
2010.11.15 13:27:22.665,0.844,0.8442,1.10,2.30
2010.11.15 13:27:23.936,0.84403,0.84424,3.00,1.90
2010.11.15 13:27:24.157,0.84401,0.84423,2.60,2.10
2010.11.15 13:27:27.053,0.844,0.84418,1.10,1.50
2010.11.15 13:27:30.415,0.84405,0.84422,2.30,1.50
2010.11.15 13:27:30.866,0.84409,0.8443,1.10,1.50
2010.11.15 13:27:32.935,0.8441,0.8443,1.50,1.70
2010.11.15 13:27:36.193,0.84407,0.84427,1.50,2.50
2010.11.15 13:27:40.611,0.844,0.84421,2.30,1.50
2010.11.15 13:27:42.696,0.84392,0.84413,1.10,1.70
2010.11.15 13:27:45.546,0.84388,0.84407,1.10,1.70
2010.11.15 13:27:48.117,0.8439,0.84409,1.10,1.70
2010.11.15 13:27:51.155,0.84388,0.84405,1.50,1.70
2010.11.15 13:27:53.734,0.84394,0.84408,1.50,1.50
2010.11.15 13:27:56.277,0.84386,0.84405,2.60,1.50
2010.11.15 13:27:58.455,0.84386,0.84402,1.50,1.50
2010.11.15 13:28:00.653,0.84387,0.8441,2.50,1.50
2010.11.15 13:28:05.712,0.8439,0.84411,1.10,1.70
2010.11.15 13:28:08.522,0.8439,0.84412,1.10,1.50
2010.11.15 13:28:13.653,0.84397,0.8442,3.20,1.50
2010.11.15 13:28:16.764,0.84397,0.84419,3.00,1.70
2010.11.15 13:28:19.370,0.84397,0.84415,1.40,1.50
2010.11.15 13:28:19.486,0.84402,0.84419,3.20,1.50
2010.11.15 13:28:21.209,0.844,0.84421,3.30,1.70
2010.11.15 13:28:21.899,0.84407,0.84419,1.50,1.70
2010.11.15 13:28:24.244,0.84396,0.84419,4.80,1.50
2010.11.15 13:28:30.283,0.84399,0.84419,3.60,1.50
2010.11.15 13:28:30.763,0.84406,0.84419,1.50,1.50
2010.11.15 13:28:32.062,0.844,0.84419,2.20,1.70
2010.11.15 13:28:35.092,0.84399,0.84421,5.80,1.50
2010.11.15 13:28:39.283,0.84405,0.84421,2.50,1.50
2010.11.15 13:28:41.010,0.84407,0.84421,2.50,1.50
2010.11.15 13:28:41.456,0.84415,0.84436,1.70,2.50
2010.11.15 13:28:45.294,0.84413,0.84433,2.50,3.00
2010.11.15 13:28:47.325,0.84404,0.84425,2.50,1.50
2010.11.15 13:28:49.744,0.84397,0.84418,3.20,1.50
2010.11.15 13:28:55.836,0.84399,0.8442,1.70,1.50
2010.11.15 13:28:58.577,0.84404,0.8442,2.50,1.50
2010.11.15 13:29:00.536,0.84403,0.84422,2.30,3.90
2010.11.15 13:29:03.425,0.84397,0.8442,1.10,1.70
2010.11.15 13:29:08.682,0.84397,0.8442,5.70,1.50
2010.11.15 13:29:10.754,0.84397,0.84413,1.50,1.70
2010.11.15 13:29:11.084,0.84388,0.8441,3.20,1.50
2010.11.15 13:29:12.303,0.84391,0.8441,1.70,1.50
2010.11.15 13:29:12.422,0.84393,0.8441,2.50,1.50
2010.11.15 13:29:12.535,0.84406,0.8441,2.20,1.50
2010.11.15 13:29:12.644,0.84406,0.84421,2.20,1.50
2010.11.15 13:29:14.433,0.84396,0.84415,1.50,1.50
2010.11.15 13:29:15.536,0.8439,0.84408,2.20,1.50
2010.11.15 13:29:17.897,0.84391,0.84413,1.50,1.50
2010.11.15 13:29:22.344,0.84398,0.84417,3.00,1.50
2010.11.15 13:29:22.865,0.84407,0.84427,3.00,1.50
2010.11.15 13:29:24.853,0.84399,0.84423,1.10,1.50
2010.11.15 13:29:26.314,0.84408,0.84428,2.30,1.50
2010.11.15 13:29:29.942,0.84408,0.84427,3.00,1.50
2010.11.15 13:29:30.327,0.84413,0.84438,1.10,1.50
2010.11.15 13:29:30.568,0.84422,0.84428,2.30,1.50
2010.11.15 13:29:30.976,0.84422,0.8444,2.30,1.50
2010.11.15 13:29:31.093,0.84408,0.84429,1.10,1.50
2010.11.15 13:29:33.184,0.84409,0.8443,1.10,1.50
2010.11.15 13:29:35.484,0.84409,0.84432,1.10,1.50
2010.11.15 13:29:36.571,0.84426,0.84436,1.50,1.50
2010.11.15 13:29:36.800,0.84417,0.8444,1.10,1.50
2010.11.15 13:29:38.261,0.84419,0.8443,1.50,1.50
2010.11.15 13:29:38.380,0.84409,0.8443,3.20,1.50
2010.11.15 13:29:42.002,0.84417,0.84438,1.10,1.50
2010.11.15 13:29:44.014,0.84417,0.84436,1.10,1.50
2010.11.15 13:29:47.252,0.84412,0.84449,3.00,1.50
2010.11.15 13:29:47.973,0.84412,0.84458,2.30,1.50
2010.11.15 13:29:48.192,0.84419,0.84458,2.30,1.50
2010.11.15 13:29:48.413,0.84417,0.84464,2.30,1.50
2010.11.15 13:29:50.361,0.84411,0.84472,2.70,2.30
2010.11.15 13:29:50.581,0.84411,0.84461,2.70,2.30
2010.11.15 13:29:52.421,0.84408,0.84458,2.30,2.30
2010.11.15 13:29:53.243,0.8441,0.84462,2.30,2.30
2010.11.15 13:29:53.799,0.84389,0.84484,1.10,2.30
2010.11.15 13:29:54.632,0.84403,0.84496,1.10,2.60
2010.11.15 13:29:56.704,0.84397,0.84494,1.10,1.80
2010.11.15 13:29:58.003,0.84397,0.84502,1.10,2.70
2010.11.15 13:29:58.551,0.84397,0.84502,1.10,2.70
2010.11.15 13:29:59.003,0.84406,0.84509,1.50,1.50
2010.11.15 13:29:59.222,0.84417,0.84508,1.10,1.80
2010.11.15 13:29:59.440,0.84407,0.84508,1.10,1.80
2010.11.15 13:29:59.771,0.84407,0.8451,1.10,2.20
2010.11.15 13:30:01.023,0.84426,0.84531,1.10,1.50
2010.11.15 13:30:01.156,0.844,0.84516,1.10,1.50
2010.11.15 13:30:01.513,0.84404,0.84511,1.10,1.50
2010.11.15 13:30:01.647,0.84412,0.84521,1.10,1.50
2010.11.15 13:30:02.253,0.84398,0.84522,1.10,1.50
2010.11.15 13:30:02.503,0.84398,0.84523,1.10,1.50
2010.11.15 13:30:03.705,0.84407,0.84533,1.20,2.10
2010.11.15 13:30:04.328,0.84421,0.84532,1.10,2.40
2010.11.15 13:30:04.445,0.84412,0.84525,1.10,1.50
2010.11.15 13:30:05.286,0.84407,0.84524,1.70,1.50
2010.11.15 13:30:05.624,0.84406,0.84525,1.20,1.50
2010.11.15 13:30:05.810,0.84406,0.84525,1.10,1.50
2010.11.15 13:30:05.930,0.84419,0.84533,1.10,2.30
2010.11.15 13:30:06.414,0.84396,0.84532,1.80,2.10
2010.11.15 13:30:06.850,0.84437,0.84532,1.10,2.40
2010.11.15 13:30:07.869,0.84423,0.845,2.30,2.30
2010.11.15 13:30:08.090,0.84434,0.8451,2.30,2.30
2010.11.15 13:30:08.200,0.84423,0.845,2.30,2.30
2010.11.15 13:30:08.311,0.84441,0.84509,2.30,1.50
2010.11.15 13:30:09.034,0.84443,0.84512,2.30,3.80
2010.11.15 13:30:09.541,0.84434,0.84502,2.30,2.30
2010.11.15 13:30:10.241,0.84439,0.84509,2.30,3.00
2010.11.15 13:30:10.571,0.8444,0.8451,2.30,3.00
2010.11.15 13:30:11.113,0.84459,0.8452,2.30,1.20
2010.11.15 13:30:11.336,0.84434,0.84504,3.30,2.30
2010.11.15 13:30:11.535,0.84429,0.84488,1.50,2.30
2010.11.15 13:30:11.755,0.84406,0.84474,2.30,2.30
2010.11.15 13:30:12.333,0.84426,0.8447,1.10,1.50
2010.11.15 13:30:13.001,0.8442,0.84462,1.10,1.50
2010.11.15 13:30:13.112,0.84418,0.84445,1.10,2.30
2010.11.15 13:30:13.459,0.84395,0.84433,2.90,1.50
2010.11.15 13:30:13.577,0.84391,0.84422,1.50,1.50
2010.11.15 13:30:13.693,0.84373,0.84422,1.10,1.50
2010.11.15 13:30:15.860,0.84366,0.84417,1.10,1.50
2010.11.15 13:30:16.193,0.84366,0.84417,1.10,3.00
2010.11.15 13:30:18.200,0.84385,0.84422,1.10,1.50
2010.11.15 13:30:19.158,0.8438,0.84419,1.10,1.50
2010.11.15 13:30:21.176,0.84376,0.84419,1.10,1.50
2010.11.15 13:30:21.630,0.84358,0.84398,1.10,1.50
2010.11.15 13:30:21.854,0.84354,0.84394,1.10,1.50
2010.11.15 13:30:22.469,0.84365,0.84401,1.50,1.50
2010.11.15 13:30:22.585,0.84371,0.84401,2.30,1.50
2010.11.15 13:30:22.937,0.84371,0.84411,1.10,1.50
2010.11.15 13:30:23.293,0.84379,0.84419,2.60,2.20
2010.11.15 13:30:23.731,0.84385,0.84419,1.10,3.00
2010.11.15 13:30:26.070,0.84387,0.84415,1.10,1.50
2010.11.15 13:30:26.391,0.84385,0.84413,1.10,3.00
2010.11.15 13:30:26.572,0.84379,0.84409,1.10,1.50
2010.11.15 13:30:26.913,0.84376,0.84409,1.10,3.00
2010.11.15 13:30:27.867,0.84377,0.84408,1.10,3.70
2010.11.15 13:30:30.349,0.84388,0.8441,1.10,2.30
2010.11.15 13:30:30.699,0.84408,0.84423,1.10,2.20
2010.11.15 13:30:31.343,0.84412,0.84434,1.10,1.50
2010.11.15 13:30:33.835,0.84401,0.84424,1.10,2.30
2010.11.15 13:30:34.058,0.84398,0.84415,1.10,1.20
2010.11.15 13:30:34.286,0.84388,0.84413,2.30,1.50
2010.11.15 13:30:36.517,0.84382,0.84398,1.10,1.50
2010.11.15 13:30:38.434,0.84392,0.84406,1.50,1.50
2010.11.15 13:30:39.255,0.8438,0.84403,1.10,1.50
2010.11.15 13:30:41.339,0.84376,0.84394,1.10,1.50
2010.11.15 13:30:41.685,0.84369,0.84392,1.10,1.50
2010.11.15 13:30:42.725,0.84366,0.84392,4.80,3.80
2010.11.15 13:30:44.521,0.84373,0.84387,1.50,1.50
2010.11.15 13:30:44.634,0.84364,0.84383,1.10,1.50
2010.11.15 13:30:44.921,0.84379,0.84387,1.50,1.50
2010.11.15 13:30:45.058,0.84379,0.84393,2.60,1.50
2010.11.15 13:30:45.174,0.84378,0.84404,1.10,2.30
2010.11.15 13:30:47.344,0.84392,0.84414,3.20,2.30
2010.11.15 13:30:47.853,0.84392,0.84407,2.20,1.50
2010.11.15 13:30:48.808,0.84376,0.84392,2.60,1.50
2010.11.15 13:30:50.420,0.84366,0.84382,2.30,1.50
2010.11.15 13:30:50.539,0.84363,0.84384,1.40,1.50
2010.11.15 13:30:51.596,0.84378,0.84387,2.30,1.50
2010.11.15 13:30:51.877,0.8438,0.84396,1.50,1.50
2010.11.15 13:30:53.079,0.84377,0.84387,6.30,4.50
2010.11.15 13:30:53.645,0.84364,0.8437,2.20,2.30
2010.11.15 13:30:53.867,0.84347,0.84364,1.90,1.50
2010.11.15 13:30:54.669,0.84336,0.84344,1.10,1.50
2010.11.15 13:30:55.022,0.84318,0.84338,2.30,1.50
2010.11.15 13:30:55.404,0.84328,0.84346,3.80,1.50
2010.11.15 13:30:55.519,0.84329,0.84353,1.10,2.30
2010.11.15 13:30:55.746,0.84332,0.84355,4.90,1.50
2010.11.15 13:30:56.118,0.84358,0.84368,2.30,3.70
2010.11.15 13:30:56.239,0.8435,0.84368,2.30,3.00
2010.11.15 13:30:56.430,0.84356,0.84376,1.50,1.50
2010.11.15 13:30:56.833,0.84347,0.84367,1.50,3.00
2010.11.15 13:30:57.276,0.84336,0.84353,1.10,1.50
2010.11.15 13:30:58.064,0.84345,0.84364,1.10,1.50
2010.11.15 13:30:59.952,0.84351,0.84368,2.30,1.50
2010.11.15 13:31:01.118,0.84347,0.84363,1.10,1.50
2010.11.15 13:31:01.570,0.84354,0.84374,1.90,2.30
2010.11.15 13:31:01.851,0.84362,0.84381,1.10,2.20
2010.11.15 13:31:03.180,0.84372,0.84393,2.30,1.50
2010.11.15 13:31:04.381,0.84366,0.84392,3.00,1.50
2010.11.15 13:31:04.697,0.84362,0.84375,1.10,2.30
2010.11.15 13:31:06.912,0.8436,0.84377,2.30,1.50
2010.11.15 13:31:08.226,0.84347,0.84365,1.50,1.50
2010.11.15 13:31:10.023,0.84337,0.8436,5.90,1.50
2010.11.15 13:31:11.291,0.84347,0.84369,2.30,3.00
2010.11.15 13:31:12.133,0.84376,0.84383,2.30,3.00
2010.11.15 13:31:12.251,0.84377,0.84392,2.30,1.50
2010.11.15 13:31:12.585,0.84378,0.844,3.00,3.00
2010.11.15 13:31:14.720,0.84382,0.84403,1.10,3.00
2010.11.15 13:31:16.565,0.84378,0.84403,1.20,1.50
2010.11.15 13:31:19.848,0.84373,0.84401,2.90,3.70
2010.11.15 13:31:19.965,0.84381,0.84401,1.10,3.00
2010.11.15 13:31:22.388,0.84371,0.84391,1.10,1.50
2010.11.15 13:31:23.451,0.84365,0.8438,7.50,1.40
2010.11.15 13:31:23.567,0.84361,0.84378,2.20,1.50
2010.11.15 13:31:23.979,0.84371,0.84385,2.20,1.50
2010.11.15 13:31:24.205,0.84375,0.84389,1.20,1.20
2010.11.15 13:31:24.559,0.84387,0.84392,3.80,4.40
2010.11.15 13:31:24.797,0.84404,0.84415,1.70,3.70
2010.11.15 13:31:25.277,0.84405,0.84424,1.10,1.50
2010.11.15 13:31:25.817,0.84399,0.8442,1.10,1.70
2010.11.15 13:31:28.250,0.84406,0.84424,1.10,1.50
2010.11.15 13:31:29.945,0.84397,0.84422,2.30,1.70
2010.11.15 13:31:32.049,0.84399,0.84417,4.00,2.20
2010.11.15 13:31:32.386,0.84404,0.84421,1.40,1.50
2010.11.15 13:31:32.668,0.84406,0.84425,1.50,1.70
2010.11.15 13:31:33.724,0.84418,0.84434,3.00,4.70
2010.11.15 13:31:33.960,0.84427,0.84442,1.10,1.50
2010.11.15 13:31:36.026,0.84424,0.84442,1.10,1.70
2010.11.15 13:31:36.809,0.84417,0.84437,2.60,1.70
2010.11.15 13:31:39.472,0.84419,0.84434,1.50,1.70
2010.11.15 13:31:41.645,0.84415,0.84433,1.80,2.50
2010.11.15 13:31:41.756,0.84414,0.84428,1.50,2.50
2010.11.15 13:31:42.195,0.84413,0.84431,2.60,2.20
2010.11.15 13:31:44.215,0.84411,0.84428,1.10,1.70
2010.11.15 13:31:46.651,0.8441,0.84424,2.30,1.50
2010.11.15 13:31:47.314,0.84413,0.84434,2.50,1.50
2010.11.15 13:31:49.794,0.84426,0.84443,2.50,2.30
2010.11.15 13:31:49.907,0.84435,0.84451,2.30,1.50
2010.11.15 13:31:51.738,0.84431,0.8444,1.10,1.70
2010.11.15 13:31:53.245,0.84422,0.84443,4.00,3.20
2010.11.15 13:31:55.417,0.84422,0.84437,1.50,1.70
2010.11.15 13:31:57.523,0.84423,0.8444,1.10,1.50
2010.11.15 13:31:58.167,0.84431,0.84452,4.20,4.50
2010.11.15 13:32:00.319,0.84434,0.84451,3.80,2.50
2010.11.15 13:32:01.021,0.84433,0.84451,1.10,1.50
2010.11.15 13:32:01.657,0.84442,0.84464,1.20,4.50
2010.11.15 13:32:03.544,0.8445,0.84455,1.70,1.50
2010.11.15 13:32:04.062,0.84462,0.84473,1.70,5.20
2010.11.15 13:32:04.178,0.84462,0.84473,1.70,3.70
2010.11.15 13:32:04.554,0.84468,0.84486,1.10,3.70
2010.11.15 13:32:06.732,0.84469,0.84484,1.10,1.50
2010.11.15 13:32:06.972,0.84471,0.84485,1.50,3.20
2010.11.15 13:32:08.341,0.84457,0.84478,2.60,1.70
2010.11.15 13:32:09.296,0.84457,0.84464,1.50,1.50
2010.11.15 13:32:10.512,0.84464,0.84472,1.20,9.60
2010.11.15 13:32:10.740,0.84475,0.84479,3.20,5.90
2010.11.15 13:32:12.407,0.84477,0.84494,1.50,1.50
2010.11.15 13:32:13.297,0.84471,0.8449,2.30,2.50
2010.11.15 13:32:13.622,0.84467,0.84487,2.30,3.00
2010.11.15 13:32:14.289,0.84462,0.84483,2.20,2.50
2010.11.15 13:32:16.173,0.84459,0.84479,2.30,1.70
2010.11.15 13:32:18.690,0.84453,0.84473,1.10,3.20
2010.11.15 13:32:20.294,0.84451,0.84474,2.70,1.50
2010.11.15 13:32:20.581,0.84462,0.84479,1.70,1.50
2010.11.15 13:32:21.145,0.8446,0.84481,1.70,1.50
2010.11.15 13:32:22.113,0.84444,0.84469,5.00,3.00
2010.11.15 13:32:23.691,0.84454,0.84474,1.10,2.30
2010.11.15 13:32:23.825,0.84465,0.84476,1.70,1.50
2010.11.15 13:32:25.967,0.84471,0.84488,1.10,1.50
2010.11.15 13:32:28.227,0.84468,0.8449,1.10,1.50
2010.11.15 13:32:28.675,0.84477,0.84491,1.50,1.50
2010.11.15 13:32:31.942,0.8447,0.84492,1.10,1.50
2010.11.15 13:32:34.146,0.84466,0.84487,2.50,1.50
2010.11.15 13:32:36.824,0.84468,0.84483,1.10,1.40
2010.11.15 13:32:37.187,0.8446,0.84476,2.20,1.40
2010.11.15 13:32:37.430,0.8444,0.84458,2.20,3.00
2010.11.15 13:32:38.135,0.84452,0.84464,3.50,3.70
2010.11.15 13:32:38.246,0.84458,0.84471,1.70,2.20
2010.11.15 13:32:38.661,0.84463,0.84479,2.00,4.50
2010.11.15 13:32:39.477,0.84478,0.84502,1.10,1.70
2010.11.15 13:32:40.623,0.84477,0.84496,4.50,3.20
2010.11.15 13:32:40.757,0.84477,0.84499,4.50,1.40
2010.11.15 13:32:40.886,0.84477,0.845,4.50,1.70
2010.11.15 13:32:41.340,0.84484,0.84494,2.20,3.00
2010.11.15 13:32:41.464,0.84467,0.84485,3.70,2.50
2010.11.15 13:32:41.903,0.84467,0.84489,1.50,1.50
2010.11.15 13:32:42.017,0.84467,0.84479,2.30,2.10
2010.11.15 13:32:42.245,0.84455,0.84476,1.50,1.70
2010.11.15 13:32:44.341,0.84462,0.84476,1.10,2.20
2010.11.15 13:32:44.682,0.84469,0.84483,1.50,2.30
2010.11.15 13:32:45.015,0.84462,0.84486,2.20,2.90
2010.11.15 13:32:45.386,0.84452,0.84473,3.00,2.30
2010.11.15 13:32:45.498,0.84451,0.84463,2.20,1.50
2010.11.15 13:32:45.897,0.8444,0.84452,6.60,1.50
2010.11.15 13:32:46.030,0.84428,0.84447,2.20,1.50
2010.11.15 13:32:46.366,0.84419,0.84443,1.20,5.20
2010.11.15 13:32:47.259,0.84428,0.84448,1.40,4.50
2010.11.15 13:32:48.153,0.84425,0.8443,11.10,2.20
2010.11.15 13:32:48.395,0.84407,0.84427,3.00,1.50
2010.11.15 13:32:48.903,0.8441,0.84424,1.20,3.00
2010.11.15 13:32:51.016,0.84416,0.84432,1.50,2.20
2010.11.15 13:32:51.868,0.8442,0.84436,3.00,1.50
2010.11.15 13:32:52.579,0.84421,0.84439,1.50,3.90
2010.11.15 13:32:53.288,0.84423,0.84444,1.10,4.50
2010.11.15 13:32:54.366,0.84417,0.84439,2.30,1.50
2010.11.15 13:32:56.455,0.84418,0.84437,2.20,1.70
2010.11.15 13:32:57.121,0.8441,0.84433,1.10,1.70
2010.11.15 13:32:59.430,0.84421,0.84444,1.70,3.00
2010.11.15 13:33:01.459,0.84423,0.84444,1.10,3.20
2010.11.15 13:33:01.584,0.84419,0.84433,2.20,1.50
2010.11.15 13:33:02.634,0.84421,0.84442,1.10,1.50
2010.11.15 13:33:04.639,0.84419,0.84438,1.40,2.20
2010.11.15 13:33:05.307,0.84432,0.84437,1.10,2.20
2010.11.15 13:33:05.652,0.84426,0.84448,1.10,3.00
2010.11.15 13:33:07.756,0.84427,0.84442,2.30,2.20
2010.11.15 13:33:08.724,0.84419,0.84439,2.10,1.50
2010.11.15 13:33:09.409,0.84427,0.84452,1.10,3.70
2010.11.15 13:33:11.507,0.84422,0.84442,1.10,2.50
2010.11.15 13:33:12.145,0.84416,0.8443,1.50,2.20
2010.11.15 13:33:12.257,0.84408,0.84432,1.10,1.50
2010.11.15 13:33:13.065,0.84408,0.8443,1.10,1.50
2010.11.15 13:33:14.218,0.84405,0.84424,2.20,1.70
2010.11.15 13:33:16.279,0.84396,0.84407,2.60,2.20
2010.11.15 13:33:16.626,0.84396,0.8442,2.30,3.00
2010.11.15 13:33:19.145,0.84395,0.8441,1.10,1.20
2010.11.15 13:33:19.266,0.84391,0.84395,4.40,2.20
2010.11.15 13:33:19.376,0.84393,0.84405,2.20,1.50
2010.11.15 13:33:21.469,0.84383,0.84403,1.10,1.50
2010.11.15 13:33:24.563,0.84392,0.84413,3.00,5.20
2010.11.15 13:33:26.789,0.84392,0.84408,2.20,1.50
2010.11.15 13:33:27.144,0.84383,0.84408,3.00,2.50
2010.11.15 13:33:27.992,0.84386,0.84398,2.60,2.20
2010.11.15 13:33:29.020,0.84376,0.84387,3.00,2.20
2010.11.15 13:33:31.015,0.84367,0.84389,2.30,1.50
2010.11.15 13:33:31.552,0.84365,0.84377,2.50,3.00
2010.11.15 13:33:32.187,0.84357,0.84367,3.70,1.50
2010.11.15 13:33:33.043,0.84343,0.84358,1.10,2.20
2010.11.15 13:33:34.978,0.84341,0.84361,2.50,1.50
2010.11.15 13:33:36.498,0.84351,0.84368,2.50,1.50
2010.11.15 13:33:38.781,0.84357,0.84377,4.70,1.50
2010.11.15 13:33:39.292,0.84367,0.8438,1.50,1.50
2010.11.15 13:33:40.757,0.8436,0.84382,1.10,2.20
2010.11.15 13:33:41.699,0.84362,0.84377,1.20,2.20
2010.11.15 13:33:41.820,0.84364,0.84386,1.20,5.90
2010.11.15 13:33:42.635,0.84372,0.84393,1.20,2.30
2010.11.15 13:33:43.184,0.84367,0.84386,2.60,2.20
2010.11.15 13:33:43.928,0.84376,0.84384,2.20,1.50
2010.11.15 13:33:44.051,0.84372,0.84393,2.50,2.20
2010.11.15 13:33:44.548,0.8438,0.84402,1.10,3.70
2010.11.15 13:33:45.106,0.84381,0.84393,1.10,2.20
2010.11.15 13:33:45.473,0.84374,0.84393,3.00,3.00
2010.11.15 13:33:45.595,0.84374,0.84393,2.20,3.20
2010.11.15 13:33:45.711,0.84367,0.8439,2.60,1.70
2010.11.15 13:33:48.278,0.8437,0.84391,2.50,1.50
2010.11.15 13:33:49.390,0.84387,0.84402,2.50,2.20
2010.11.15 13:33:50.369,0.84383,0.84396,3.00,1.70
2010.11.15 13:33:50.705,0.84371,0.84391,1.10,2.20
2010.11.15 13:33:51.237,0.84369,0.84389,1.10,1.70
2010.11.15 13:33:51.675,0.84369,0.84382,1.10,2.20
2010.11.15 13:33:53.088,0.8436,0.84376,1.10,3.20
2010.11.15 13:33:53.424,0.84348,0.84363,1.10,1.50
2010.11.15 13:33:55.562,0.84357,0.84378,2.30,3.20
2010.11.15 13:33:58.361,0.84362,0.8438,2.10,5.90
2010.11.15 13:33:58.670,0.84377,0.84387,3.20,3.70
2010.11.15 13:33:59.180,0.84384,0.84398,1.70,3.70
2010.11.15 13:33:59.324,0.84396,0.84409,1.20,3.70
2010.11.15 13:33:59.442,0.84393,0.84416,1.70,1.50
2010.11.15 13:33:59.558,0.84397,0.84416,1.40,3.00
2010.11.15 13:33:59.898,0.84401,0.84417,1.50,1.50
2010.11.15 13:34:00.020,0.84401,0.84417,2.50,1.50
2010.11.15 13:34:02.168,0.84406,0.84423,1.20,2.20
2010.11.15 13:34:03.233,0.844,0.84413,1.10,1.50
2010.11.15 13:34:03.538,0.84401,0.8442,1.10,1.50
2010.11.15 13:34:04.501,0.844,0.84415,1.70,1.50
2010.11.15 13:34:05.374,0.84408,0.84428,1.50,2.20
2010.11.15 13:34:05.492,0.84402,0.8442,1.10,2.50
2010.11.15 13:34:06.465,0.84401,0.84423,1.20,2.50
2010.11.15 13:34:07.016,0.84404,0.84421,1.70,3.00
2010.11.15 13:34:09.355,0.84407,0.84426,2.30,2.30
2010.11.15 13:34:11.513,0.84407,0.84425,2.30,1.50
2010.11.15 13:34:13.768,0.84406,0.84424,1.10,1.50
2010.11.15 13:34:15.839,0.84411,0.84424,1.10,2.50
2010.11.15 13:34:16.684,0.84409,0.84429,1.70,1.50
2010.11.15 13:34:19.896,0.84415,0.84433,1.10,1.50
2010.11.15 13:34:20.333,0.84421,0.84433,1.10,1.50
2010.11.15 13:34:21.303,0.8442,0.84439,1.10,1.50
2010.11.15 13:34:21.638,0.8442,0.84434,1.10,1.50
2010.11.15 13:34:21.758,0.84422,0.8444,1.10,1.50
2010.11.15 13:34:23.864,0.84424,0.84442,1.50,1.50
2010.11.15 13:34:24.089,0.84422,0.84439,2.30,1.70
2010.11.15 13:34:24.448,0.84424,0.84441,1.50,1.50
2010.11.15 13:34:27.009,0.84422,0.84443,2.60,2.50
2010.11.15 13:34:29.403,0.84424,0.84443,1.50,3.20
2010.11.15 13:34:30.423,0.84412,0.84433,1.10,3.20
2010.11.15 13:34:31.300,0.84407,0.84424,1.50,2.10
2010.11.15 13:34:34.266,0.84397,0.84416,1.10,1.50
2010.11.15 13:34:35.888,0.84414,0.84434,1.20,1.50
2010.11.15 13:34:36.525,0.84411,0.84428,2.20,1.50
2010.11.15 13:34:38.681,0.84401,0.8442,2.30,3.20
2010.11.15 13:34:40.993,0.84399,0.84422,1.20,1.50
2010.11.15 13:34:41.524,0.84405,0.84415,1.20,2.20
2010.11.15 13:34:41.641,0.84405,0.84423,1.20,1.50
2010.11.15 13:34:43.645,0.84405,0.84425,3.20,1.70
2010.11.15 13:34:46.015,0.84402,0.84423,1.10,3.00
2010.11.15 13:34:48.375,0.84392,0.84414,1.20,3.80
2010.11.15 13:34:50.972,0.84392,0.8441,1.50,1.50
2010.11.15 13:34:53.670,0.84391,0.84402,1.50,1.70
2010.11.15 13:34:54.735,0.84392,0.84406,1.80,2.20
2010.11.15 13:34:55.238,0.8439,0.84409,2.20,2.40
2010.11.15 13:34:57.368,0.84376,0.84396,3.20,2.20
2010.11.15 13:34:59.700,0.84377,0.84397,1.20,2.20
2010.11.15 13:35:02.393,0.84376,0.84396,2.70,3.70
2010.11.15 13:35:04.484,0.84393,0.84413,1.10,2.30
2010.11.15 13:35:05.218,0.84395,0.84405,1.10,2.20
2010.11.15 13:35:05.803,0.84386,0.84402,1.10,1.50
2010.11.15 13:35:07.387,0.84385,0.84397,1.10,2.50
2010.11.15 13:35:07.668,0.84379,0.84396,1.10,2.40
2010.11.15 13:35:08.856,0.84382,0.84394,1.10,1.50
2010.11.15 13:35:10.040,0.84382,0.84401,1.10,4.50
2010.11.15 13:35:10.331,0.84382,0.84393,1.10,1.50
2010.11.15 13:35:12.395,0.84377,0.84391,1.50,2.30
2010.11.15 13:35:14.494,0.84373,0.84388,1.10,1.50
2010.11.15 13:35:14.862,0.84375,0.84394,1.70,3.80
2010.11.15 13:35:15.529,0.84378,0.84395,2.30,2.50
2010.11.15 13:35:17.534,0.84362,0.84381,2.20,2.30
2010.11.15 13:35:20.373,0.8436,0.8438,1.10,1.50
2010.11.15 13:35:22.438,0.8436,0.84373,1.10,1.50
2010.11.15 13:35:23.542,0.84361,0.8438,1.10,3.00
2010.11.15 13:35:23.892,0.84367,0.84386,1.10,1.50
2010.11.15 13:35:26.776,0.84361,0.84383,1.10,3.00
2010.11.15 13:35:29.561,0.84358,0.84374,1.10,4.70
2010.11.15 13:35:32.456,0.84361,0.8438,1.10,1.50
2010.11.15 13:35:33.047,0.84361,0.84374,1.10,2.30
2010.11.15 13:35:34.207,0.84358,0.84374,1.10,3.00
2010.11.15 13:35:36.531,0.84354,0.84374,2.70,1.50
2010.11.15 13:35:38.407,0.84353,0.84371,1.50,1.70
2010.11.15 13:35:38.750,0.84359,0.84371,4.70,1.50
2010.11.15 13:35:40.455,0.84348,0.84353,6.90,2.30
2010.11.15 13:35:40.696,0.84345,0.8436,1.50,1.70
2010.11.15 13:35:41.274,0.8435,0.84369,1.40,2.20
2010.11.15 13:35:42.699,0.84345,0.84361,1.50,1.50
2010.11.15 13:35:44.605,0.84343,0.84357,1.50,1.40
2010.11.15 13:35:47.053,0.84331,0.84351,2.50,1.50
2010.11.15 13:35:49.258,0.8432,0.84336,1.70,1.50
2010.11.15 13:35:50.821,0.84328,0.84344,1.10,1.50
2010.11.15 13:35:51.865,0.84337,0.84353,1.10,1.50
2010.11.15 13:35:53.321,0.84341,0.8436,1.70,2.30
2010.11.15 13:35:55.643,0.84345,0.84364,2.30,2.50
2010.11.15 13:35:57.774,0.84347,0.84366,2.30,1.70
2010.11.15 13:35:58.889,0.84353,0.84372,1.50,4.70
2010.11.15 13:35:59.120,0.84358,0.8437,1.70,1.50
2010.11.15 13:35:59.347,0.8436,0.84381,1.20,3.00
2010.11.15 13:36:00.936,0.84363,0.84373,1.10,1.50
2010.11.15 13:36:01.495,0.84363,0.84383,1.10,1.50
2010.11.15 13:36:03.603,0.84374,0.84392,1.10,1.50
2010.11.15 13:36:04.494,0.84371,0.84389,1.10,2.40
2010.11.15 13:36:04.825,0.84361,0.84372,2.20,1.70
2010.11.15 13:36:07.063,0.84353,0.84373,1.10,3.00
2010.11.15 13:36:07.399,0.84353,0.8437,1.10,1.40
2010.11.15 13:36:09.528,0.84338,0.84358,2.30,2.20
2010.11.15 13:36:10.955,0.84337,0.84347,4.00,2.20
2010.11.15 13:36:11.067,0.84337,0.84356,4.00,1.50
2010.11.15 13:36:13.537,0.84337,0.84353,1.50,1.50
2010.11.15 13:36:13.659,0.84339,0.84347,2.20,2.20
2010.11.15 13:36:15.893,0.84333,0.84353,1.70,3.00
2010.11.15 13:36:17.978,0.84328,0.84347,1.50,1.70
2010.11.15 13:36:20.103,0.84328,0.84345,2.30,3.20
2010.11.15 13:36:22.346,0.84327,0.84344,1.50,1.70
2010.11.15 13:36:24.839,0.84327,0.84343,3.50,1.50
2010.11.15 13:36:25.695,0.84332,0.84351,1.10,1.70
2010.11.15 13:36:27.137,0.84337,0.84348,1.20,2.20
2010.11.15 13:36:28.695,0.84343,0.8436,1.70,1.50
2010.11.15 13:36:29.233,0.84353,0.84369,1.10,1.50
2010.11.15 13:36:30.746,0.84353,0.84364,1.10,2.20
2010.11.15 13:36:33.180,0.8435,0.84363,1.10,1.50
2010.11.15 13:36:38.464,0.84347,0.84363,1.10,1.50
2010.11.15 13:36:38.922,0.84352,0.84362,1.70,1.50
2010.11.15 13:36:39.503,0.84357,0.84364,1.10,1.50
2010.11.15 13:36:39.838,0.84357,0.84373,1.10,1.50
2010.11.15 13:36:41.965,0.84356,0.84373,1.10,1.50
2010.11.15 13:36:44.264,0.84354,0.84373,1.10,3.00
2010.11.15 13:36:45.146,0.84357,0.84371,1.10,1.40
2010.11.15 13:36:45.446,0.84353,0.84361,2.20,2.40
2010.11.15 13:36:47.266,0.84349,0.84372,2.60,1.50
2010.11.15 13:36:50.953,0.84354,0.84373,1.10,1.20
2010.11.15 13:36:51.680,0.84351,0.84364,1.10,1.50
2010.11.15 13:36:52.125,0.84352,0.84374,2.60,3.00
2010.11.15 13:36:53.855,0.84349,0.84363,1.10,1.50
2010.11.15 13:36:56.028,0.84352,0.84372,1.10,2.30
2010.11.15 13:36:57.118,0.8435,0.84361,1.50,2.20
2010.11.15 13:36:57.690,0.84341,0.84362,1.20,1.50
2010.11.15 13:36:58.252,0.84339,0.84351,2.20,1.50
2010.11.15 13:36:58.587,0.84341,0.84362,3.20,2.30
2010.11.15 13:37:00.187,0.84341,0.84363,1.10,3.00
2010.11.15 13:37:02.551,0.84339,0.84362,2.60,1.50
2010.11.15 13:37:04.689,0.84351,0.84364,1.50,2.40
2010.11.15 13:37:06.945,0.84343,0.84364,1.10,3.00
2010.11.15 13:37:09.859,0.84349,0.8437,2.00,1.50
2010.11.15 13:37:11.927,0.84348,0.84367,1.10,1.50
2010.11.15 13:37:12.676,0.84353,0.84365,1.50,1.50
2010.11.15 13:37:13.111,0.84356,0.84373,3.20,1.50
2010.11.15 13:37:15.291,0.84353,0.84373,1.20,1.50
2010.11.15 13:37:15.736,0.84361,0.84384,1.10,3.80
2010.11.15 13:37:17.004,0.84359,0.84377,1.50,2.20
2010.11.15 13:37:19.223,0.84358,0.84377,2.00,1.50
2010.11.15 13:37:21.775,0.84363,0.84373,1.10,1.50
2010.11.15 13:37:22.615,0.8436,0.84373,1.70,1.50
2010.11.15 13:37:22.837,0.84367,0.8438,1.10,1.50
2010.11.15 13:37:24.982,0.84368,0.84384,1.10,1.50
2010.11.15 13:37:26.683,0.84371,0.84391,1.10,1.50
2010.11.15 13:37:27.396,0.84378,0.84393,1.10,1.50
2010.11.15 13:37:32.057,0.84381,0.84393,1.10,1.50
2010.11.15 13:37:34.095,0.84387,0.84401,1.10,1.50
2010.11.15 13:37:36.596,0.84384,0.84403,1.50,4.50
2010.11.15 13:37:38.653,0.84382,0.84396,1.50,1.50
2010.11.15 13:37:39.207,0.8438,0.84385,1.10,2.40
2010.11.15 13:37:39.500,0.8437,0.84382,2.30,3.20
2010.11.15 13:37:41.434,0.84375,0.84391,2.90,2.30
2010.11.15 13:37:42.488,0.84383,0.84397,1.10,1.50
2010.11.15 13:37:45.449,0.84398,0.84413,1.10,1.50
2010.11.15 13:37:46.769,0.84396,0.84414,1.10,3.00
2010.11.15 13:37:47.707,0.84398,0.84414,1.10,1.50
2010.11.15 13:37:48.119,0.84407,0.84423,3.50,1.50
2010.11.15 13:37:48.758,0.844,0.84413,1.10,1.50
2010.11.15 13:37:48.984,0.844,0.84419,1.10,1.50
2010.11.15 13:37:50.994,0.84396,0.84411,1.10,1.70
2010.11.15 13:37:53.007,0.84402,0.8442,1.10,1.50
2010.11.15 13:37:55.199,0.84396,0.84414,1.70,1.50
2010.11.15 13:37:56.376,0.84397,0.84403,2.20,1.50
2010.11.15 13:37:56.600,0.84397,0.84413,2.20,3.70
2010.11.15 13:37:58.705,0.84395,0.84411,3.00,1.50
2010.11.15 13:38:01.534,0.84401,0.84413,1.10,1.50
2010.11.15 13:38:03.720,0.844,0.84412,1.50,2.20
2010.11.15 13:38:04.066,0.84402,0.84422,2.30,2.40
2010.11.15 13:38:06.244,0.84396,0.84411,2.30,2.50
2010.11.15 13:38:06.354,0.84389,0.84406,1.50,1.50
2010.11.15 13:38:07.699,0.84393,0.84409,1.10,2.20
2010.11.15 13:38:08.622,0.84403,0.8442,1.50,1.50
2010.11.15 13:38:09.547,0.84407,0.8442,1.50,1.70
2010.11.15 13:38:09.787,0.8441,0.84433,1.20,3.00
2010.11.15 13:38:10.237,0.84416,0.8443,1.50,1.40
2010.11.15 13:38:10.811,0.84396,0.84418,3.20,1.50
2010.11.15 13:38:12.918,0.84405,0.84423,14.00,1.60
2010.11.15 13:38:13.041,0.84387,0.844,3.70,2.90
2010.11.15 13:38:13.381,0.84404,0.8441,1.10,4.20
2010.11.15 13:38:13.503,0.84373,0.84391,1.10,2.20
2010.11.15 13:38:13.964,0.84378,0.84388,1.10,3.70
2010.11.15 13:38:14.575,0.84376,0.84394,1.10,2.50
2010.11.15 13:38:15.976,0.84384,0.84399,1.10,1.50
2010.11.15 13:38:17.255,0.84379,0.84394,1.10,4.70
2010.11.15 13:38:17.480,0.84366,0.84384,1.10,3.00
2010.11.15 13:38:17.598,0.84361,0.84378,2.30,2.20
2010.11.15 13:38:20.393,0.84361,0.84383,3.50,2.30
2010.11.15 13:38:21.120,0.84374,0.84392,1.10,1.50
2010.11.15 13:38:23.299,0.84373,0.84395,1.10,1.70
2010.11.15 13:38:25.918,0.84371,0.8439,1.10,1.50
2010.11.15 13:38:26.657,0.84374,0.84393,1.10,2.50
2010.11.15 13:38:27.463,0.84361,0.84382,2.30,3.20
2010.11.15 13:38:29.149,0.84362,0.84374,1.10,2.20
2010.11.15 13:38:31.316,0.84357,0.84372,1.10,2.20
2010.11.15 13:38:33.537,0.84359,0.84382,1.10,3.00
2010.11.15 13:38:35.706,0.84366,0.84384,1.10,1.50
2010.11.15 13:38:36.053,0.84371,0.84384,1.10,1.50
2010.11.15 13:38:36.273,0.84371,0.84391,1.10,2.30
2010.11.15 13:38:37.505,0.84371,0.84383,1.10,2.20
2010.11.15 13:38:37.615,0.84371,0.84389,1.10,1.50
2010.11.15 13:38:38.467,0.84371,0.8439,1.10,1.50
2010.11.15 13:38:39.345,0.84372,0.84383,1.10,2.20
2010.11.15 13:38:39.454,0.84375,0.84391,1.10,1.50
2010.11.15 13:38:41.754,0.8437,0.84381,1.10,2.20
2010.11.15 13:38:43.940,0.84364,0.84383,1.10,1.50
2010.11.15 13:38:46.039,0.84362,0.84376,1.50,2.20
2010.11.15 13:38:48.177,0.84356,0.84372,1.50,2.20
2010.11.15 13:38:50.374,0.8435,0.84372,2.30,5.20
2010.11.15 13:38:52.834,0.84352,0.84372,1.50,3.70
2010.11.15 13:38:55.090,0.84354,0.84372,1.50,1.50
2010.11.15 13:38:56.866,0.84356,0.84374,1.40,3.00
2010.11.15 13:38:57.553,0.84363,0.84383,1.20,1.50
2010.11.15 13:38:59.518,0.84362,0.84373,2.30,3.20
2010.11.15 13:38:59.785,0.84356,0.84373,1.50,3.00
2010.11.15 13:39:02.020,0.8435,0.84362,1.50,2.20
2010.11.15 13:39:04.034,0.84358,0.84372,1.50,2.20
2010.11.15 13:39:06.493,0.84357,0.84372,1.50,2.40
2010.11.15 13:39:08.605,0.84355,0.84372,1.50,2.40
2010.11.15 13:39:10.743,0.84352,0.84369,1.50,2.30
2010.11.15 13:39:13.315,0.84358,0.84376,1.70,1.50
2010.11.15 13:39:13.848,0.84359,0.84373,1.50,3.70
2010.11.15 13:39:14.394,0.84355,0.84367,1.50,2.50
2010.11.15 13:39:14.727,0.84347,0.84364,2.30,1.50
2010.11.15 13:39:16.836,0.84353,0.84369,1.50,1.50
2010.11.15 13:39:19.025,0.8435,0.84366,1.50,1.50
2010.11.15 13:39:21.050,0.84346,0.84362,1.50,1.70
2010.11.15 13:39:23.066,0.84347,0.84363,1.50,3.20
2010.11.15 13:39:24.157,0.84346,0.84357,1.50,3.20
2010.11.15 13:39:24.275,0.84338,0.84354,1.50,3.20
2010.11.15 13:39:26.313,0.84346,0.8436,1.50,1.50
2010.11.15 13:39:28.453,0.84344,0.8436,1.70,1.50
2010.11.15 13:39:31.702,0.84357,0.84369,1.50,1.50
2010.11.15 13:39:33.952,0.84352,0.84368,1.50,3.20
2010.11.15 13:39:36.146,0.84353,0.84365,1.50,3.90
2010.11.15 13:39:38.407,0.84367,0.84375,1.10,3.70
2010.11.15 13:39:38.517,0.84367,0.84378,2.00,2.20
2010.11.15 13:39:39.234,0.84373,0.84391,1.20,2.20
2010.11.15 13:39:41.316,0.84378,0.84393,1.10,1.50
2010.11.15 13:39:44.361,0.84382,0.84393,1.10,1.50
2010.11.15 13:39:44.695,0.84381,0.84401,1.10,1.70
2010.11.15 13:39:47.127,0.84387,0.84402,1.10,1.50
2010.11.15 13:39:49.584,0.84387,0.84407,1.10,1.50
2010.11.15 13:39:50.307,0.84389,0.844,1.10,2.50
2010.11.15 13:39:52.400,0.84399,0.84416,1.50,1.50
2010.11.15 13:39:54.734,0.84398,0.84414,2.30,1.50
2010.11.15 13:39:56.055,0.84396,0.84412,3.70,1.50
2010.11.15 13:39:58.125,0.84387,0.84398,1.10,2.20
2010.11.15 13:39:58.423,0.8438,0.84401,1.10,1.50
2010.11.15 13:39:58.756,0.84384,0.84402,1.20,2.20
2010.11.15 13:40:00.851,0.84387,0.84407,4.10,1.50
2010.11.15 13:40:01.847,0.84398,0.84413,3.20,1.50
2010.11.15 13:40:02.275,0.84406,0.84423,1.10,1.50
2010.11.15 13:40:04.461,0.84404,0.84422,1.10,2.20
2010.11.15 13:40:07.230,0.84412,0.84429,1.10,1.50
2010.11.15 13:40:09.349,0.84412,0.8443,1.10,2.50
2010.11.15 13:40:09.471,0.84407,0.8443,2.30,2.50
2010.11.15 13:40:11.716,0.84407,0.84426,1.50,1.70
2010.11.15 13:40:14.525,0.84409,0.84429,1.10,2.50
2010.11.15 13:40:17.594,0.84413,0.84429,1.10,1.50
2010.11.15 13:40:19.085,0.84412,0.84424,1.10,1.50
2010.11.15 13:40:23.056,0.8441,0.84424,1.10,1.50
2010.11.15 13:40:27.824,0.8441,0.84433,2.60,1.50
2010.11.15 13:40:28.045,0.8441,0.84425,1.10,2.20
2010.11.15 13:40:28.864,0.8441,0.84418,1.10,2.20
2010.11.15 13:40:28.980,0.84409,0.84424,1.10,1.50
2010.11.15 13:40:29.504,0.84404,0.84416,1.50,1.70
2010.11.15 13:40:31.589,0.84395,0.84414,1.10,1.50
2010.11.15 13:40:32.354,0.84403,0.84413,1.50,1.50
2010.11.15 13:40:32.687,0.84397,0.8442,2.70,1.50
2010.11.15 13:40:32.797,0.84397,0.84413,2.60,1.50
2010.11.15 13:40:33.406,0.84399,0.84414,3.00,1.50
2010.11.15 13:40:33.627,0.844,0.8442,2.60,3.00
2010.11.15 13:40:36.187,0.844,0.8442,2.60,1.70
2010.11.15 13:40:39.486,0.84398,0.84414,1.50,1.50
2010.11.15 13:40:40.216,0.84402,0.8442,1.50,3.90
2010.11.15 13:40:42.289,0.84404,0.84421,1.50,1.50
2010.11.15 13:40:44.316,0.84392,0.84407,1.50,1.50
2010.11.15 13:40:47.365,0.84387,0.84406,1.50,1.50
2010.11.15 13:40:48.815,0.84381,0.84399,1.10,1.70
2010.11.15 13:40:50.942,0.84375,0.84392,1.10,1.50
2010.11.15 13:40:52.476,0.84387,0.84409,1.50,1.70
2010.11.15 13:40:52.700,0.84387,0.84394,1.50,3.20
2010.11.15 13:40:52.985,0.8438,0.8439,2.20,3.00
2010.11.15 13:40:53.097,0.84374,0.84388,2.20,1.50
2010.11.15 13:40:53.980,0.84369,0.8438,1.10,1.70
2010.11.15 13:40:54.345,0.84356,0.84372,1.50,1.50
2010.11.15 13:40:55.037,0.84359,0.84379,2.60,2.20
2010.11.15 13:40:56.593,0.84367,0.84377,1.50,1.50
2010.11.15 13:40:57.544,0.84358,0.84376,5.90,1.50
2010.11.15 13:41:00.446,0.84361,0.84373,1.50,1.50
2010.11.15 13:41:02.510,0.84361,0.84376,1.50,1.50
2010.11.15 13:41:04.503,0.84358,0.84373,1.50,1.70
2010.11.15 13:41:04.727,0.8435,0.84367,1.50,1.50
2010.11.15 13:41:05.320,0.84354,0.84372,1.50,1.50
2010.11.15 13:41:06.531,0.84357,0.84374,3.90,1.50
2010.11.15 13:41:06.980,0.84357,0.84379,2.50,3.70
2010.11.15 13:41:09.094,0.84359,0.84374,1.50,1.50
2010.11.15 13:41:11.623,0.84355,0.84372,1.50,1.70
2010.11.15 13:41:12.227,0.84345,0.84364,1.50,2.50
2010.11.15 13:41:14.315,0.84344,0.84359,1.50,1.70
2010.11.15 13:41:17.086,0.84342,0.84362,2.30,1.50
2010.11.15 13:41:18.982,0.84342,0.84366,1.10,3.20
2010.11.15 13:41:21.587,0.84339,0.8436,5.40,1.50
2010.11.15 13:41:21.805,0.84344,0.84364,2.70,1.50
2010.11.15 13:41:23.885,0.84353,0.84372,2.30,1.50
2010.11.15 13:41:24.641,0.84354,0.84373,2.30,1.50
2010.11.15 13:41:27.153,0.84354,0.84373,1.10,2.30
2010.11.15 13:41:29.536,0.84351,0.84373,2.30,3.20
2010.11.15 13:41:33.115,0.8436,0.84379,1.10,2.40
2010.11.15 13:41:35.956,0.84351,0.8437,1.10,1.70
2010.11.15 13:41:38.268,0.8435,0.84371,2.20,2.50
2010.11.15 13:41:40.496,0.84353,0.84373,1.10,1.50
2010.11.15 13:41:42.545,0.84356,0.84373,1.10,1.50
2010.11.15 13:41:44.546,0.8435,0.84371,1.10,2.30
2010.11.15 13:41:47.377,0.8435,0.84369,1.10,1.50
2010.11.15 13:41:51.729,0.8435,0.8437,1.20,1.50
2010.11.15 13:41:53.986,0.84349,0.84368,1.10,1.50
2010.11.15 13:41:56.385,0.84356,0.84378,2.30,3.00
2010.11.15 13:41:59.366,0.84358,0.84376,1.50,1.50
2010.11.15 13:42:02.728,0.84359,0.84376,1.50,1.50
2010.11.15 13:42:05.457,0.8435,0.84367,1.10,1.50
2010.11.15 13:42:08.299,0.84347,0.84363,1.50,2.30
2010.11.15 13:42:09.076,0.84338,0.84357,3.20,1.70
2010.11.15 13:42:11.866,0.84347,0.84364,3.70,2.30
2010.11.15 13:42:13.936,0.8435,0.84368,1.10,1.50
2010.11.15 13:42:14.372,0.84348,0.84366,2.20,1.70
2010.11.15 13:42:15.586,0.8434,0.84361,3.20,1.50
2010.11.15 13:42:15.942,0.84351,0.84373,1.50,3.20
2010.11.15 13:42:16.639,0.8435,0.84373,4.70,2.30
2010.11.15 13:42:19.398,0.84356,0.84373,1.50,3.20
2010.11.15 13:42:20.977,0.84345,0.84364,2.30,1.50
2010.11.15 13:42:21.086,0.84351,0.84363,1.50,1.50
2010.11.15 13:42:24.615,0.84355,0.8437,1.50,1.50
2010.11.15 13:42:26.428,0.84363,0.84373,1.10,1.50
2010.11.15 13:42:26.549,0.84363,0.84382,1.10,1.50
2010.11.15 13:42:30.068,0.84366,0.84385,1.50,1.70
2010.11.15 13:42:31.442,0.8436,0.84374,2.20,1.50
2010.11.15 13:42:32.065,0.84347,0.84365,2.20,1.50
2010.11.15 13:42:32.528,0.84359,0.84373,2.30,2.30
2010.11.15 13:42:35.262,0.8436,0.84379,1.50,1.50
2010.11.15 13:42:37.383,0.84347,0.84372,1.80,1.70
2010.11.15 13:42:39.475,0.84346,0.84361,1.50,1.50
2010.11.15 13:42:40.820,0.8434,0.84359,1.10,1.70
2010.11.15 13:42:42.866,0.8433,0.84348,1.50,1.50
2010.11.15 13:42:45.823,0.84329,0.84348,1.50,1.50
2010.11.15 13:42:47.814,0.84336,0.84349,1.50,1.50
2010.11.15 13:42:48.035,0.84329,0.84349,2.30,1.70
2010.11.15 13:42:50.658,0.84332,0.84351,2.30,1.70
2010.11.15 13:42:52.510,0.84332,0.84351,2.30,1.70
2010.11.15 13:42:53.387,0.84334,0.84353,1.10,5.40
2010.11.15 13:42:54.986,0.84333,0.84351,1.10,3.20
2010.11.15 13:42:57.963,0.84331,0.84351,1.50,4.00
2010.11.15 13:43:00.501,0.84322,0.84344,1.10,4.00
2010.11.15 13:43:02.677,0.84322,0.84341,3.40,1.50
2010.11.15 13:43:02.901,0.8433,0.84349,1.10,2.20
2010.11.15 13:43:05.067,0.84333,0.84353,1.10,1.50
2010.11.15 13:43:07.052,0.8433,0.84351,1.10,3.20
2010.11.15 13:43:07.170,0.84327,0.84344,2.30,1.50
2010.11.15 13:43:09.309,0.84326,0.84343,1.10,1.50
2010.11.15 13:43:11.374,0.84331,0.8435,1.10,1.50
2010.11.15 13:43:12.126,0.84322,0.84342,1.50,1.50
2010.11.15 13:43:12.784,0.84324,0.84341,1.70,1.50
2010.11.15 13:43:13.121,0.8433,0.84347,1.20,1.50
2010.11.15 13:43:15.817,0.84329,0.84349,1.10,1.50
2010.11.15 13:43:17.884,0.8433,0.84347,1.10,1.50
2010.11.15 13:43:18.436,0.84335,0.84354,1.10,1.50
2010.11.15 13:43:19.759,0.84332,0.84346,2.20,2.50
2010.11.15 13:43:22.146,0.84333,0.8435,1.10,1.50
2010.11.15 13:43:22.649,0.84349,0.84363,1.10,3.00
2010.11.15 13:43:31.946,0.84348,0.84363,1.10,1.50
2010.11.15 13:43:34.968,0.84352,0.84366,1.10,1.50
2010.11.15 13:43:37.185,0.84352,0.84373,1.10,2.30
2010.11.15 13:43:39.685,0.84361,0.84373,1.10,1.50
2010.11.15 13:43:39.908,0.84362,0.84383,1.10,1.50
2010.11.15 13:43:42.562,0.84365,0.84377,1.10,2.20
2010.11.15 13:43:44.805,0.84363,0.84385,1.10,2.30
2010.11.15 13:43:44.921,0.84362,0.84377,3.70,2.30
2010.11.15 13:43:47.464,0.84357,0.84377,1.10,2.50
2010.11.15 13:43:48.989,0.84358,0.84378,1.70,1.50
2010.11.15 13:43:50.058,0.84367,0.84383,1.70,1.50
2010.11.15 13:43:50.166,0.84366,0.8439,1.10,1.70
2010.11.15 13:43:52.632,0.84374,0.84385,1.50,1.50
2010.11.15 13:43:52.861,0.84377,0.84392,1.50,1.70
2010.11.15 13:43:55.324,0.84371,0.84394,2.50,2.30
2010.11.15 13:43:57.398,0.8437,0.84391,1.10,3.20
2010.11.15 13:43:58.128,0.84375,0.84397,1.10,3.00
2010.11.15 13:44:00.276,0.84372,0.84388,1.50,4.00
2010.11.15 13:44:02.568,0.84365,0.84382,1.50,1.50
2010.11.15 13:44:04.676,0.84364,0.8438,1.50,1.50
2010.11.15 13:44:06.900,0.84369,0.84391,2.30,1.50
2010.11.15 13:44:09.865,0.8437,0.84384,1.10,1.50
2010.11.15 13:44:10.309,0.84375,0.84393,2.60,3.70
2010.11.15 13:44:12.316,0.84374,0.84391,1.50,1.50
2010.11.15 13:44:13.205,0.84372,0.84393,2.70,2.30
2010.11.15 13:44:15.247,0.84377,0.84397,2.30,2.50
2010.11.15 13:44:16.115,0.84372,0.84393,1.50,2.50
2010.11.15 13:44:17.431,0.8438,0.84393,1.70,1.50
2010.11.15 13:44:17.654,0.84383,0.84402,2.00,4.40
2010.11.15 13:44:20.425,0.84381,0.84398,2.60,2.50
2010.11.15 13:44:23.265,0.84379,0.84398,2.50,2.50
2010.11.15 13:44:25.071,0.84388,0.84408,2.70,1.70
2010.11.15 13:44:28.745,0.84386,0.84406,2.30,1.50
2010.11.15 13:44:31.237,0.84384,0.84399,2.60,2.30
2010.11.15 13:44:32.707,0.84383,0.84389,1.50,1.50
2010.11.15 13:44:33.453,0.84386,0.84404,4.70,3.70
2010.11.15 13:44:35.444,0.84385,0.84403,3.20,1.50
2010.11.15 13:44:36.177,0.84384,0.84393,1.10,1.50
2010.11.15 13:44:36.515,0.84386,0.84403,1.10,1.50
2010.11.15 13:44:36.847,0.8439,0.84403,2.10,1.50
2010.11.15 13:44:38.116,0.84403,0.84424,1.10,3.20
2010.11.15 13:44:38.446,0.84396,0.84419,4.00,1.50
2010.11.15 13:44:39.017,0.84402,0.84421,1.10,1.70
2010.11.15 13:44:41.505,0.84393,0.84411,1.10,2.20
2010.11.15 13:44:43.958,0.84391,0.84408,1.20,2.20
2010.11.15 13:44:44.072,0.84401,0.84409,1.10,2.20
2010.11.15 13:44:46.758,0.84407,0.84419,1.10,3.70
2010.11.15 13:44:49.357,0.8441,0.84424,1.10,3.20
2010.11.15 13:44:50.433,0.8441,0.84419,1.10,1.50
2010.11.15 13:44:50.549,0.8441,0.84426,1.10,2.40
2010.11.15 13:44:52.558,0.84407,0.84426,1.10,1.50
2010.11.15 13:44:54.799,0.84409,0.84427,1.10,4.70
2010.11.15 13:44:59.248,0.84419,0.84429,1.10,1.50
2010.11.15 13:45:01.027,0.84428,0.84443,1.10,1.70
2010.11.15 13:45:02.148,0.84419,0.84433,2.60,1.50
2010.11.15 13:45:03.270,0.84418,0.84441,2.50,1.50
2010.11.15 13:45:05.826,0.84421,0.84439,1.50,5.10
2010.11.15 13:45:08.273,0.84416,0.84433,1.50,1.50
2010.11.15 13:45:09.439,0.84415,0.84433,1.90,1.50
2010.11.15 13:45:09.781,0.84428,0.84441,1.10,2.20
2010.11.15 13:45:09.901,0.84428,0.84441,1.50,2.50
2010.11.15 13:45:10.272,0.84419,0.84429,5.90,2.50
2010.11.15 13:45:10.498,0.84416,0.84428,1.50,3.20
2010.11.15 13:45:10.618,0.8441,0.84422,1.50,1.50
2010.11.15 13:45:11.727,0.84411,0.84428,2.60,2.20
2010.11.15 13:45:13.819,0.84406,0.84422,1.50,1.50
2010.11.15 13:45:16.110,0.84404,0.84422,1.50,1.50
2010.11.15 13:45:18.115,0.84401,0.84423,1.10,3.00
2010.11.15 13:45:19.717,0.84405,0.84421,2.30,2.50
2010.11.15 13:45:21.807,0.84407,0.84429,2.30,2.50
2010.11.15 13:45:22.425,0.84402,0.84417,1.50,3.80
2010.11.15 13:45:23.707,0.84411,0.84431,2.50,1.50
2010.11.15 13:45:24.149,0.84415,0.84438,1.20,2.50
2010.11.15 13:45:24.420,0.84422,0.8444,2.00,2.20
2010.11.15 13:45:24.558,0.84429,0.84444,1.70,1.50
2010.11.15 13:45:24.888,0.84425,0.84438,1.10,2.30
2010.11.15 13:45:27.095,0.84417,0.84434,1.50,1.50
2010.11.15 13:45:29.575,0.84421,0.84437,1.50,1.70
2010.11.15 13:45:30.157,0.84424,0.84442,2.50,2.30
2010.11.15 13:45:32.185,0.84425,0.84441,1.50,1.50
2010.11.15 13:45:35.617,0.84421,0.84441,2.30,3.80
2010.11.15 13:45:37.676,0.8442,0.84436,1.10,2.30
2010.11.15 13:45:39.930,0.84409,0.8443,1.70,1.50
2010.11.15 13:45:42.114,0.84399,0.84417,1.50,1.50
2010.11.15 13:45:43.232,0.84417,0.84428,1.50,3.00
2010.11.15 13:45:43.568,0.84417,0.8443,2.90,5.90
2010.11.15 13:45:44.050,0.84421,0.84428,1.50,3.00
2010.11.15 13:45:44.173,0.84419,0.84435,2.50,1.50
2010.11.15 13:45:45.659,0.84405,0.84423,2.00,1.50
2010.11.15 13:45:48.367,0.84401,0.8442,1.70,1.50
2010.11.15 13:45:50.375,0.84406,0.84425,1.50,1.50
2010.11.15 13:45:52.575,0.84402,0.84422,1.70,1.50
2010.11.15 13:45:54.976,0.84405,0.84419,1.50,1.70
2010.11.15 13:45:55.199,0.84398,0.84419,2.30,1.70
2010.11.15 13:45:57.930,0.84391,0.84411,1.70,1.50
2010.11.15 13:45:58.055,0.84422,0.84432,1.70,25.70
2010.11.15 13:45:58.279,0.84422,0.8444,1.70,1.50
2010.11.15 13:45:58.695,0.84428,0.84442,3.20,1.50
2010.11.15 13:45:58.926,0.84435,0.84453,1.70,2.30
2010.11.15 13:46:00.098,0.84426,0.84442,1.50,1.70
2010.11.15 13:46:02.806,0.84421,0.84438,3.20,1.50
2010.11.15 13:46:04.708,0.84424,0.84444,2.70,1.50
2010.11.15 13:46:04.929,0.84424,0.84437,1.10,1.50
2010.11.15 13:46:07.092,0.84424,0.84435,1.10,2.30
2010.11.15 13:46:09.792,0.84424,0.84443,2.30,1.70
2010.11.15 13:46:11.078,0.84413,0.84431,1.50,2.30
2010.11.15 13:46:13.227,0.84409,0.84427,1.50,1.50
2010.11.15 13:46:15.308,0.84419,0.84432,1.50,1.50
2010.11.15 13:46:15.860,0.84424,0.84438,2.50,2.20
2010.11.15 13:46:17.866,0.84421,0.84439,3.20,1.50
2010.11.15 13:46:21.078,0.84418,0.84433,2.20,1.70
2010.11.15 13:46:22.068,0.84408,0.84428,1.50,1.70
2010.11.15 13:46:24.156,0.84397,0.84413,1.50,1.50
2010.11.15 13:46:24.650,0.84397,0.8442,2.60,1.70
2010.11.15 13:46:26.697,0.8441,0.84427,1.50,1.50
2010.11.15 13:46:28.075,0.8441,0.8443,2.50,1.50
2010.11.15 13:46:28.738,0.84415,0.84431,2.50,1.50
2010.11.15 13:46:29.080,0.84414,0.84437,3.00,2.50
2010.11.15 13:46:31.212,0.84409,0.84434,1.20,4.50
2010.11.15 13:46:33.635,0.84406,0.84427,6.20,1.50
2010.11.15 13:46:35.392,0.8441,0.84423,1.10,1.70
2010.11.15 13:46:36.028,0.84421,0.84436,1.10,2.20
2010.11.15 13:46:39.225,0.84424,0.8444,2.30,2.30
2010.11.15 13:46:39.335,0.84424,0.8444,3.20,2.30
2010.11.15 13:46:47.801,0.84431,0.84446,1.10,1.50
2010.11.15 13:46:48.476,0.84429,0.84444,2.90,1.50
2010.11.15 13:46:48.961,0.84432,0.84452,3.00,3.70
2010.11.15 13:46:49.216,0.84428,0.84447,1.50,1.70
2010.11.15 13:46:50.815,0.84427,0.84451,1.20,1.50
2010.11.15 13:46:51.795,0.84427,0.84445,1.50,1.70
2010.11.15 13:46:53.186,0.84417,0.84438,1.10,1.50
2010.11.15 13:46:55.369,0.84416,0.84427,1.50,1.70
2010.11.15 13:46:55.488,0.84407,0.84422,1.50,1.50
2010.11.15 13:46:59.147,0.84407,0.84423,3.00,3.00
2010.11.15 13:46:59.536,0.84399,0.84415,1.50,1.50
2010.11.15 13:47:01.632,0.84412,0.84424,1.20,1.50
2010.11.15 13:47:01.748,0.84414,0.84433,3.90,1.50
2010.11.15 13:47:03.860,0.84417,0.84431,1.50,3.00
2010.11.15 13:47:05.450,0.84409,0.8443,4.40,4.50
2010.11.15 13:47:06.000,0.84399,0.8442,1.50,1.70
2010.11.15 13:47:08.290,0.84396,0.84417,3.80,3.20
2010.11.15 13:47:10.346,0.84389,0.8441,1.20,3.00
2010.11.15 13:47:12.417,0.84387,0.84408,2.70,1.70
2010.11.15 13:47:14.465,0.84383,0.84397,1.50,3.20
2010.11.15 13:47:15.297,0.84366,0.84387,2.30,6.20
2010.11.15 13:47:17.360,0.8437,0.84392,2.00,2.20
2010.11.15 13:47:19.399,0.84378,0.844,1.10,3.00
2010.11.15 13:47:23.009,0.84376,0.84397,2.30,1.70
2010.11.15 13:47:23.625,0.84368,0.84389,2.20,3.20
2010.11.15 13:47:26.877,0.8437,0.8439,1.70,1.50
2010.11.15 13:47:28.306,0.8437,0.84394,2.50,2.30
2010.11.15 13:47:30.360,0.8437,0.84393,2.50,2.50
2010.11.15 13:47:30.598,0.8437,0.8439,1.50,1.50
2010.11.15 13:47:33.361,0.84371,0.84392,3.00,2.50
2010.11.15 13:47:33.746,0.8437,0.84382,2.20,1.50
2010.11.15 13:47:35.697,0.84356,0.84373,1.70,1.50
2010.11.15 13:47:37.828,0.84356,0.84377,2.50,3.00
2010.11.15 13:47:40.394,0.84356,0.84375,2.50,2.30
2010.11.15 13:47:42.955,0.84356,0.84376,3.20,2.30
2010.11.15 13:47:45.177,0.84357,0.84378,1.10,2.70
2010.11.15 13:47:49.484,0.84356,0.84378,2.70,3.20
2010.11.15 13:47:54.538,0.84361,0.84375,1.50,1.70
2010.11.15 13:47:54.867,0.84367,0.84383,3.00,1.70
2010.11.15 13:47:56.866,0.84367,0.84382,1.50,1.50
2010.11.15 13:47:59.717,0.84362,0.84381,1.50,1.50
2010.11.15 13:48:01.564,0.84374,0.84388,1.20,2.20
2010.11.15 13:48:01.689,0.84382,0.84398,1.50,1.50
2010.11.15 13:48:02.468,0.84376,0.84393,1.50,1.70
2010.11.15 13:48:04.497,0.84366,0.84383,2.30,1.50
2010.11.15 13:48:06.822,0.84367,0.84386,1.70,1.50
2010.11.15 13:48:08.976,0.84368,0.84384,1.50,1.50
2010.11.15 13:48:11.116,0.84368,0.84384,1.50,1.50
2010.11.15 13:48:11.448,0.8438,0.84397,2.50,1.50
2010.11.15 13:48:13.976,0.84381,0.84401,2.50,1.50
2010.11.15 13:48:16.018,0.8438,0.84399,4.70,1.50
2010.11.15 13:48:18.614,0.8438,0.84399,1.50,1.50
2010.11.15 13:48:21.485,0.84377,0.84395,1.50,1.50
2010.11.15 13:48:23.494,0.84384,0.84403,1.10,1.50
2010.11.15 13:48:26.639,0.84384,0.84403,1.10,2.90
2010.11.15 13:48:27.281,0.84384,0.84404,3.20,3.80
2010.11.15 13:48:28.062,0.84386,0.84399,2.20,1.50
2010.11.15 13:48:30.327,0.84386,0.84406,1.50,3.20
2010.11.15 13:48:31.646,0.84386,0.84401,1.50,1.50
2010.11.15 13:48:32.527,0.84385,0.84399,2.20,1.50
2010.11.15 13:48:32.746,0.84379,0.84399,1.50,1.50
2010.11.15 13:48:33.261,0.84385,0.84399,1.50,1.50
2010.11.15 13:48:35.373,0.84384,0.84404,1.10,1.50
2010.11.15 13:48:35.727,0.84382,0.84401,2.50,1.50
2010.11.15 13:48:35.945,0.84382,0.84393,1.10,1.50
2010.11.15 13:48:36.653,0.84382,0.84399,1.10,1.50
2010.11.15 13:48:39.576,0.84378,0.84397,1.10,1.50
2010.11.15 13:48:42.326,0.84373,0.84392,2.30,3.20
2010.11.15 13:48:42.438,0.84373,0.84391,1.70,1.50
2010.11.15 13:48:44.674,0.8437,0.84389,2.30,1.70
2010.11.15 13:48:47.126,0.84368,0.84393,1.20,3.00
2010.11.15 13:48:50.789,0.8438,0.84395,3.20,1.50
2010.11.15 13:48:50.907,0.84376,0.84394,2.30,2.30
2010.11.15 13:48:53.135,0.84379,0.84401,1.20,2.30
2010.11.15 13:48:55.145,0.84387,0.84406,2.30,2.30
2010.11.15 13:48:57.305,0.84387,0.84406,2.30,2.30
2010.11.15 13:48:57.777,0.84387,0.84406,3.60,2.30
2010.11.15 13:49:00.218,0.84393,0.84412,3.00,1.50
2010.11.15 13:49:02.545,0.84398,0.84418,2.70,1.50
2010.11.15 13:49:04.845,0.84397,0.84417,4.10,4.00
2010.11.15 13:49:06.870,0.84402,0.84419,1.50,1.50
2010.11.15 13:49:08.962,0.84401,0.84421,1.20,1.50
2010.11.15 13:49:10.997,0.84406,0.84424,1.10,1.50
2010.11.15 13:49:12.302,0.84409,0.84424,1.70,1.50
2010.11.15 13:49:12.745,0.84412,0.84433,1.20,2.20
2010.11.15 13:49:13.782,0.84403,0.84423,1.10,1.50
2010.11.15 13:49:15.981,0.84411,0.84423,4.00,1.50
2010.11.15 13:49:16.116,0.84414,0.84434,1.10,3.80
2010.11.15 13:49:18.476,0.8441,0.8443,3.20,1.50
2010.11.15 13:49:18.771,0.84421,0.84435,2.30,1.50
2010.11.15 13:49:21.111,0.84425,0.84443,1.50,1.50
2010.11.15 13:49:23.186,0.84427,0.84443,2.60,1.50
2010.11.15 13:49:25.587,0.84431,0.84452,1.10,1.70
2010.11.15 13:49:26.756,0.84432,0.84452,1.10,1.50
2010.11.15 13:49:26.868,0.84431,0.84452,1.10,1.50
2010.11.15 13:49:28.916,0.84436,0.84453,3.00,1.50
2010.11.15 13:49:30.986,0.84443,0.84463,1.10,2.30
2010.11.15 13:49:33.938,0.84443,0.84463,1.10,4.00
2010.11.15 13:49:35.083,0.84443,0.84463,1.10,4.70
2010.11.15 13:49:35.321,0.84435,0.84455,1.50,1.70
2010.11.15 13:49:37.535,0.84435,0.84454,1.50,3.00
2010.11.15 13:49:39.545,0.84437,0.84454,1.70,2.30
2010.11.15 13:49:40.207,0.84446,0.84458,1.10,2.20
2010.11.15 13:49:40.756,0.84447,0.84464,6.00,2.20
2010.11.15 13:49:42.908,0.84447,0.84465,1.50,1.50
2010.11.15 13:49:45.280,0.84447,0.8447,1.50,3.70
2010.11.15 13:49:47.705,0.84452,0.84473,1.10,3.00
2010.11.15 13:49:49.796,0.84447,0.84464,2.30,1.50
2010.11.15 13:49:52.170,0.84444,0.84463,1.10,7.00
2010.11.15 13:49:55.330,0.84438,0.84459,1.80,1.70
2010.11.15 13:49:57.713,0.84438,0.84459,2.60,1.70
2010.11.15 13:49:57.937,0.84441,0.84455,1.10,3.20
2010.11.15 13:50:00.406,0.84441,0.84462,3.00,1.50
2010.11.15 13:50:02.710,0.84447,0.84466,4.10,2.50
2010.11.15 13:50:05.605,0.84443,0.84464,1.20,1.50
2010.11.15 13:50:07.657,0.8444,0.8446,2.60,1.50
2010.11.15 13:50:10.025,0.84436,0.84457,2.30,1.50
2010.11.15 13:50:12.458,0.84436,0.84459,2.60,1.50
2010.11.15 13:50:15.576,0.84442,0.84463,1.10,1.50
2010.11.15 13:50:18.505,0.84442,0.84461,1.10,1.50
2010.11.15 13:50:20.577,0.84437,0.84458,2.30,1.50
2010.11.15 13:50:22.679,0.84436,0.84458,4.00,1.50
2010.11.15 13:50:25.099,0.84436,0.84455,1.50,1.50
2010.11.15 13:50:29.376,0.84434,0.84453,1.10,1.50
2010.11.15 13:50:31.418,0.84441,0.8446,1.60,1.50
2010.11.15 13:50:35.379,0.84433,0.84454,2.70,2.30
2010.11.15 13:50:38.730,0.84439,0.84461,1.10,1.70
2010.11.15 13:50:41.442,0.84427,0.84449,2.50,1.50
2010.11.15 13:50:43.356,0.84426,0.84436,1.50,1.50
2010.11.15 13:50:45.446,0.84421,0.84441,2.30,1.50
2010.11.15 13:50:49.624,0.84418,0.84441,2.60,1.50
2010.11.15 13:50:56.676,0.84416,0.84435,2.30,1.20
2010.11.15 13:50:57.010,0.84413,0.84427,1.50,1.50
2010.11.15 13:50:59.944,0.84411,0.84434,1.50,3.00
2010.11.15 13:51:00.063,0.84418,0.84434,1.50,3.00
2010.11.15 13:51:00.767,0.84416,0.84429,1.50,1.50
2010.11.15 13:51:02.551,0.84418,0.84441,2.60,3.00
2010.11.15 13:51:04.634,0.84416,0.84435,3.00,1.50
2010.11.15 13:51:07.577,0.84416,0.84436,2.30,1.70
2010.11.15 13:51:10.437,0.84421,0.84437,1.50,1.50
2010.11.15 13:51:12.727,0.8441,0.84426,1.50,1.20
2010.11.15 13:51:13.032,0.84398,0.84421,1.10,1.50
2010.11.15 13:51:16.237,0.84404,0.84423,1.20,1.50
2010.11.15 13:51:20.624,0.84406,0.84424,1.50,1.70
2010.11.15 13:51:20.846,0.84399,0.84423,3.00,2.50
2010.11.15 13:51:23.710,0.84401,0.84423,1.10,2.30
2010.11.15 13:51:26.834,0.84401,0.84423,2.60,2.50
2010.11.15 13:51:29.288,0.84402,0.84423,1.10,1.50
2010.11.15 13:51:31.415,0.84398,0.8442,1.20,2.30
2010.11.15 13:51:32.318,0.84406,0.84425,2.70,2.30
2010.11.15 13:51:35.195,0.84401,0.84422,1.10,1.50
2010.11.15 13:51:47.867,0.84398,0.84419,2.60,1.70
2010.11.15 13:51:51.835,0.84398,0.84418,2.30,1.70
2010.11.15 13:51:55.855,0.84397,0.84412,1.50,1.40
2010.11.15 13:51:55.972,0.84383,0.84406,1.10,3.80
2010.11.15 13:51:58.397,0.84385,0.84403,1.50,1.50
2010.11.15 13:52:00.576,0.84384,0.84403,1.50,1.50
2010.11.15 13:52:02.606,0.84384,0.84404,1.50,2.30
2010.11.15 13:52:07.165,0.84383,0.84402,1.50,1.50
2010.11.15 13:52:10.007,0.84388,0.84403,1.50,1.50
2010.11.15 13:52:14.345,0.84381,0.84401,2.60,1.70
2010.11.15 13:52:15.768,0.8438,0.84389,1.50,1.70
2010.11.15 13:52:18.066,0.84385,0.84401,1.40,1.50
2010.11.15 13:52:18.390,0.84393,0.84411,1.10,2.20
2010.11.15 13:52:18.509,0.84399,0.84411,1.10,2.20
2010.11.15 13:52:21.076,0.84399,0.84424,1.10,3.20
2010.11.15 13:52:24.765,0.84397,0.84419,2.50,4.00
2010.11.15 13:52:34.906,0.84403,0.84428,2.00,1.50
2010.11.15 13:52:37.669,0.84413,0.8443,1.50,1.50
2010.11.15 13:52:39.699,0.84416,0.8443,1.50,1.50
2010.11.15 13:52:43.434,0.84413,0.84433,1.50,1.70
2010.11.15 13:52:46.005,0.84413,0.84433,1.50,1.70
2010.11.15 13:52:47.999,0.84421,0.84442,2.50,1.50
2010.11.15 13:52:48.418,0.84427,0.8445,2.50,1.50
2010.11.15 13:52:50.547,0.84431,0.84453,2.60,1.50
2010.11.15 13:52:52.946,0.84431,0.84452,2.00,2.30
2010.11.15 13:52:55.123,0.84433,0.84453,1.10,3.80
2010.11.15 13:52:57.500,0.84431,0.84458,3.40,1.50
2010.11.15 13:53:00.275,0.84438,0.84457,1.50,1.50
2010.11.15 13:53:03.127,0.84447,0.84461,1.50,1.50
2010.11.15 13:53:03.463,0.84437,0.84458,3.80,1.50
2010.11.15 13:53:05.760,0.84436,0.84458,2.30,1.50
2010.11.15 13:53:09.905,0.84436,0.84456,2.60,1.50
2010.11.15 13:53:14.308,0.84436,0.84453,2.70,1.50
2010.11.15 13:53:15.818,0.84433,0.84449,1.70,1.50
2010.11.15 13:53:18.367,0.84434,0.84454,1.70,2.30
2010.11.15 13:53:21.106,0.84437,0.84458,1.10,1.50
2010.11.15 13:53:23.179,0.84434,0.84453,2.60,1.50
2010.11.15 13:53:25.326,0.84441,0.84457,1.50,1.50
2010.11.15 13:53:27.487,0.84441,0.8446,1.50,4.00
2010.11.15 13:53:30.407,0.84441,0.8446,1.20,1.50
2010.11.15 13:53:30.957,0.84436,0.8445,1.80,3.20
2010.11.15 13:53:31.067,0.84432,0.8445,2.20,3.20
2010.11.15 13:53:31.286,0.8443,0.84445,1.50,2.50
2010.11.15 13:53:31.401,0.84421,0.84439,3.70,2.30
2010.11.15 13:53:34.036,0.8442,0.84436,1.50,1.50
2010.11.15 13:53:37.166,0.84424,0.84439,1.50,1.50
2010.11.15 13:53:37.387,0.8442,0.84439,2.30,1.70
2010.11.15 13:53:40.177,0.8442,0.84438,1.70,2.30
2010.11.15 13:53:43.059,0.84418,0.84439,1.10,1.70
2010.11.15 13:53:45.662,0.8442,0.84434,1.70,1.50
2010.11.15 13:53:45.797,0.8443,0.84444,1.70,1.50
2010.11.15 13:53:46.356,0.8443,0.84451,1.10,1.50
2010.11.15 13:53:46.838,0.8443,0.84443,1.10,1.50
2010.11.15 13:53:47.216,0.84432,0.84451,1.50,1.50
2010.11.15 13:53:52.826,0.84433,0.84452,1.50,1.50
2010.11.15 13:53:56.235,0.8443,0.84449,2.20,1.50
2010.11.15 13:53:59.127,0.84424,0.84443,1.50,3.00
2010.11.15 13:54:02.220,0.84423,0.84443,2.30,3.20
2010.11.15 13:54:04.297,0.84418,0.84437,1.70,2.30
2010.11.15 13:54:04.799,0.84417,0.84439,2.30,3.20
2010.11.15 13:54:08.867,0.84416,0.84437,2.50,3.00
2010.11.15 13:54:11.428,0.84419,0.84438,1.20,1.50
2010.11.15 13:54:13.861,0.84417,0.84439,1.20,1.70
2010.11.15 13:54:16.500,0.84423,0.84442,1.70,1.50
2010.11.15 13:54:18.955,0.84422,0.8444,1.20,1.50
2010.11.15 13:54:21.007,0.84419,0.84438,1.10,1.50
2010.11.15 13:54:24.746,0.84417,0.84434,2.50,1.50
2010.11.15 13:54:24.966,0.8442,0.8444,1.70,2.30
2010.11.15 13:54:28.059,0.84425,0.84442,2.50,2.30
2010.11.15 13:54:30.069,0.84421,0.84442,1.20,2.30
2010.11.15 13:54:33.571,0.84418,0.84442,2.30,5.50
2010.11.15 13:54:35.626,0.84417,0.84435,1.70,1.50
2010.11.15 13:54:42.368,0.84413,0.84433,2.50,3.00
2010.11.15 13:54:53.207,0.84416,0.84434,1.50,3.20
2010.11.15 13:54:57.749,0.84414,0.84433,2.30,4.50
2010.11.15 13:54:58.186,0.84417,0.84431,1.50,2.30
2010.11.15 13:54:58.405,0.84409,0.84431,1.20,2.30
2010.11.15 13:55:00.476,0.84409,0.84431,1.20,2.30
2010.11.15 13:55:02.545,0.84417,0.84435,1.70,3.00
2010.11.15 13:55:05.129,0.84416,0.84435,3.20,3.00
2010.11.15 13:55:06.772,0.84408,0.84431,1.10,1.50
2010.11.15 13:55:09.010,0.84407,0.84431,2.70,1.50
2010.11.15 13:55:12.115,0.84404,0.84423,1.10,1.50
2010.11.15 13:55:14.285,0.84403,0.84423,1.50,3.00
2010.11.15 13:55:16.366,0.844,0.84419,1.50,1.50
2010.11.15 13:55:20.725,0.84407,0.84423,2.30,1.50
2010.11.15 13:55:26.741,0.84406,0.84431,2.30,1.50
2010.11.15 13:55:40.305,0.84407,0.84425,1.50,1.50
2010.11.15 13:55:41.605,0.84399,0.8442,2.60,1.50
2010.11.15 13:55:44.505,0.84403,0.84419,1.50,1.50
2010.11.15 13:55:48.005,0.84404,0.84421,1.50,1.50
2010.11.15 13:55:50.268,0.84404,0.84423,2.30,2.30
2010.11.15 13:55:54.905,0.84406,0.84424,1.50,1.50
2010.11.15 13:55:58.228,0.84406,0.8443,3.80,1.50
2010.11.15 13:56:01.399,0.84408,0.84426,1.70,1.50
2010.11.15 13:56:05.949,0.84408,0.84429,2.30,2.30
2010.11.15 13:56:08.126,0.84406,0.84428,2.50,1.50
2010.11.15 13:56:13.249,0.84409,0.8443,1.20,1.50
2010.11.15 13:56:15.369,0.84403,0.84422,1.50,1.50
2010.11.15 13:56:17.385,0.84403,0.84423,2.30,1.50
2010.11.15 13:56:19.928,0.84402,0.84424,1.10,1.50
2010.11.15 13:56:22.626,0.84407,0.84429,2.30,1.50
2010.11.15 13:56:24.636,0.84405,0.84424,2.90,1.50
2010.11.15 13:56:24.987,0.84408,0.84431,2.50,4.50
2010.11.15 13:56:28.138,0.84408,0.84427,1.10,1.50
2010.11.15 13:56:30.737,0.84408,0.84426,1.10,1.50
2010.11.15 13:56:33.366,0.84406,0.84426,2.30,1.50
2010.11.15 13:56:35.158,0.84413,0.84425,2.30,1.50
2010.11.15 13:56:36.859,0.84415,0.84433,2.30,3.20
2010.11.15 13:56:38.907,0.84416,0.84431,1.50,1.70
2010.11.15 13:56:41.977,0.84417,0.84431,1.50,1.70
2010.11.15 13:56:44.574,0.84416,0.84431,1.50,1.70
2010.11.15 13:56:49.021,0.84416,0.84431,1.50,1.70
2010.11.15 13:56:51.364,0.8441,0.84426,1.50,1.70
2010.11.15 13:56:54.125,0.8441,0.84427,1.50,1.70
2010.11.15 13:56:57.465,0.84411,0.84427,1.50,1.70
2010.11.15 13:57:00.502,0.84411,0.84432,2.30,1.50
2010.11.15 13:57:03.568,0.84419,0.84437,1.50,1.70
2010.11.15 13:57:06.604,0.84419,0.84437,1.50,1.70
2010.11.15 13:57:10.417,0.84417,0.84434,3.00,1.50
2010.11.15 13:57:12.450,0.84411,0.84426,1.50,1.50
2010.11.15 13:57:14.822,0.84413,0.84426,1.50,1.50
2010.11.15 13:57:19.836,0.84419,0.84432,1.50,1.50
2010.11.15 13:57:24.197,0.84422,0.84435,1.50,1.50
2010.11.15 13:57:28.227,0.84421,0.84438,1.50,1.70
2010.11.15 13:57:36.635,0.84425,0.8444,1.50,1.70
2010.11.15 13:57:39.981,0.84425,0.8444,1.50,1.70
2010.11.15 13:57:48.834,0.84425,0.8444,1.50,1.70
2010.11.15 13:57:50.306,0.8442,0.84439,2.30,1.70
2010.11.15 13:57:50.419,0.8442,0.84433,2.30,1.50
2010.11.15 13:57:53.355,0.84418,0.84433,1.50,1.50
