2008.02.21 12:00:00.104,0.9815,0.9817,0.20,0.40
2008.02.21 12:00:00.472,0.9815,0.9817,0.20,0.40
2008.02.21 12:00:00.696,0.9815,0.9816,0.20,0.20
2008.02.21 12:00:00.921,0.9815,0.9816,0.20,0.20
2008.02.21 12:00:01.234,0.9815,0.9816,0.20,0.20
2008.02.21 12:00:01.547,0.9815,0.9816,0.20,0.20
2008.02.21 12:00:01.861,0.9815,0.9816,0.20,0.20
2008.02.21 12:00:02.105,0.9815,0.9816,0.20,0.20
2008.02.21 12:00:02.350,0.9815,0.9816,0.20,0.20
2008.02.21 12:00:02.596,0.9815,0.9816,0.20,0.20
2008.02.21 12:00:02.851,0.98135,0.9816,8.00,0.20
2008.02.21 12:00:03.151,0.98135,0.9816,8.80,0.20
2008.02.21 12:00:03.449,0.98135,0.9816,8.80,0.20
2008.02.21 12:00:03.747,0.9814,0.9816,0.20,0.20
2008.02.21 12:00:04.046,0.9815,0.9816,0.20,0.20
2008.02.21 12:00:04.311,0.9815,0.9816,0.20,0.20
2008.02.21 12:00:04.575,0.9816,0.9818,0.20,0.40
2008.02.21 12:00:04.838,0.9816,0.9817,0.20,0.20
2008.02.21 12:00:05.082,0.9816,0.9817,0.20,0.20
2008.02.21 12:00:05.326,0.9815,0.9817,0.20,0.40
2008.02.21 12:00:05.569,0.9815,0.9817,0.20,0.20
2008.02.21 12:00:05.813,0.9815,0.9818,0.20,0.20
2008.02.21 12:00:06.061,0.9815,0.9818,0.20,0.20
2008.02.21 12:00:06.310,0.9815,0.98185,0.40,0.20
2008.02.21 12:00:06.559,0.9815,0.9817,0.40,0.20
2008.02.21 12:00:06.807,0.9815,0.9817,0.20,0.20
2008.02.21 12:00:06.995,0.9815,0.9817,0.20,0.20
2008.02.21 12:00:07.183,0.9815,0.9817,0.20,0.20
2008.02.21 12:00:07.371,0.9815,0.9817,0.20,0.20
2008.02.21 12:00:07.566,0.9815,0.9817,0.20,0.40
2008.02.21 12:00:07.755,0.9815,0.98165,0.20,0.50
2008.02.21 12:00:07.944,0.9813,0.9816,0.40,0.20
2008.02.21 12:00:08.252,0.9813,0.9816,0.40,0.40
2008.02.21 12:00:08.560,0.9813,0.9816,0.40,0.40
2008.02.21 12:00:08.869,0.9813,0.9816,0.40,0.40
2008.02.21 12:00:09.067,0.9813,0.9816,0.40,0.40
2008.02.21 12:00:09.266,0.9813,0.9816,0.40,0.40
2008.02.21 12:00:09.464,0.9813,0.9816,0.40,0.20
2008.02.21 12:00:09.665,0.9814,0.9816,0.20,0.20
2008.02.21 12:00:09.863,0.9814,0.9816,0.20,0.20
2008.02.21 12:00:10.121,0.9814,0.9816,0.20,0.20
2008.02.21 12:00:10.381,0.9814,0.9816,0.20,0.20
2008.02.21 12:00:10.642,0.9814,0.9816,0.20,0.20
2008.02.21 12:00:10.901,0.9814,0.9816,0.20,0.20
2008.02.21 12:00:11.171,0.9814,0.9816,0.40,0.20
2008.02.21 12:00:11.441,0.9815,0.9817,0.20,0.40
2008.02.21 12:00:11.708,0.9815,0.98165,0.20,0.20
2008.02.21 12:00:12.004,0.9815,0.98165,0.20,0.20
2008.02.21 12:00:12.263,0.9815,0.9817,0.20,0.40
2008.02.21 12:00:12.532,0.9815,0.9817,0.20,0.40
2008.02.21 12:00:12.800,0.9815,0.98165,0.20,0.20
2008.02.21 12:00:13.252,0.9815,0.98165,0.20,0.20
2008.02.21 12:00:13.490,0.9815,0.98165,0.20,0.20
2008.02.21 12:00:13.729,0.9815,0.9817,0.20,0.40
2008.02.21 12:00:13.981,0.9815,0.9817,0.20,0.40
2008.02.21 12:00:14.214,0.9815,0.9817,0.20,0.40
2008.02.21 12:00:14.497,0.9815,0.9817,0.20,0.40
2008.02.21 12:00:14.738,0.9815,0.98165,0.20,0.20
2008.02.21 12:00:14.974,0.9815,0.98155,0.20,0.20
2008.02.21 12:00:15.198,0.9815,0.98155,0.20,0.20
2008.02.21 12:00:15.434,0.9813,0.9815,0.20,0.20
2008.02.21 12:00:15.657,0.9813,0.9815,0.40,0.20
2008.02.21 12:00:15.881,0.9813,0.9815,0.40,0.20
2008.02.21 12:00:16.104,0.9813,0.9815,0.40,0.20
2008.02.21 12:00:16.343,0.98135,0.9815,4.80,0.20
2008.02.21 12:00:16.581,0.98135,0.9815,4.80,0.20
2008.02.21 12:00:16.818,0.98135,0.9815,4.80,0.20
2008.02.21 12:00:17.059,0.9814,0.9816,0.20,0.20
2008.02.21 12:00:17.296,0.9814,0.9816,0.20,0.20
2008.02.21 12:00:17.674,0.9814,0.9816,0.20,0.20
2008.02.21 12:00:17.856,0.9814,0.9816,0.20,0.20
2008.02.21 12:00:18.196,0.9814,0.9816,0.20,0.20
2008.02.21 12:00:18.897,0.9814,0.9816,0.20,0.20
2008.02.21 12:00:19.622,0.9814,0.9816,0.20,0.40
2008.02.21 12:00:19.788,0.9814,0.9816,0.20,0.40
2008.02.21 12:00:19.942,0.9814,0.9816,0.20,0.40
2008.02.21 12:00:20.101,0.9814,0.9815,0.20,0.20
2008.02.21 12:00:20.350,0.9814,0.9815,0.20,0.20
2008.02.21 12:00:20.585,0.9814,0.9815,0.20,0.20
2008.02.21 12:00:20.798,0.9814,0.9815,0.20,0.20
2008.02.21 12:00:21.021,0.9814,0.9815,0.20,0.20
2008.02.21 12:00:21.244,0.9814,0.9815,0.40,0.20
2008.02.21 12:00:21.468,0.9814,0.9816,0.40,0.20
2008.02.21 12:00:21.757,0.9814,0.9816,0.40,0.20
2008.02.21 12:00:22.046,0.9814,0.9816,0.40,0.20
2008.02.21 12:00:22.334,0.9814,0.9816,0.40,0.20
2008.02.21 12:00:22.537,0.9814,0.9816,0.40,0.20
2008.02.21 12:00:22.747,0.9814,0.9816,0.40,0.20
2008.02.21 12:00:23.081,0.9814,0.9816,0.20,0.40
2008.02.21 12:00:23.275,0.9814,0.9815,0.20,0.20
2008.02.21 12:00:23.469,0.9814,0.9815,0.20,0.20
2008.02.21 12:00:23.673,0.9814,0.9815,0.20,0.20
2008.02.21 12:00:23.876,0.9814,0.9815,0.20,0.20
2008.02.21 12:00:24.080,0.9814,0.9815,0.20,0.20
2008.02.21 12:00:24.412,0.9814,0.9815,0.20,0.20
2008.02.21 12:00:24.610,0.9814,0.9815,0.20,0.20
2008.02.21 12:00:24.809,0.9814,0.9815,0.20,0.20
2008.02.21 12:00:25.008,0.9814,0.9815,0.20,0.20
2008.02.21 12:00:25.254,0.9814,0.9815,0.20,0.20
2008.02.21 12:00:25.459,0.9814,0.9815,0.20,0.20
2008.02.21 12:00:25.829,0.9814,0.9816,0.20,0.20
2008.02.21 12:00:26.103,0.9814,0.9816,0.20,0.20
2008.02.21 12:00:26.381,0.9814,0.9815,0.20,0.20
2008.02.21 12:00:26.630,0.9814,0.9815,0.20,0.20
2008.02.21 12:00:26.878,0.9814,0.9815,0.20,0.20
2008.02.21 12:00:27.127,0.9814,0.9815,0.20,0.20
2008.02.21 12:00:27.376,0.9814,0.9815,0.20,0.20
2008.02.21 12:00:27.625,0.9814,0.9815,0.20,0.20
2008.02.21 12:00:27.873,0.9814,0.9815,0.20,0.20
2008.02.21 12:00:28.371,0.9814,0.9815,0.20,0.20
2008.02.21 12:00:28.699,0.9814,0.9815,0.20,0.20
2008.02.21 12:00:31.179,0.9814,0.9815,0.20,0.20
2008.02.21 12:00:31.467,0.9814,0.9815,0.20,0.20
2008.02.21 12:00:31.984,0.9814,0.9815,0.20,0.20
2008.02.21 12:00:32.111,0.9814,0.9815,0.20,0.20
2008.02.21 12:00:32.241,0.98125,0.9815,2.50,0.20
2008.02.21 12:00:32.378,0.98125,0.9815,0.20,0.20
2008.02.21 12:00:32.505,0.9812,0.9815,0.40,0.20
2008.02.21 12:00:32.814,0.9813,0.9815,0.20,0.20
2008.02.21 12:00:33.123,0.9813,0.9815,0.20,0.20
2008.02.21 12:00:33.432,0.9813,0.9815,0.20,0.20
2008.02.21 12:00:33.741,0.9813,0.9815,0.40,0.20
2008.02.21 12:00:33.914,0.9813,0.9815,0.40,0.20
2008.02.21 12:00:34.161,0.9813,0.9815,0.40,0.20
2008.02.21 12:00:34.679,0.9813,0.9815,0.40,0.20
2008.02.21 12:00:35.426,0.9813,0.9815,0.40,0.20
2008.02.21 12:00:36.239,0.9813,0.9815,0.40,0.20
2008.02.21 12:00:38.997,0.9813,0.9815,0.40,0.20
2008.02.21 12:00:40.022,0.9813,0.9815,0.40,0.20
2008.02.21 12:00:42.411,0.98135,0.9815,0.90,0.20
2008.02.21 12:00:42.521,0.98135,0.9815,1.60,0.20
2008.02.21 12:00:42.629,0.98135,0.9815,1.60,0.20
2008.02.21 12:00:42.739,0.9814,0.98165,0.20,0.20
2008.02.21 12:00:42.848,0.9814,0.98165,0.20,0.20
2008.02.21 12:00:43.063,0.9814,0.98165,0.20,0.20
2008.02.21 12:00:43.277,0.9814,0.98165,0.20,0.20
2008.02.21 12:00:43.502,0.9814,0.98165,0.20,0.20
2008.02.21 12:00:44.426,0.9814,0.98165,0.20,0.20
2008.02.21 12:00:44.638,0.9814,0.98165,0.20,0.20
2008.02.21 12:00:44.890,0.9814,0.98165,0.20,0.20
2008.02.21 12:00:45.345,0.9814,0.9817,0.20,0.40
2008.02.21 12:00:45.483,0.9814,0.9817,0.20,0.40
2008.02.21 12:00:45.621,0.9814,0.9817,0.20,0.40
2008.02.21 12:00:45.763,0.9814,0.9817,0.20,0.40
2008.02.21 12:00:46.003,0.9814,0.9817,0.20,0.40
2008.02.21 12:00:46.337,0.9814,0.9817,0.20,0.40
2008.02.21 12:00:46.670,0.9814,0.9816,0.20,0.20
2008.02.21 12:00:47.007,0.9814,0.9816,0.20,0.20
2008.02.21 12:00:47.196,0.9814,0.9816,0.40,0.20
2008.02.21 12:00:47.383,0.9814,0.9817,0.40,7.90
2008.02.21 12:00:47.581,0.9814,0.9817,0.40,0.20
2008.02.21 12:00:47.770,0.9814,0.9817,0.40,0.20
2008.02.21 12:00:47.958,0.9814,0.9817,0.40,0.20
2008.02.21 12:00:48.146,0.9814,0.9816,0.20,0.20
2008.02.21 12:00:48.394,0.9814,0.9816,0.20,0.20
2008.02.21 12:00:48.643,0.9814,0.9816,0.20,0.20
2008.02.21 12:00:48.902,0.9814,0.9816,0.20,0.40
2008.02.21 12:00:49.151,0.9814,0.9816,0.20,0.20
2008.02.21 12:00:49.335,0.9814,0.9817,0.20,0.40
2008.02.21 12:00:49.518,0.9814,0.9817,0.20,0.40
2008.02.21 12:00:49.701,0.9814,0.9817,0.20,0.40
2008.02.21 12:00:49.884,0.9814,0.9817,0.20,0.40
2008.02.21 12:00:50.069,0.9814,0.9816,0.20,0.20
2008.02.21 12:00:50.367,0.9814,0.9816,0.20,0.40
2008.02.21 12:00:50.666,0.9814,0.9816,0.20,0.40
2008.02.21 12:00:51.099,0.9814,0.9816,0.20,0.40
2008.02.21 12:00:51.500,0.9814,0.9816,0.20,0.40
2008.02.21 12:00:51.907,0.9814,0.9816,0.20,0.40
2008.02.21 12:00:52.086,0.9814,0.9816,0.20,0.40
2008.02.21 12:00:52.257,0.9814,0.9815,0.20,0.20
2008.02.21 12:00:52.424,0.9814,0.9815,0.20,0.20
2008.02.21 12:00:52.593,0.9814,0.9815,0.20,0.20
2008.02.21 12:00:52.763,0.9814,0.9815,0.20,0.20
2008.02.21 12:00:52.964,0.9814,0.9815,0.20,0.20
2008.02.21 12:00:53.357,0.9814,0.9815,0.20,0.20
2008.02.21 12:00:53.587,0.9814,0.98165,0.20,0.20
2008.02.21 12:00:53.816,0.9814,0.98165,0.20,0.20
2008.02.21 12:00:54.775,0.9814,0.98165,0.20,0.20
2008.02.21 12:00:55.139,0.9814,0.98165,0.20,0.20
2008.02.21 12:00:55.326,0.9814,0.98165,0.20,0.20
2008.02.21 12:00:55.534,0.9814,0.98165,0.20,0.20
2008.02.21 12:00:55.722,0.9814,0.98165,0.20,2.50
2008.02.21 12:00:55.975,0.9814,0.98165,0.20,2.50
2008.02.21 12:00:56.174,0.9814,0.9816,0.20,0.20
2008.02.21 12:00:56.382,0.9814,0.9816,0.20,0.40
2008.02.21 12:00:56.590,0.9814,0.9816,0.20,0.40
2008.02.21 12:00:56.798,0.9814,0.9816,0.20,0.40
2008.02.21 12:00:57.006,0.9814,0.9816,0.20,0.40
2008.02.21 12:00:57.229,0.9814,0.9816,0.20,0.40
2008.02.21 12:00:57.417,0.9814,0.9816,0.20,0.40
2008.02.21 12:00:57.606,0.9814,0.9815,0.20,0.20
2008.02.21 12:00:57.795,0.9814,0.9815,0.20,0.20
2008.02.21 12:00:57.999,0.9814,0.9815,0.20,0.20
2008.02.21 12:00:58.243,0.9814,0.9815,0.20,0.20
2008.02.21 12:00:58.470,0.9814,0.9815,0.20,0.20
2008.02.21 12:00:59.120,0.9814,0.9815,0.20,0.20
2008.02.21 12:00:59.351,0.9812,0.9815,0.40,0.20
2008.02.21 12:00:59.489,0.9812,0.9815,0.40,0.20
2008.02.21 12:00:59.628,0.9812,0.9815,0.40,0.20
2008.02.21 12:00:59.766,0.9812,0.9815,0.40,0.40
2008.02.21 12:00:59.903,0.9812,0.9815,0.40,0.40
2008.02.21 12:01:00.051,0.9812,0.9815,0.40,0.40
2008.02.21 12:01:00.934,0.9812,0.9815,0.40,0.40
2008.02.21 12:01:01.127,0.9812,0.9815,0.40,0.40
2008.02.21 12:01:01.330,0.9812,0.9815,0.20,0.40
2008.02.21 12:01:01.539,0.9812,0.9815,0.20,0.40
2008.02.21 12:01:01.813,0.9812,0.9814,0.20,0.20
2008.02.21 12:01:02.863,0.9812,0.9814,0.20,0.20
2008.02.21 12:01:03.085,0.9812,0.9814,0.20,0.20
2008.02.21 12:01:03.308,0.9812,0.9814,0.20,0.20
2008.02.21 12:01:03.508,0.9812,0.9814,0.20,0.20
2008.02.21 12:01:03.706,0.9812,0.98135,0.20,2.40
2008.02.21 12:01:03.904,0.9812,0.98135,0.20,2.40
2008.02.21 12:01:04.102,0.9812,0.9813,0.20,0.20
2008.02.21 12:01:04.745,0.9812,0.9813,0.20,0.20
2008.02.21 12:01:04.974,0.9812,0.9813,0.20,0.20
2008.02.21 12:01:05.209,0.9812,0.9813,0.20,0.20
2008.02.21 12:01:05.448,0.98105,0.9812,2.20,0.20
2008.02.21 12:01:05.638,0.9811,0.9813,0.20,0.20
2008.02.21 12:01:05.836,0.9811,0.9813,0.20,0.20
2008.02.21 12:01:06.046,0.9811,0.9813,0.20,0.20
2008.02.21 12:01:06.234,0.9811,0.9813,0.20,0.20
2008.02.21 12:01:06.442,0.98115,0.9813,0.20,0.20
2008.02.21 12:01:06.737,0.9812,0.9814,0.20,0.20
2008.02.21 12:01:07.031,0.9812,0.9814,0.20,0.20
2008.02.21 12:01:07.325,0.9812,0.9814,0.20,0.20
2008.02.21 12:01:07.618,0.9812,0.9814,0.20,0.20
2008.02.21 12:01:07.791,0.9812,0.9814,0.20,0.20
2008.02.21 12:01:07.964,0.9812,0.98135,0.20,0.20
2008.02.21 12:01:08.138,0.9812,0.98135,0.20,2.50
2008.02.21 12:01:08.312,0.98105,0.9813,4.90,0.20
2008.02.21 12:01:08.486,0.9811,0.9813,0.20,0.20
2008.02.21 12:01:08.659,0.9811,0.9813,0.40,0.20
2008.02.21 12:01:08.993,0.9811,0.9813,0.40,0.20
2008.02.21 12:01:09.326,0.9811,0.9813,0.40,0.20
2008.02.21 12:01:09.660,0.9812,0.9813,0.20,0.20
2008.02.21 12:01:09.848,0.9812,0.9815,0.40,8.00
2008.02.21 12:01:10.037,0.9812,0.9815,0.40,8.00
2008.02.21 12:01:10.225,0.9812,0.9815,0.40,8.00
2008.02.21 12:01:10.935,0.9812,0.9815,0.40,8.00
2008.02.21 12:01:11.270,0.9812,0.9815,0.40,0.40
2008.02.21 12:01:11.596,0.9812,0.9815,0.40,0.40
2008.02.21 12:01:11.791,0.9812,0.9815,0.40,0.40
2008.02.21 12:01:12.065,0.9812,0.9815,0.40,0.40
2008.02.21 12:01:12.252,0.9812,0.9815,0.40,0.40
2008.02.21 12:01:12.440,0.9812,0.9815,0.40,0.40
2008.02.21 12:01:12.629,0.9812,0.9815,0.40,0.40
2008.02.21 12:01:12.808,0.9812,0.9815,0.40,0.40
2008.02.21 12:01:12.995,0.9812,0.9815,0.40,0.40
2008.02.21 12:01:13.173,0.9812,0.9815,0.40,0.20
2008.02.21 12:01:13.360,0.9812,0.9815,0.40,0.20
2008.02.21 12:01:13.529,0.9812,0.9815,0.40,0.20
2008.02.21 12:01:13.707,0.9812,0.9815,0.40,0.40
2008.02.21 12:01:14.021,0.9813,0.9815,0.20,0.20
2008.02.21 12:01:14.335,0.9813,0.9815,0.20,0.20
2008.02.21 12:01:14.648,0.9813,0.9815,0.20,0.20
2008.02.21 12:01:14.882,0.9813,0.9815,0.20,0.20
2008.02.21 12:01:15.116,0.9813,0.9815,0.20,0.20
2008.02.21 12:01:15.349,0.9813,0.9815,0.20,0.20
2008.02.21 12:01:15.660,0.9813,0.9815,0.20,0.20
2008.02.21 12:01:15.970,0.9813,0.98145,0.20,0.20
2008.02.21 12:01:16.104,0.9813,0.98145,0.20,0.20
2008.02.21 12:01:16.279,0.9811,0.9814,0.40,0.20
2008.02.21 12:01:16.587,0.9811,0.9814,0.40,0.20
2008.02.21 12:01:16.897,0.98105,0.9812,0.80,0.40
2008.02.21 12:01:17.150,0.98105,0.9811,0.80,0.20
2008.02.21 12:01:17.405,0.9809,0.981,0.20,0.20
2008.02.21 12:01:17.669,0.9809,0.981,0.20,0.20
2008.02.21 12:01:17.937,0.9809,0.981,0.20,0.20
2008.02.21 12:01:18.217,0.98085,0.981,0.50,0.20
2008.02.21 12:01:18.510,0.98085,0.981,1.70,0.20
2008.02.21 12:01:18.790,0.98085,0.9811,0.90,0.20
2008.02.21 12:01:19.048,0.98085,0.9811,0.50,0.20
2008.02.21 12:01:19.308,0.98085,0.9811,0.90,0.20
2008.02.21 12:01:19.567,0.98085,0.9811,1.70,0.20
2008.02.21 12:01:19.826,0.9809,0.9811,0.20,0.20
2008.02.21 12:01:20.104,0.9809,0.9811,0.20,0.20
2008.02.21 12:01:20.384,0.98085,0.9811,2.90,0.20
2008.02.21 12:01:20.671,0.9809,0.9811,0.20,0.20
2008.02.21 12:01:20.950,0.9809,0.9811,0.20,0.20
2008.02.21 12:01:21.208,0.9809,0.9811,0.20,0.20
2008.02.21 12:01:21.467,0.9809,0.9811,0.20,0.20
2008.02.21 12:01:21.725,0.9809,0.9811,0.20,0.20
2008.02.21 12:01:21.984,0.9809,0.9811,0.20,0.20
2008.02.21 12:01:22.219,0.9809,0.9811,0.40,0.20
2008.02.21 12:01:22.467,0.9809,0.9811,0.40,0.20
2008.02.21 12:01:23.189,0.9809,0.9811,0.40,0.20
2008.02.21 12:01:23.403,0.9809,0.9811,0.40,0.20
2008.02.21 12:01:24.383,0.9809,0.9811,0.40,0.20
2008.02.21 12:01:24.543,0.9809,0.98125,0.40,0.20
2008.02.21 12:01:24.704,0.981,0.98135,0.20,7.90
2008.02.21 12:01:24.861,0.981,0.98135,0.20,7.90
2008.02.21 12:01:25.080,0.981,0.98135,0.20,0.20
2008.02.21 12:01:25.300,0.981,0.98135,0.40,0.20
2008.02.21 12:01:25.519,0.981,0.98135,0.40,2.50
2008.02.21 12:01:25.738,0.98105,0.98135,0.20,2.50
2008.02.21 12:01:25.957,0.9811,0.98135,0.20,2.50
2008.02.21 12:01:26.270,0.9811,0.9813,0.20,0.20
2008.02.21 12:01:26.584,0.9811,0.9813,0.20,0.20
2008.02.21 12:01:26.900,0.9811,0.9813,0.20,0.20
2008.02.21 12:01:27.119,0.9811,0.9813,0.20,0.20
2008.02.21 12:01:27.336,0.9811,0.9813,0.20,0.20
2008.02.21 12:01:27.556,0.98115,0.9814,0.20,0.20
2008.02.21 12:01:27.775,0.98115,0.9814,0.20,0.20
2008.02.21 12:01:27.993,0.9812,0.9814,0.20,0.20
2008.02.21 12:01:28.266,0.98115,0.9814,0.20,0.20
2008.02.21 12:01:28.541,0.98115,0.9813,0.20,0.20
2008.02.21 12:01:28.814,0.9811,0.9813,0.40,0.20
2008.02.21 12:01:29.053,0.9811,0.9813,0.40,0.20
2008.02.21 12:01:29.292,0.9811,0.9813,0.40,0.20
2008.02.21 12:01:29.530,0.98115,0.9814,0.20,0.20
2008.02.21 12:01:29.768,0.9811,0.98135,0.20,2.50
2008.02.21 12:01:30.007,0.9811,0.98135,0.20,2.50
2008.02.21 12:01:30.261,0.9811,0.9813,0.20,0.20
2008.02.21 12:01:30.515,0.98115,0.9814,0.20,0.20
2008.02.21 12:01:30.772,0.98115,0.9814,0.20,0.20
2008.02.21 12:01:31.024,0.98115,0.9814,1.00,0.20
2008.02.21 12:01:31.238,0.9812,0.9814,0.20,0.20
2008.02.21 12:01:31.451,0.9812,0.9814,0.40,0.20
2008.02.21 12:01:31.664,0.9812,0.9814,0.20,0.20
2008.02.21 12:01:31.878,0.9812,0.98135,0.20,0.20
2008.02.21 12:01:32.092,0.98115,0.9813,1.80,0.20
2008.02.21 12:01:32.315,0.9811,0.9813,0.80,0.20
2008.02.21 12:01:32.540,0.9811,0.9813,0.20,0.20
2008.02.21 12:01:32.763,0.9811,0.9813,0.20,0.20
2008.02.21 12:01:32.987,0.9811,0.9813,0.20,0.20
2008.02.21 12:01:33.212,0.98115,0.9813,0.80,0.20
2008.02.21 12:01:33.450,0.98115,0.9814,0.50,0.20
2008.02.21 12:01:33.688,0.9811,0.98135,0.20,2.50
2008.02.21 12:01:33.926,0.9811,0.9813,0.20,0.20
2008.02.21 12:01:34.166,0.9811,0.9812,0.20,0.20
2008.02.21 12:01:34.448,0.9811,0.9812,0.20,0.20
2008.02.21 12:01:34.732,0.98095,0.9812,0.50,0.20
2008.02.21 12:01:35.018,0.98095,0.9812,0.90,0.20
2008.02.21 12:01:35.300,0.98095,0.9812,1.20,0.20
2008.02.21 12:01:35.528,0.9809,0.9812,0.40,0.20
2008.02.21 12:01:35.758,0.98095,0.9812,1.10,0.20
2008.02.21 12:01:35.987,0.98095,0.9812,0.20,0.20
2008.02.21 12:01:36.225,0.9809,0.9812,0.40,0.20
2008.02.21 12:01:36.488,0.9809,0.9812,0.40,0.20
2008.02.21 12:01:36.761,0.9809,0.9812,0.40,0.20
2008.02.21 12:01:37.394,0.9809,0.9812,0.40,0.20
2008.02.21 12:01:37.630,0.9809,0.9812,0.40,0.20
2008.02.21 12:01:37.784,0.9809,0.9812,0.40,0.20
2008.02.21 12:01:37.938,0.9809,0.9812,0.40,0.20
2008.02.21 12:01:38.685,0.9809,0.9812,0.40,0.20
2008.02.21 12:01:38.820,0.98095,0.9812,1.30,0.20
2008.02.21 12:01:38.958,0.98095,0.9812,1.30,0.20
2008.02.21 12:01:39.148,0.98095,0.9812,1.40,0.20
2008.02.21 12:01:39.416,0.98095,0.9812,2.60,0.20
2008.02.21 12:01:39.634,0.98095,0.9812,0.70,0.20
2008.02.21 12:01:39.853,0.981,0.9812,0.40,0.20
2008.02.21 12:01:40.072,0.981,0.9812,0.40,0.20
2008.02.21 12:01:40.291,0.981,0.9812,0.40,0.20
2008.02.21 12:01:42.381,0.981,0.9812,0.20,0.20
2008.02.21 12:01:42.470,0.981,0.9811,0.20,0.20
2008.02.21 12:01:42.560,0.981,0.9811,0.20,0.20
2008.02.21 12:01:42.647,0.981,0.9811,0.20,0.20
2008.02.21 12:01:42.735,0.981,0.9811,0.20,0.20
2008.02.21 12:01:43.217,0.981,0.9811,0.20,0.20
2008.02.21 12:01:43.410,0.981,0.9811,0.20,0.20
2008.02.21 12:01:43.603,0.981,0.9811,0.20,0.20
2008.02.21 12:01:43.798,0.9809,0.9811,0.20,0.20
2008.02.21 12:01:44.003,0.9809,0.9811,0.20,0.20
2008.02.21 12:01:44.207,0.981,0.9811,0.20,0.20
2008.02.21 12:01:44.411,0.981,0.9812,0.40,0.20
2008.02.21 12:01:44.614,0.981,0.9812,0.40,0.20
2008.02.21 12:01:44.820,0.9811,0.9813,0.20,8.00
2008.02.21 12:01:45.154,0.98095,0.9812,10.50,0.20
2008.02.21 12:01:45.488,0.981,0.9812,0.20,0.20
2008.02.21 12:01:45.821,0.981,0.9812,0.40,0.20
2008.02.21 12:01:46.154,0.981,0.9812,0.40,0.20
2008.02.21 12:01:46.377,0.981,0.9812,0.40,0.20
2008.02.21 12:01:47.260,0.981,0.9812,0.40,0.20
2008.02.21 12:01:47.483,0.981,0.9812,0.40,0.20
2008.02.21 12:01:47.669,0.981,0.9812,0.40,0.20
2008.02.21 12:01:47.844,0.981,0.9813,0.40,0.40
2008.02.21 12:01:48.018,0.98105,0.9813,0.20,0.20
2008.02.21 12:01:48.307,0.981,0.9813,0.40,0.40
2008.02.21 12:01:48.594,0.981,0.9813,0.40,0.40
2008.02.21 12:01:48.884,0.981,0.9812,0.40,0.20
2008.02.21 12:01:49.171,0.981,0.9812,0.40,0.20
2008.02.21 12:01:49.444,0.981,0.9812,0.40,0.20
2008.02.21 12:01:49.719,0.981,0.9813,0.40,0.40
2008.02.21 12:01:49.994,0.981,0.9813,0.40,0.40
2008.02.21 12:01:50.267,0.981,0.9813,0.40,0.40
2008.02.21 12:01:50.541,0.981,0.9813,0.40,0.40
2008.02.21 12:01:50.922,0.981,0.9813,0.40,0.40
2008.02.21 12:01:51.197,0.981,0.98115,0.20,2.40
2008.02.21 12:01:51.408,0.981,0.98115,0.20,2.40
2008.02.21 12:01:51.617,0.9809,0.9811,0.20,0.20
2008.02.21 12:01:51.827,0.9809,0.981,0.20,0.20
2008.02.21 12:01:52.036,0.9809,0.981,0.20,0.20
2008.02.21 12:01:52.335,0.9808,0.981,0.40,0.20
2008.02.21 12:01:52.634,0.9808,0.9811,0.40,0.20
2008.02.21 12:01:52.932,0.9808,0.9811,0.40,0.20
2008.02.21 12:01:53.196,0.9808,0.9811,0.40,0.20
2008.02.21 12:01:53.232,0.98085,0.9811,0.20,0.20
2008.02.21 12:01:53.460,0.98085,0.9811,0.20,0.20
2008.02.21 12:01:54.655,0.98085,0.9811,0.20,0.20
2008.02.21 12:01:55.152,0.98085,0.9811,0.20,0.20
2008.02.21 12:01:55.417,0.98085,0.9811,0.20,0.20
2008.02.21 12:01:55.679,0.98085,0.9811,0.20,0.20
2008.02.21 12:01:55.943,0.9808,0.98105,0.20,2.40
2008.02.21 12:01:56.207,0.98075,0.981,0.60,0.20
2008.02.21 12:01:57.231,0.98075,0.981,0.90,0.20
2008.02.21 12:01:57.437,0.98075,0.981,1.70,0.20
2008.02.21 12:01:57.641,0.98075,0.981,0.90,0.20
2008.02.21 12:01:57.846,0.9808,0.981,0.20,0.20
2008.02.21 12:01:58.049,0.9808,0.981,0.20,0.20
2008.02.21 12:01:58.254,0.9808,0.981,0.20,0.20
2008.02.21 12:01:58.447,0.9808,0.9811,0.40,0.20
2008.02.21 12:01:58.641,0.9808,0.9811,0.40,0.20
2008.02.21 12:01:58.839,0.9808,0.9811,0.40,7.90
2008.02.21 12:01:59.033,0.98085,0.9811,0.20,0.20
2008.02.21 12:01:59.228,0.9809,0.9812,0.20,7.70
2008.02.21 12:01:59.561,0.9809,0.98125,0.20,12.70
2008.02.21 12:01:59.897,0.98085,0.9812,1.50,0.20
2008.02.21 12:02:00.230,0.9809,0.9811,0.20,0.20
2008.02.21 12:02:00.438,0.9809,0.9811,0.20,0.20
2008.02.21 12:02:00.659,0.9809,0.9811,0.20,0.20
2008.02.21 12:02:00.838,0.9809,0.9811,0.20,0.20
2008.02.21 12:02:01.017,0.98085,0.981,3.90,0.40
2008.02.21 12:02:01.195,0.98075,0.981,3.00,0.40
2008.02.21 12:02:01.404,0.98075,0.981,4.60,0.40
2008.02.21 12:02:01.718,0.9807,0.981,0.20,0.40
2008.02.21 12:02:02.226,0.9807,0.981,0.20,0.40
2008.02.21 12:02:02.434,0.9807,0.981,0.20,0.40
2008.02.21 12:02:03.158,0.9807,0.981,0.20,0.40
2008.02.21 12:02:03.577,0.9807,0.981,0.20,0.40
2008.02.21 12:02:03.771,0.9807,0.981,0.20,0.40
2008.02.21 12:02:03.971,0.9807,0.981,0.20,0.40
2008.02.21 12:02:04.164,0.9807,0.981,0.20,0.40
2008.02.21 12:02:04.667,0.9807,0.981,0.20,0.40
2008.02.21 12:02:04.997,0.98075,0.981,0.20,0.20
2008.02.21 12:02:05.327,0.98065,0.9809,1.90,0.40
2008.02.21 12:02:05.540,0.9806,0.9809,2.30,0.40
2008.02.21 12:02:05.764,0.9806,0.9809,0.20,0.40
2008.02.21 12:02:05.976,0.9806,0.9809,0.40,0.40
2008.02.21 12:02:06.189,0.9806,0.9809,0.40,0.40
2008.02.21 12:02:06.404,0.9806,0.9809,0.20,0.40
2008.02.21 12:02:06.717,0.9806,0.9808,0.20,0.20
2008.02.21 12:02:07.031,0.9806,0.9808,0.20,0.20
2008.02.21 12:02:07.448,0.9806,0.9808,0.20,0.20
2008.02.21 12:02:07.615,0.9806,0.9808,0.40,0.20
2008.02.21 12:02:07.784,0.9806,0.9808,0.40,0.20
2008.02.21 12:02:08.485,0.9806,0.9808,0.40,0.20
2008.02.21 12:02:09.441,0.9806,0.9808,0.20,0.20
2008.02.21 12:02:09.605,0.9806,0.9808,0.20,0.20
2008.02.21 12:02:09.780,0.98055,0.9808,2.10,0.20
2008.02.21 12:02:09.945,0.98055,0.9808,1.90,0.20
2008.02.21 12:02:10.445,0.98055,0.9808,2.00,0.20
2008.02.21 12:02:10.748,0.9805,0.9808,0.40,0.20
2008.02.21 12:02:11.052,0.98055,0.9808,0.60,0.20
2008.02.21 12:02:11.355,0.98055,0.9808,1.00,0.20
2008.02.21 12:02:11.701,0.98055,0.9808,1.10,0.20
2008.02.21 12:02:11.959,0.9805,0.9808,0.40,0.20
2008.02.21 12:02:12.217,0.9805,0.9808,0.40,0.20
2008.02.21 12:02:12.476,0.9805,0.9808,0.40,0.20
2008.02.21 12:02:12.744,0.9805,0.9808,0.40,0.20
2008.02.21 12:02:13.013,0.9805,0.9808,0.40,0.20
2008.02.21 12:02:13.394,0.9805,0.98075,0.20,0.20
2008.02.21 12:02:13.603,0.9805,0.98075,0.20,0.20
2008.02.21 12:02:13.813,0.98065,0.9807,0.20,0.20
2008.02.21 12:02:14.022,0.9807,0.98085,0.20,2.40
2008.02.21 12:02:14.230,0.9807,0.981,0.20,0.40
2008.02.21 12:02:14.437,0.9807,0.981,0.20,0.40
2008.02.21 12:02:14.656,0.9807,0.981,0.20,0.40
2008.02.21 12:02:14.921,0.9807,0.981,0.20,0.40
2008.02.21 12:02:15.236,0.9807,0.981,0.20,0.40
2008.02.21 12:02:16.155,0.98065,0.9809,1.30,0.20
2008.02.21 12:02:16.368,0.98065,0.9809,0.20,0.20
2008.02.21 12:02:16.582,0.98055,0.9809,1.80,0.40
2008.02.21 12:02:16.751,0.98055,0.9809,3.40,0.40
2008.02.21 12:02:16.921,0.9806,0.9808,0.20,0.20
2008.02.21 12:02:17.170,0.9806,0.9808,0.20,0.20
2008.02.21 12:02:17.338,0.9806,0.9808,0.20,0.20
2008.02.21 12:02:17.683,0.9806,0.9808,0.20,0.20
2008.02.21 12:02:17.942,0.9806,0.9808,0.20,0.20
2008.02.21 12:02:18.196,0.98055,0.9808,3.00,0.40
2008.02.21 12:02:18.449,0.98055,0.9808,2.20,0.40
2008.02.21 12:02:18.702,0.9805,0.9808,1.20,0.40
2008.02.21 12:02:18.890,0.9805,0.9808,0.20,0.40
2008.02.21 12:02:19.174,0.9805,0.9808,0.20,0.40
2008.02.21 12:02:19.482,0.9805,0.9808,0.20,0.40
2008.02.21 12:02:19.655,0.9805,0.9807,0.20,0.20
2008.02.21 12:02:19.989,0.9805,0.9807,0.20,0.20
2008.02.21 12:02:20.324,0.98055,0.9807,0.90,0.40
2008.02.21 12:02:20.659,0.9807,0.9809,0.20,0.20
2008.02.21 12:02:20.853,0.9806,0.98085,0.20,7.90
2008.02.21 12:02:21.047,0.9806,0.98085,0.20,2.50
2008.02.21 12:02:21.242,0.9806,0.98085,0.20,2.40
2008.02.21 12:02:21.435,0.9806,0.98085,0.20,2.40
2008.02.21 12:02:21.629,0.9806,0.9808,0.20,0.20
2008.02.21 12:02:21.893,0.9806,0.9808,0.20,0.20
2008.02.21 12:02:22.167,0.9806,0.9808,0.20,0.20
2008.02.21 12:02:22.431,0.9806,0.9808,0.20,0.20
2008.02.21 12:02:23.536,0.9806,0.9808,0.20,0.20
2008.02.21 12:02:23.678,0.98065,0.9808,2.40,0.20
2008.02.21 12:02:23.798,0.98065,0.9808,2.40,0.20
2008.02.21 12:02:23.975,0.98065,0.9808,2.40,0.20
2008.02.21 12:02:24.109,0.9807,0.981,0.20,0.40
2008.02.21 12:02:24.244,0.9807,0.981,0.40,0.40
2008.02.21 12:02:24.377,0.9807,0.981,0.40,0.40
2008.02.21 12:02:24.510,0.9807,0.981,0.40,0.40
2008.02.21 12:02:24.693,0.9807,0.981,0.40,0.40
2008.02.21 12:02:25.035,0.9807,0.981,0.40,0.20
2008.02.21 12:02:25.360,0.9807,0.981,0.20,0.40
2008.02.21 12:02:25.695,0.98075,0.9809,2.40,0.20
2008.02.21 12:02:25.913,0.9808,0.9809,0.20,0.20
2008.02.21 12:02:26.132,0.9808,0.981,0.20,0.20
2008.02.21 12:02:26.349,0.9808,0.981,0.20,0.20
2008.02.21 12:02:26.569,0.9808,0.981,0.20,0.20
2008.02.21 12:02:26.796,0.9808,0.981,0.20,0.20
2008.02.21 12:02:27.095,0.9807,0.9809,0.40,0.20
2008.02.21 12:02:27.394,0.9806,0.9809,0.40,0.40
2008.02.21 12:02:27.693,0.9806,0.9809,0.40,0.40
2008.02.21 12:02:28.095,0.9806,0.9809,0.40,0.20
2008.02.21 12:02:28.287,0.9806,0.9809,0.40,0.20
2008.02.21 12:02:28.462,0.98065,0.9809,0.20,0.20
2008.02.21 12:02:28.654,0.9807,0.9809,0.20,0.20
2008.02.21 12:02:28.847,0.9807,0.9809,0.20,0.20
2008.02.21 12:02:29.041,0.9807,0.9809,0.20,0.20
2008.02.21 12:02:29.234,0.9807,0.9809,0.20,0.20
2008.02.21 12:02:29.427,0.98075,0.9809,0.20,0.20
2008.02.21 12:02:29.621,0.98075,0.981,0.20,0.20
2008.02.21 12:02:29.815,0.9807,0.981,0.20,0.40
2008.02.21 12:02:30.104,0.9807,0.981,0.40,0.20
2008.02.21 12:02:30.394,0.9807,0.981,0.40,0.20
2008.02.21 12:02:30.683,0.9807,0.981,0.40,0.40
2008.02.21 12:02:30.886,0.9807,0.981,0.40,0.40
2008.02.21 12:02:31.090,0.9807,0.981,0.40,0.40
2008.02.21 12:02:31.293,0.9807,0.981,0.40,0.40
2008.02.21 12:02:31.497,0.9807,0.9809,0.20,0.20
2008.02.21 12:02:31.701,0.9807,0.9809,0.20,0.20
2008.02.21 12:02:31.985,0.9807,0.9809,0.20,0.20
2008.02.21 12:02:32.269,0.9807,0.9809,0.20,0.20
2008.02.21 12:02:32.583,0.9807,0.9809,0.40,0.20
2008.02.21 12:02:32.867,0.9807,0.9809,0.40,0.20
2008.02.21 12:02:33.095,0.9807,0.9809,0.40,0.20
2008.02.21 12:02:33.323,0.9807,0.9809,0.40,0.20
2008.02.21 12:02:34.325,0.9807,0.9809,0.20,0.20
2008.02.21 12:02:34.514,0.9807,0.9809,0.20,0.20
2008.02.21 12:02:34.704,0.9806,0.9809,0.40,0.20
2008.02.21 12:02:34.891,0.9806,0.9809,0.40,0.20
2008.02.21 12:02:35.118,0.9806,0.9809,0.40,0.20
2008.02.21 12:02:35.346,0.98065,0.9809,0.20,0.20
2008.02.21 12:02:35.575,0.98065,0.9809,0.20,0.20
2008.02.21 12:02:35.911,0.98065,0.9809,0.20,0.20
2008.02.21 12:02:36.144,0.98065,0.9809,0.20,0.20
2008.02.21 12:02:37.664,0.98065,0.9809,0.20,0.20
2008.02.21 12:02:38.549,0.98065,0.9809,0.20,0.20
2008.02.21 12:02:39.064,0.98065,0.98095,0.20,0.20
2008.02.21 12:02:39.390,0.98065,0.98095,2.50,0.20
2008.02.21 12:02:39.553,0.98065,0.98095,4.90,0.20
2008.02.21 12:02:39.718,0.9807,0.981,0.20,0.40
2008.02.21 12:02:39.964,0.9807,0.981,0.20,0.40
2008.02.21 12:02:40.136,0.9807,0.981,0.20,0.40
2008.02.21 12:02:40.435,0.9807,0.981,0.20,0.40
2008.02.21 12:02:40.733,0.9807,0.981,0.20,0.40
2008.02.21 12:02:41.043,0.9807,0.981,0.20,0.40
2008.02.21 12:02:41.343,0.98075,0.981,4.90,0.20
2008.02.21 12:02:41.539,0.98075,0.981,4.90,0.20
2008.02.21 12:02:42.438,0.98075,0.981,4.90,0.20
2008.02.21 12:02:43.790,0.98075,0.981,4.90,0.20
2008.02.21 12:02:43.939,0.9808,0.981,0.20,0.20
2008.02.21 12:02:44.088,0.9808,0.981,0.20,0.20
2008.02.21 12:02:44.235,0.9808,0.981,0.20,0.20
2008.02.21 12:02:44.570,0.9809,0.9811,0.20,0.40
2008.02.21 12:02:44.909,0.9809,0.9811,0.40,0.20
2008.02.21 12:02:45.243,0.9809,0.9811,0.40,0.20
2008.02.21 12:02:45.477,0.9809,0.9811,0.40,0.20
2008.02.21 12:02:45.713,0.9809,0.9811,0.40,0.20
2008.02.21 12:02:45.948,0.9809,0.9811,0.40,0.20
2008.02.21 12:02:46.181,0.9809,0.9811,0.40,0.20
2008.02.21 12:02:46.414,0.9809,0.9811,0.40,0.20
2008.02.21 12:02:46.678,0.9809,0.9811,0.40,0.20
2008.02.21 12:02:46.966,0.9809,0.9811,0.40,0.20
2008.02.21 12:02:47.230,0.981,0.9811,0.20,0.20
2008.02.21 12:02:47.494,0.981,0.9813,0.40,0.20
2008.02.21 12:02:47.734,0.981,0.9813,0.20,0.40
2008.02.21 12:02:47.977,0.981,0.9813,0.20,0.40
2008.02.21 12:02:48.217,0.981,0.9813,0.20,0.40
2008.02.21 12:02:48.455,0.981,0.9813,0.40,0.20
2008.02.21 12:02:48.764,0.981,0.9813,0.40,0.20
2008.02.21 12:02:49.073,0.981,0.9813,0.20,0.40
2008.02.21 12:02:49.382,0.981,0.9812,0.20,0.20
2008.02.21 12:02:49.620,0.981,0.9812,0.20,0.20
2008.02.21 12:02:49.859,0.981,0.9812,0.20,0.20
2008.02.21 12:02:50.098,0.981,0.9812,0.20,0.20
2008.02.21 12:02:50.335,0.981,0.9812,0.20,0.20
2008.02.21 12:02:50.603,0.981,0.9812,0.20,0.20
2008.02.21 12:02:50.872,0.981,0.9812,0.20,0.20
2008.02.21 12:02:51.140,0.981,0.9812,0.20,0.20
2008.02.21 12:02:51.410,0.9811,0.98135,0.20,0.60
2008.02.21 12:02:51.668,0.9811,0.98135,0.20,0.60
2008.02.21 12:02:51.927,0.9811,0.9813,0.20,0.20
2008.02.21 12:02:52.186,0.98105,0.9812,0.20,0.20
2008.02.21 12:02:52.457,0.9811,0.98135,0.40,0.60
2008.02.21 12:02:52.747,0.9812,0.9814,0.20,0.20
2008.02.21 12:02:53.036,0.9811,0.98135,0.40,0.50
2008.02.21 12:02:53.325,0.9811,0.98135,0.40,0.60
2008.02.21 12:02:53.615,0.9812,0.98145,0.20,0.60
2008.02.21 12:02:53.864,0.9811,0.9813,0.20,0.20
2008.02.21 12:02:54.113,0.9811,0.98135,0.20,0.60
2008.02.21 12:02:54.362,0.98115,0.9813,0.20,0.20
2008.02.21 12:02:54.616,0.9812,0.98145,0.20,0.50
2008.02.21 12:02:54.870,0.9812,0.9814,0.20,0.60
2008.02.21 12:02:55.124,0.9812,0.98145,0.20,0.50
2008.02.21 12:02:55.377,0.9812,0.98145,0.20,0.60
2008.02.21 12:02:55.588,0.9812,0.98145,0.20,0.60
2008.02.21 12:02:55.616,0.9812,0.98145,0.20,0.60
2008.02.21 12:02:55.856,0.9812,0.98145,0.20,0.50
2008.02.21 12:02:56.093,0.9812,0.98145,0.20,0.50
2008.02.21 12:02:56.331,0.9812,0.98145,0.20,0.50
2008.02.21 12:02:56.651,0.9812,0.98145,0.20,0.60
2008.02.21 12:02:56.976,0.9812,0.98145,0.20,0.50
2008.02.21 12:02:57.297,0.9812,0.98145,0.20,0.50
2008.02.21 12:02:57.623,0.9812,0.9814,0.20,0.20
2008.02.21 12:02:57.840,0.9812,0.9814,0.20,0.20
2008.02.21 12:02:58.058,0.9812,0.9814,0.20,0.20
2008.02.21 12:02:58.278,0.9812,0.9814,0.40,0.20
2008.02.21 12:02:58.496,0.9812,0.98145,0.40,0.60
2008.02.21 12:02:58.776,0.9812,0.98145,0.20,0.60
2008.02.21 12:02:59.064,0.9812,0.98145,0.20,0.50
2008.02.21 12:02:59.344,0.9812,0.98145,0.40,0.60
2008.02.21 12:02:59.622,0.9812,0.98145,0.40,0.60
2008.02.21 12:02:59.820,0.9812,0.98145,0.20,0.60
2008.02.21 12:03:00.019,0.9812,0.98145,0.20,0.50
2008.02.21 12:03:00.216,0.9812,0.98145,0.20,0.60
2008.02.21 12:03:00.415,0.9812,0.98145,0.20,0.50
2008.02.21 12:03:00.685,0.9812,0.9813,0.20,0.20
2008.02.21 12:03:00.953,0.9812,0.9813,0.20,0.20
2008.02.21 12:03:01.231,0.9812,0.9814,0.40,0.20
2008.02.21 12:03:01.499,0.9812,0.9814,0.40,0.20
2008.02.21 12:03:01.768,0.9812,0.9814,0.40,0.20
2008.02.21 12:03:01.982,0.9812,0.9814,0.40,0.20
2008.02.21 12:03:02.269,0.9812,0.9814,0.40,0.20
2008.02.21 12:03:02.482,0.9811,0.9814,0.40,0.20
2008.02.21 12:03:02.695,0.9811,0.9814,0.20,0.40
2008.02.21 12:03:02.945,0.9811,0.98135,0.20,0.50
2008.02.21 12:03:03.183,0.9811,0.98135,0.20,0.60
2008.02.21 12:03:03.421,0.9811,0.9813,0.20,0.20
2008.02.21 12:03:03.687,0.9811,0.9813,0.20,0.20
2008.02.21 12:03:03.987,0.9811,0.98125,0.20,0.60
2008.02.21 12:03:04.296,0.981,0.9812,0.40,0.20
2008.02.21 12:03:04.595,0.981,0.9812,0.20,0.20
2008.02.21 12:03:04.854,0.98105,0.9813,0.20,0.50
2008.02.21 12:03:05.112,0.98105,0.98135,0.20,0.60
2008.02.21 12:03:05.372,0.98105,0.9814,0.20,0.40
2008.02.21 12:03:05.630,0.9811,0.9814,0.20,0.40
2008.02.21 12:03:05.901,0.9811,0.9814,0.20,0.40
2008.02.21 12:03:06.167,0.9811,0.9814,0.20,0.40
2008.02.21 12:03:06.436,0.9811,0.9814,0.20,0.40
2008.02.21 12:03:06.704,0.9811,0.98135,0.20,4.00
2008.02.21 12:03:06.963,0.9811,0.98125,0.20,4.00
2008.02.21 12:03:07.231,0.9811,0.98135,0.20,8.90
2008.02.21 12:03:07.480,0.9811,0.98125,0.20,2.40
2008.02.21 12:03:07.741,0.9811,0.98125,0.20,2.40
2008.02.21 12:03:08.019,0.9811,0.9812,0.20,0.20
2008.02.21 12:03:08.696,0.9811,0.9812,0.20,0.20
2008.02.21 12:03:08.960,0.9811,0.9812,0.40,0.20
2008.02.21 12:03:09.226,0.9811,0.9813,0.40,0.20
2008.02.21 12:03:09.490,0.9811,0.9813,0.40,0.20
2008.02.21 12:03:09.754,0.9811,0.9813,0.40,0.20
2008.02.21 12:03:10.478,0.9811,0.9813,0.40,0.20
2008.02.21 12:03:10.769,0.9811,0.9813,0.40,0.20
2008.02.21 12:03:11.030,0.98115,0.9813,0.20,0.20
2008.02.21 12:03:11.290,0.9811,0.9813,0.40,0.20
2008.02.21 12:03:11.550,0.9812,0.9814,0.20,0.20
2008.02.21 12:03:11.809,0.9811,0.9814,0.40,0.20
2008.02.21 12:03:12.082,0.9811,0.9814,0.40,0.20
2008.02.21 12:03:12.357,0.9811,0.9814,0.40,0.20
2008.02.21 12:03:12.628,0.9811,0.9814,0.40,0.20
2008.02.21 12:03:12.902,0.9811,0.9814,0.40,0.20
2008.02.21 12:03:13.130,0.9811,0.98135,0.20,0.20
2008.02.21 12:03:13.360,0.9811,0.98135,0.20,0.20
2008.02.21 12:03:13.588,0.981,0.9813,0.40,0.20
2008.02.21 12:03:13.817,0.981,0.9813,0.40,0.20
2008.02.21 12:03:14.050,0.981,0.9813,0.40,0.20
2008.02.21 12:03:14.284,0.981,0.9813,0.40,0.20
2008.02.21 12:03:14.635,0.981,0.9813,0.90,0.20
2008.02.21 12:03:14.868,0.981,0.9813,2.60,0.40
2008.02.21 12:03:15.183,0.981,0.9813,0.40,0.40
2008.02.21 12:03:15.496,0.981,0.9813,0.40,0.20
2008.02.21 12:03:15.810,0.981,0.9813,0.40,0.20
2008.02.21 12:03:16.034,0.981,0.9813,0.20,0.40
2008.02.21 12:03:16.257,0.981,0.9813,0.20,0.40
2008.02.21 12:03:16.616,0.981,0.9813,0.40,0.20
2008.02.21 12:03:16.851,0.981,0.9813,0.40,0.20
2008.02.21 12:03:17.090,0.981,0.9813,0.40,0.20
2008.02.21 12:03:17.341,0.981,0.9812,0.20,0.20
2008.02.21 12:03:17.618,0.981,0.9812,0.20,0.20
2008.02.21 12:03:17.881,0.981,0.9812,0.20,0.20
2008.02.21 12:03:18.809,0.981,0.9812,0.40,0.20
2008.02.21 12:03:19.078,0.981,0.9812,0.40,0.20
2008.02.21 12:03:19.262,0.981,0.9812,0.40,0.20
2008.02.21 12:03:19.445,0.981,0.9812,0.40,0.20
2008.02.21 12:03:19.707,0.981,0.9812,0.40,0.20
2008.02.21 12:03:19.890,0.981,0.9812,0.40,0.20
2008.02.21 12:03:20.075,0.981,0.9812,0.40,0.20
2008.02.21 12:03:20.314,0.981,0.9812,0.20,0.20
2008.02.21 12:03:20.554,0.981,0.9812,0.20,0.20
2008.02.21 12:03:20.798,0.981,0.9812,0.20,0.20
2008.02.21 12:03:21.158,0.981,0.9812,0.20,0.20
2008.02.21 12:03:21.391,0.981,0.9812,0.20,0.20
2008.02.21 12:03:21.624,0.981,0.9812,0.20,0.20
2008.02.21 12:03:21.857,0.9811,0.9813,0.20,0.40
2008.02.21 12:03:22.091,0.9811,0.9813,0.40,0.20
2008.02.21 12:03:22.345,0.9811,0.9813,0.40,0.20
2008.02.21 12:03:22.596,0.9811,0.9813,0.40,0.20
2008.02.21 12:03:22.843,0.9811,0.9813,0.40,0.20
2008.02.21 12:03:23.092,0.9811,0.9813,0.40,0.20
2008.02.21 12:03:24.001,0.9811,0.9813,0.40,0.20
2008.02.21 12:03:24.662,0.9811,0.9813,0.40,0.20
2008.02.21 12:03:24.876,0.9811,0.9813,0.40,0.20
2008.02.21 12:03:25.090,0.9811,0.9813,0.40,0.20
2008.02.21 12:03:25.345,0.9811,0.9813,0.40,0.20
2008.02.21 12:03:25.600,0.98115,0.9813,2.50,0.20
2008.02.21 12:03:25.853,0.98115,0.9813,2.40,0.20
2008.02.21 12:03:26.108,0.9812,0.9815,0.20,8.00
2008.02.21 12:03:26.401,0.9812,0.9814,0.20,0.20
2008.02.21 12:03:26.697,0.9812,0.9815,0.20,0.40
2008.02.21 12:03:26.991,0.9812,0.9815,0.20,0.40
2008.02.21 12:03:27.286,0.9812,0.9815,0.20,0.40
2008.02.21 12:03:27.539,0.9812,0.9815,0.20,0.40
2008.02.21 12:03:27.793,0.9812,0.9815,0.40,0.20
2008.02.21 12:03:28.047,0.9813,0.9815,0.20,0.20
2008.02.21 12:03:28.301,0.9813,0.9815,0.20,0.20
2008.02.21 12:03:28.602,0.9813,0.9815,0.20,0.20
2008.02.21 12:03:28.890,0.9812,0.9814,0.20,0.20
2008.02.21 12:03:29.178,0.9812,0.9814,0.20,0.20
2008.02.21 12:03:29.443,0.9812,0.9814,0.40,0.20
2008.02.21 12:03:29.707,0.9812,0.9814,0.20,0.20
2008.02.21 12:03:29.980,0.9812,0.9814,0.20,0.20
2008.02.21 12:03:30.244,0.9812,0.9814,0.20,0.20
2008.02.21 12:03:30.507,0.9812,0.9814,0.20,0.20
2008.02.21 12:03:30.770,0.9812,0.9814,0.20,0.20
2008.02.21 12:03:31.033,0.9812,0.9814,0.20,0.20
2008.02.21 12:03:31.296,0.9812,0.9814,0.20,0.20
2008.02.21 12:03:31.519,0.9812,0.9814,0.20,0.20
2008.02.21 12:03:32.108,0.9812,0.9814,0.20,0.20
2008.02.21 12:03:33.427,0.9812,0.9814,0.20,0.20
2008.02.21 12:03:33.554,0.9812,0.9814,0.20,0.20
2008.02.21 12:03:33.683,0.9812,0.9814,0.20,0.20
2008.02.21 12:03:33.813,0.9812,0.9814,0.20,0.20
2008.02.21 12:03:33.941,0.9812,0.9814,0.20,0.20
2008.02.21 12:03:34.068,0.9812,0.9814,0.20,0.20
2008.02.21 12:03:34.197,0.9812,0.9814,0.20,0.40
2008.02.21 12:03:34.327,0.9812,0.9814,0.20,0.40
2008.02.21 12:03:34.454,0.9812,0.9814,0.20,0.40
2008.02.21 12:03:34.971,0.9812,0.9814,0.20,0.40
2008.02.21 12:03:35.304,0.9812,0.9814,0.20,0.40
2008.02.21 12:03:35.638,0.9812,0.98135,0.20,0.20
2008.02.21 12:03:35.851,0.9812,0.98135,0.20,0.20
2008.02.21 12:03:36.067,0.98105,0.9813,0.20,0.20
2008.02.21 12:03:36.280,0.981,0.9813,0.40,0.40
2008.02.21 12:03:36.505,0.9811,0.9813,0.20,0.20
2008.02.21 12:03:36.713,0.9811,0.9813,0.20,0.20
2008.02.21 12:03:36.932,0.9811,0.9813,0.20,0.40
2008.02.21 12:03:37.149,0.9811,0.9813,0.20,0.40
2008.02.21 12:03:37.368,0.9811,0.9812,0.20,0.20
2008.02.21 12:03:37.587,0.9811,0.9812,0.20,0.20
2008.02.21 12:03:37.922,0.9811,0.9812,0.20,0.20
2008.02.21 12:03:38.256,0.9811,0.9812,0.20,0.20
2008.02.21 12:03:38.591,0.981,0.9812,0.20,0.20
2008.02.21 12:03:38.775,0.981,0.9812,0.40,0.20
2008.02.21 12:03:38.959,0.981,0.9812,0.40,0.20
2008.02.21 12:03:39.143,0.981,0.9812,0.20,0.20
2008.02.21 12:03:39.326,0.981,0.9812,0.20,0.20
2008.02.21 12:03:39.509,0.981,0.9812,0.20,0.20
2008.02.21 12:03:39.693,0.981,0.9812,0.20,0.20
2008.02.21 12:03:40.026,0.981,0.9812,0.20,0.20
2008.02.21 12:03:40.359,0.981,0.9812,0.20,0.20
2008.02.21 12:03:40.693,0.981,0.9812,0.20,0.20
2008.02.21 12:03:40.912,0.981,0.9812,0.20,0.20
2008.02.21 12:03:41.120,0.981,0.9812,0.20,0.20
2008.02.21 12:03:41.327,0.981,0.9812,0.40,0.20
2008.02.21 12:03:41.538,0.981,0.9812,0.20,0.20
2008.02.21 12:03:41.746,0.981,0.9812,0.20,0.20
2008.02.21 12:03:42.060,0.981,0.9812,0.20,0.20
2008.02.21 12:03:42.354,0.981,0.9813,0.20,0.20
2008.02.21 12:03:42.680,0.981,0.9813,0.20,0.20
2008.02.21 12:03:42.847,0.981,0.9813,0.20,0.20
2008.02.21 12:03:43.015,0.981,0.9813,0.20,0.20
2008.02.21 12:03:43.185,0.981,0.9813,0.20,0.20
2008.02.21 12:03:43.397,0.981,0.9813,0.20,0.20
2008.02.21 12:03:43.901,0.981,0.9813,0.20,0.20
2008.02.21 12:03:44.259,0.981,0.9813,0.20,0.20
2008.02.21 12:03:44.468,0.981,0.9813,0.20,0.20
2008.02.21 12:03:44.675,0.981,0.9813,0.20,0.20
2008.02.21 12:03:45.418,0.981,0.9813,0.20,0.20
2008.02.21 12:03:45.663,0.981,0.9813,0.20,0.20
2008.02.21 12:03:45.928,0.981,0.9813,0.20,0.20
2008.02.21 12:03:46.086,0.981,0.9813,0.20,0.20
2008.02.21 12:03:46.244,0.981,0.9813,0.20,0.20
2008.02.21 12:03:47.629,0.981,0.9813,0.20,0.20
2008.02.21 12:03:47.787,0.981,0.9813,0.20,0.20
2008.02.21 12:03:47.960,0.981,0.9813,0.20,0.20
2008.02.21 12:03:48.048,0.981,0.9813,0.20,0.20
2008.02.21 12:03:48.144,0.981,0.98135,0.40,4.90
2008.02.21 12:03:48.233,0.981,0.98135,0.40,4.90
2008.02.21 12:03:48.447,0.981,0.98135,0.40,4.90
2008.02.21 12:03:48.567,0.9811,0.98135,0.20,4.80
2008.02.21 12:03:48.667,0.9811,0.98135,0.20,2.40
2008.02.21 12:03:48.710,0.9811,0.98135,0.20,2.40
2008.02.21 12:03:48.754,0.9811,0.98145,0.40,0.20
2008.02.21 12:03:48.859,0.9811,0.9814,0.40,0.20
2008.02.21 12:03:48.947,0.9811,0.9814,0.40,0.20
2008.02.21 12:03:49.282,0.98105,0.9813,4.00,0.20
2008.02.21 12:03:49.616,0.98105,0.9813,3.50,0.20
2008.02.21 12:03:49.961,0.98105,0.9813,0.20,0.20
2008.02.21 12:03:50.176,0.981,0.9812,0.40,0.20
2008.02.21 12:03:50.400,0.9811,0.9812,0.20,0.20
2008.02.21 12:03:50.624,0.9811,0.9812,0.20,0.20
2008.02.21 12:03:50.854,0.9811,0.9812,0.20,0.20
2008.02.21 12:03:51.076,0.9811,0.9812,0.20,0.20
2008.02.21 12:03:51.395,0.9811,0.9812,0.20,0.20
2008.02.21 12:03:51.715,0.981,0.9812,0.20,0.20
2008.02.21 12:03:52.035,0.981,0.9811,0.20,0.20
2008.02.21 12:03:52.268,0.981,0.9811,0.20,0.20
2008.02.21 12:03:52.501,0.981,0.9811,0.20,0.20
2008.02.21 12:03:52.734,0.981,0.9811,0.20,0.20
2008.02.21 12:03:52.967,0.981,0.9811,0.20,0.20
2008.02.21 12:03:53.201,0.981,0.9811,0.20,0.20
2008.02.21 12:03:53.483,0.981,0.9811,0.20,0.20
2008.02.21 12:03:53.761,0.981,0.9811,0.20,0.20
2008.02.21 12:03:54.039,0.9809,0.9811,0.20,0.20
2008.02.21 12:03:54.318,0.9809,0.9811,0.40,0.20
2008.02.21 12:03:54.669,0.981,0.9811,0.20,0.20
2008.02.21 12:03:54.937,0.981,0.9811,0.20,0.20
2008.02.21 12:03:55.205,0.981,0.9812,0.40,0.20
2008.02.21 12:03:55.473,0.981,0.9812,0.20,0.20
2008.02.21 12:03:55.761,0.981,0.9812,0.20,0.20
2008.02.21 12:03:56.039,0.981,0.9812,0.20,0.20
2008.02.21 12:03:56.317,0.981,0.9812,0.20,0.20
2008.02.21 12:03:56.562,0.981,0.9812,0.20,0.20
2008.02.21 12:03:56.805,0.981,0.9812,0.20,0.20
2008.02.21 12:03:57.050,0.981,0.9812,0.20,0.20
2008.02.21 12:03:57.293,0.981,0.9812,0.20,0.20
2008.02.21 12:03:57.555,0.981,0.9812,0.20,0.20
2008.02.21 12:03:57.799,0.981,0.9812,0.20,0.20
2008.02.21 12:03:58.054,0.981,0.9812,0.20,0.40
2008.02.21 12:03:58.309,0.98095,0.9811,0.20,0.20
2008.02.21 12:03:58.583,0.981,0.9811,0.20,0.20
2008.02.21 12:03:58.957,0.981,0.9811,0.20,0.20
2008.02.21 12:03:59.230,0.981,0.9811,0.20,0.20
2008.02.21 12:03:59.498,0.981,0.9811,0.20,0.20
2008.02.21 12:03:59.757,0.981,0.9811,0.20,0.20
2008.02.21 12:04:00.015,0.98095,0.9811,1.50,0.20
2008.02.21 12:04:00.276,0.98095,0.9811,1.50,0.20
2008.02.21 12:04:00.520,0.981,0.9811,0.20,0.20
2008.02.21 12:04:00.764,0.981,0.9812,0.20,0.20
2008.02.21 12:04:01.007,0.981,0.9812,0.20,0.20
2008.02.21 12:04:01.261,0.981,0.9812,0.40,0.20
2008.02.21 12:04:01.508,0.981,0.9812,0.40,0.20
2008.02.21 12:04:02.610,0.981,0.9812,0.40,0.20
2008.02.21 12:04:02.911,0.981,0.9812,0.40,0.20
2008.02.21 12:04:03.828,0.981,0.9812,0.40,0.20
2008.02.21 12:04:04.154,0.981,0.9812,0.40,0.20
2008.02.21 12:04:04.282,0.981,0.9812,0.40,0.20
2008.02.21 12:04:04.665,0.981,0.9812,0.40,0.20
2008.02.21 12:04:05.000,0.981,0.9812,0.40,0.20
2008.02.21 12:04:05.333,0.981,0.9812,0.40,0.20
2008.02.21 12:04:05.667,0.981,0.9812,0.40,0.20
2008.02.21 12:04:05.826,0.981,0.9812,0.40,0.20
2008.02.21 12:04:06.437,0.981,0.9812,0.40,0.20
2008.02.21 12:04:06.952,0.981,0.9812,0.40,0.20
2008.02.21 12:04:07.246,0.981,0.9812,0.40,0.20
2008.02.21 12:04:07.539,0.981,0.9812,0.40,0.20
2008.02.21 12:04:07.747,0.981,0.9812,0.40,0.20
2008.02.21 12:04:08.210,0.981,0.9812,0.40,0.20
2008.02.21 12:04:08.409,0.981,0.9812,0.40,0.20
2008.02.21 12:04:08.607,0.981,0.9812,0.40,0.20
2008.02.21 12:04:08.900,0.98105,0.9812,1.20,0.20
2008.02.21 12:04:09.193,0.98105,0.9812,1.30,0.20
2008.02.21 12:04:09.486,0.98105,0.9812,2.30,0.20
2008.02.21 12:04:09.779,0.9811,0.9813,0.20,0.20
2008.02.21 12:04:10.082,0.9811,0.9813,0.20,0.20
2008.02.21 12:04:10.333,0.9811,0.9813,0.40,0.20
2008.02.21 12:04:10.540,0.9811,0.9813,0.40,0.20
2008.02.21 12:04:10.748,0.9811,0.9813,0.40,0.20
2008.02.21 12:04:10.881,0.9811,0.9813,0.40,0.20
2008.02.21 12:04:11.203,0.9811,0.9813,0.40,0.20
2008.02.21 12:04:11.683,0.9811,0.9813,0.40,0.20
2008.02.21 12:04:11.815,0.9811,0.9813,0.40,0.20
2008.02.21 12:04:12.400,0.98115,0.9813,0.20,0.20
2008.02.21 12:04:12.544,0.9812,0.9815,0.20,0.40
2008.02.21 12:04:12.677,0.9812,0.9815,0.20,0.40
2008.02.21 12:04:12.819,0.9812,0.98145,0.20,0.20
2008.02.21 12:04:13.022,0.9812,0.98145,0.20,0.20
2008.02.21 12:04:13.227,0.9812,0.9815,0.40,0.20
2008.02.21 12:04:13.429,0.9812,0.9815,0.20,0.40
2008.02.21 12:04:13.632,0.9812,0.9815,0.20,0.40
2008.02.21 12:04:13.835,0.9812,0.9815,0.20,0.40
2008.02.21 12:04:14.477,0.9812,0.9815,0.20,0.40
2008.02.21 12:04:14.715,0.9812,0.9815,0.20,0.40
2008.02.21 12:04:14.953,0.9812,0.9815,0.20,0.40
2008.02.21 12:04:15.130,0.9812,0.9815,0.20,0.40
2008.02.21 12:04:15.310,0.98125,0.9815,2.00,0.20
2008.02.21 12:04:15.489,0.9813,0.9815,0.20,0.20
2008.02.21 12:04:15.667,0.9813,0.9815,0.20,0.20
2008.02.21 12:04:15.846,0.9813,0.9815,0.20,0.20
2008.02.21 12:04:16.169,0.9813,0.9815,0.20,0.20
2008.02.21 12:04:16.493,0.9813,0.9815,0.20,0.20
2008.02.21 12:04:16.818,0.98135,0.9815,0.20,0.20
2008.02.21 12:04:17.141,0.98135,0.9815,0.20,0.20
2008.02.21 12:04:17.359,0.98135,0.9815,1.90,0.20
2008.02.21 12:04:17.577,0.9814,0.9815,0.20,0.20
2008.02.21 12:04:17.797,0.9814,0.9815,0.20,0.20
2008.02.21 12:04:18.015,0.9814,0.9815,0.20,0.20
2008.02.21 12:04:18.249,0.9814,0.9815,0.20,0.20
2008.02.21 12:04:18.575,0.9814,0.9815,0.40,0.20
2008.02.21 12:04:18.810,0.9814,0.9815,0.40,0.20
2008.02.21 12:04:19.043,0.9814,0.9816,0.40,0.20
2008.02.21 12:04:19.272,0.9814,0.9816,0.40,0.20
2008.02.21 12:04:19.500,0.9814,0.9816,0.40,0.20
2008.02.21 12:04:19.729,0.9814,0.9816,0.40,0.20
2008.02.21 12:04:20.064,0.9814,0.9816,0.40,0.20
2008.02.21 12:04:20.295,0.9814,0.9816,0.40,0.20
2008.02.21 12:04:20.529,0.9814,0.9816,0.40,0.20
2008.02.21 12:04:20.763,0.9814,0.9816,0.40,0.20
2008.02.21 12:04:21.113,0.9814,0.9816,0.40,0.20
2008.02.21 12:04:21.299,0.9814,0.9816,0.40,0.20
2008.02.21 12:04:21.489,0.9814,0.9816,0.40,0.20
2008.02.21 12:04:21.677,0.9814,0.9816,0.40,0.20
2008.02.21 12:04:21.864,0.9814,0.9816,0.40,0.20
2008.02.21 12:04:22.062,0.9814,0.9816,0.40,0.20
2008.02.21 12:04:22.930,0.9814,0.9816,0.40,0.20
2008.02.21 12:04:23.277,0.9814,0.9816,0.40,0.20
2008.02.21 12:04:23.679,0.9814,0.9816,0.40,0.20
2008.02.21 12:04:23.867,0.9814,0.9816,0.40,0.20
2008.02.21 12:04:24.056,0.9814,0.9816,0.40,0.20
2008.02.21 12:04:24.274,0.9814,0.9816,0.40,0.20
2008.02.21 12:04:24.495,0.9814,0.9816,0.40,0.20
2008.02.21 12:04:24.714,0.9814,0.9816,0.40,0.20
2008.02.21 12:04:24.933,0.9814,0.9816,0.40,0.20
2008.02.21 12:04:25.152,0.9814,0.9816,0.40,0.20
2008.02.21 12:04:25.424,0.9814,0.9816,0.40,0.20
2008.02.21 12:04:25.698,0.9814,0.9816,0.20,0.20
2008.02.21 12:04:25.974,0.9814,0.9816,0.20,0.20
2008.02.21 12:04:26.249,0.9814,0.9816,0.20,0.20
2008.02.21 12:04:26.478,0.9814,0.9816,0.20,0.20
2008.02.21 12:04:27.889,0.9814,0.9816,0.20,0.20
2008.02.21 12:04:28.375,0.9814,0.9816,0.20,0.20
2008.02.21 12:04:28.509,0.9814,0.9816,0.20,0.20
2008.02.21 12:04:28.642,0.9814,0.9816,0.20,0.40
2008.02.21 12:04:28.776,0.9814,0.9815,0.20,0.20
2008.02.21 12:04:28.915,0.9814,0.9815,0.20,0.20
2008.02.21 12:04:29.049,0.9814,0.9815,0.20,0.20
2008.02.21 12:04:29.183,0.9814,0.9815,0.20,0.20
2008.02.21 12:04:29.472,0.9814,0.9815,0.20,0.20
2008.02.21 12:04:29.761,0.9814,0.9815,0.20,0.20
2008.02.21 12:04:30.050,0.9812,0.9815,0.40,0.20
2008.02.21 12:04:30.338,0.9812,0.9815,0.20,0.40
2008.02.21 12:04:30.556,0.9812,0.98145,0.20,2.40
2008.02.21 12:04:30.778,0.9812,0.9814,0.20,0.20
2008.02.21 12:04:30.997,0.9812,0.9814,0.20,0.20
2008.02.21 12:04:31.215,0.9812,0.9814,0.20,0.40
2008.02.21 12:04:31.428,0.9812,0.9814,0.20,0.40
2008.02.21 12:04:31.641,0.9812,0.9814,0.20,0.20
2008.02.21 12:04:31.855,0.9812,0.9814,0.20,0.20
2008.02.21 12:04:32.069,0.9812,0.9813,0.20,0.20
2008.02.21 12:04:32.282,0.9812,0.9813,0.20,0.20
2008.02.21 12:04:32.521,0.9812,0.9813,0.20,0.20
2008.02.21 12:04:32.760,0.9812,0.9813,0.20,0.20
2008.02.21 12:04:32.999,0.98105,0.9813,0.20,0.20
2008.02.21 12:04:33.237,0.98105,0.9813,0.20,0.20
2008.02.21 12:04:33.492,0.98105,0.9813,0.20,0.20
2008.02.21 12:04:33.730,0.98105,0.9813,0.20,0.20
2008.02.21 12:04:34.165,0.981,0.9813,0.40,0.20
2008.02.21 12:04:35.278,0.981,0.9813,0.40,0.20
2008.02.21 12:04:36.053,0.981,0.9813,0.40,0.20
2008.02.21 12:04:36.265,0.981,0.9813,0.40,0.20
2008.02.21 12:04:36.444,0.981,0.9812,0.40,0.20
2008.02.21 12:04:36.778,0.981,0.9812,0.40,0.20
2008.02.21 12:04:37.112,0.981,0.9812,0.40,0.20
2008.02.21 12:04:37.445,0.981,0.9812,0.40,0.20
2008.02.21 12:04:37.889,0.981,0.9812,0.40,0.20
2008.02.21 12:04:38.121,0.981,0.9812,0.40,0.20
2008.02.21 12:04:38.350,0.981,0.9812,0.40,0.20
2008.02.21 12:04:38.629,0.981,0.9812,0.40,0.20
2008.02.21 12:04:39.358,0.9811,0.9812,0.20,0.20
2008.02.21 12:04:39.513,0.9811,0.9813,0.40,0.20
2008.02.21 12:04:39.676,0.9811,0.9813,0.40,0.20
2008.02.21 12:04:39.818,0.9811,0.9813,0.40,0.20
2008.02.21 12:04:39.821,0.9811,0.9813,0.40,0.20
2008.02.21 12:04:39.984,0.9811,0.9813,0.40,0.20
2008.02.21 12:04:40.682,0.9811,0.9813,0.40,0.20
2008.02.21 12:04:41.663,0.9811,0.9813,0.20,0.20
2008.02.21 12:04:41.842,0.9811,0.9813,0.20,0.20
2008.02.21 12:04:42.030,0.9811,0.9813,0.20,0.20
2008.02.21 12:04:42.208,0.9811,0.9813,0.20,0.20
2008.02.21 12:04:44.716,0.9811,0.9813,0.20,0.20
2008.02.21 12:04:45.364,0.9811,0.9813,0.20,0.20
2008.02.21 12:04:45.616,0.9811,0.9813,0.20,0.20
2008.02.21 12:04:45.979,0.9811,0.9813,0.20,0.20
2008.02.21 12:04:47.970,0.9811,0.9813,0.20,0.20
2008.02.21 12:04:48.148,0.9811,0.9813,0.20,0.20
2008.02.21 12:04:48.328,0.9811,0.9813,0.20,0.20
2008.02.21 12:04:48.507,0.9811,0.9813,0.20,0.20
2008.02.21 12:04:48.686,0.9811,0.9813,0.20,0.20
2008.02.21 12:04:49.104,0.9811,0.9813,0.20,0.20
2008.02.21 12:04:49.428,0.9811,0.9813,0.20,0.20
2008.02.21 12:04:49.829,0.9811,0.9813,0.20,0.20
2008.02.21 12:04:50.042,0.9811,0.9813,0.20,0.20
2008.02.21 12:04:50.255,0.9811,0.9813,0.20,0.20
2008.02.21 12:04:50.651,0.9811,0.9813,0.20,0.20
2008.02.21 12:04:50.904,0.9811,0.9813,0.20,0.20
2008.02.21 12:04:51.162,0.9811,0.9813,0.20,0.20
2008.02.21 12:04:51.420,0.9811,0.9813,0.20,0.20
2008.02.21 12:04:51.679,0.9811,0.9813,0.20,0.20
2008.02.21 12:04:51.937,0.9811,0.9813,0.20,0.20
2008.02.21 12:04:52.171,0.9811,0.9813,0.20,0.20
2008.02.21 12:04:52.403,0.9811,0.9813,0.20,0.20
2008.02.21 12:04:52.636,0.9811,0.9813,0.20,0.20
2008.02.21 12:04:52.869,0.9811,0.9813,0.20,0.20
2008.02.21 12:04:53.160,0.9811,0.9813,0.40,0.20
2008.02.21 12:04:53.379,0.9811,0.9813,0.40,0.20
2008.02.21 12:04:53.648,0.9811,0.9813,0.40,0.20
2008.02.21 12:04:53.865,0.9811,0.9813,0.40,0.20
2008.02.21 12:04:54.064,0.9811,0.9813,0.40,0.20
2008.02.21 12:04:54.264,0.9811,0.9813,0.40,0.20
2008.02.21 12:04:54.668,0.9811,0.9813,0.40,0.20
2008.02.21 12:04:59.977,0.9811,0.9813,0.40,0.20
2008.02.21 12:05:00.147,0.9811,0.9813,0.40,0.20
2008.02.21 12:05:00.397,0.9811,0.9813,0.40,0.20
2008.02.21 12:05:00.601,0.98115,0.9813,0.20,0.20
2008.02.21 12:05:00.760,0.98115,0.9813,0.20,0.20
2008.02.21 12:05:00.919,0.98115,0.9813,0.20,0.20
2008.02.21 12:05:01.077,0.98115,0.9813,0.20,0.20
2008.02.21 12:05:01.286,0.98115,0.9813,0.20,0.20
2008.02.21 12:05:02.883,0.9811,0.9813,0.40,0.20
2008.02.21 12:05:03.058,0.9811,0.9813,0.40,0.20
2008.02.21 12:05:03.387,0.9811,0.9813,0.40,0.20
2008.02.21 12:05:03.716,0.9811,0.9813,0.20,0.20
2008.02.21 12:05:04.046,0.9811,0.9813,0.20,0.20
2008.02.21 12:05:04.250,0.98115,0.9813,0.20,0.20
2008.02.21 12:05:04.453,0.9811,0.9813,0.20,0.20
2008.02.21 12:05:04.657,0.9811,0.9813,0.40,0.20
2008.02.21 12:05:04.860,0.9811,0.9813,0.40,0.20
2008.02.21 12:05:05.064,0.9811,0.9813,0.40,0.20
2008.02.21 12:05:05.333,0.9811,0.9813,0.20,0.20
2008.02.21 12:05:05.602,0.9811,0.9813,0.40,0.20
2008.02.21 12:05:05.871,0.98115,0.9813,0.20,0.20
2008.02.21 12:05:06.140,0.98115,0.9813,0.20,0.20
2008.02.21 12:05:06.348,0.98115,0.9813,0.20,0.20
2008.02.21 12:05:06.557,0.98115,0.9813,0.20,0.20
2008.02.21 12:05:06.765,0.9811,0.9813,0.40,0.20
2008.02.21 12:05:06.974,0.9811,0.9813,0.40,0.20
2008.02.21 12:05:07.183,0.9811,0.9813,0.20,0.20
2008.02.21 12:05:07.421,0.9811,0.9813,0.20,0.20
2008.02.21 12:05:07.659,0.9811,0.9813,0.40,0.20
2008.02.21 12:05:07.899,0.9811,0.9813,0.40,0.20
2008.02.21 12:05:08.381,0.9811,0.9813,0.40,0.20
2008.02.21 12:05:08.618,0.9811,0.9813,0.40,0.20
2008.02.21 12:05:08.824,0.9811,0.9813,0.40,0.20
2008.02.21 12:05:09.027,0.9811,0.9813,0.40,0.20
2008.02.21 12:05:09.232,0.98115,0.9813,0.20,0.20
2008.02.21 12:05:09.470,0.9811,0.9813,0.40,0.20
2008.02.21 12:05:09.708,0.9811,0.9813,0.20,0.20
2008.02.21 12:05:09.947,0.9811,0.9813,0.20,0.20
2008.02.21 12:05:10.186,0.9811,0.9813,0.20,0.20
2008.02.21 12:05:10.514,0.9811,0.9813,0.20,0.20
2008.02.21 12:05:11.092,0.9811,0.9813,0.20,0.20
2008.02.21 12:05:11.373,0.9811,0.9813,0.20,0.20
2008.02.21 12:05:11.557,0.9811,0.9812,0.20,0.20
2008.02.21 12:05:12.099,0.9811,0.9812,0.20,0.20
2008.02.21 12:05:13.215,0.9811,0.9812,0.20,0.20
2008.02.21 12:05:15.152,0.9811,0.9812,0.20,0.20
2008.02.21 12:05:17.825,0.9811,0.9812,0.20,0.20
2008.02.21 12:05:17.979,0.9811,0.9812,0.20,0.20
2008.02.21 12:05:18.199,0.9811,0.9812,0.20,0.20
2008.02.21 12:05:19.133,0.9811,0.9812,0.20,0.20
2008.02.21 12:05:19.669,0.9811,0.9812,0.20,0.20
2008.02.21 12:05:19.812,0.981,0.9812,0.20,0.20
2008.02.21 12:05:19.956,0.98095,0.9812,2.50,0.20
2008.02.21 12:05:20.100,0.98095,0.9812,2.50,0.20
2008.02.21 12:05:20.243,0.98095,0.9812,2.50,0.20
2008.02.21 12:05:20.387,0.98095,0.9812,2.50,0.20
2008.02.21 12:05:21.766,0.98095,0.9812,2.50,0.20
2008.02.21 12:05:21.922,0.98095,0.9812,2.50,0.20
2008.02.21 12:05:21.990,0.98095,0.9812,2.50,0.20
2008.02.21 12:05:22.068,0.981,0.9812,0.20,0.20
2008.02.21 12:05:22.257,0.981,0.9812,0.40,0.20
2008.02.21 12:05:22.325,0.981,0.9812,0.40,0.20
2008.02.21 12:05:22.428,0.981,0.9812,0.40,0.20
2008.02.21 12:05:22.602,0.981,0.9812,0.20,0.20
2008.02.21 12:05:22.697,0.981,0.9812,0.20,0.20
2008.02.21 12:05:22.899,0.981,0.9812,0.20,0.20
2008.02.21 12:05:23.193,0.981,0.9812,0.20,0.20
2008.02.21 12:05:23.487,0.98105,0.9812,0.20,0.20
2008.02.21 12:05:23.780,0.981,0.9812,0.40,0.20
2008.02.21 12:05:23.929,0.981,0.9812,0.40,0.20
2008.02.21 12:05:24.078,0.981,0.9812,0.20,0.20
2008.02.21 12:05:24.228,0.981,0.9812,0.40,0.20
2008.02.21 12:05:24.376,0.981,0.9812,0.40,0.20
2008.02.21 12:05:24.524,0.981,0.9812,0.40,0.20
2008.02.21 12:05:24.673,0.981,0.9812,0.20,0.20
2008.02.21 12:05:24.821,0.981,0.9812,0.20,0.20
2008.02.21 12:05:25.069,0.981,0.9812,0.40,0.20
2008.02.21 12:05:25.318,0.981,0.9812,0.40,0.20
2008.02.21 12:05:27.614,0.981,0.9812,0.40,0.20
2008.02.21 12:05:30.163,0.981,0.9812,0.20,0.20
2008.02.21 12:05:30.254,0.9811,0.9813,0.20,0.40
2008.02.21 12:05:30.574,0.9811,0.9813,0.40,0.20
2008.02.21 12:05:30.884,0.9811,0.9813,0.20,0.20
2008.02.21 12:05:31.192,0.9811,0.9813,0.20,0.20
2008.02.21 12:05:32.621,0.9811,0.9813,0.20,0.20
2008.02.21 12:05:32.799,0.9811,0.9813,0.20,0.20
2008.02.21 12:05:32.978,0.9811,0.9813,0.20,0.20
2008.02.21 12:05:33.159,0.9811,0.9813,0.20,0.20
2008.02.21 12:05:33.338,0.9811,0.9813,0.20,0.20
2008.02.21 12:05:33.602,0.981,0.9813,0.40,0.20
2008.02.21 12:05:33.868,0.9811,0.9812,0.20,0.20
2008.02.21 12:05:34.133,0.9811,0.9812,0.20,0.20
2008.02.21 12:05:34.404,0.9811,0.9813,0.40,0.20
2008.02.21 12:05:34.818,0.9811,0.9813,0.40,0.20
2008.02.21 12:05:35.525,0.9811,0.9813,0.40,0.20
2008.02.21 12:05:35.647,0.9811,0.9813,0.40,0.20
2008.02.21 12:05:35.856,0.9811,0.9813,0.40,0.20
2008.02.21 12:05:37.181,0.9811,0.9813,0.40,0.20
2008.02.21 12:05:37.796,0.9811,0.9813,0.40,0.20
2008.02.21 12:05:38.639,0.98115,0.9813,0.20,0.20
2008.02.21 12:05:38.904,0.98115,0.9813,0.20,0.20
2008.02.21 12:05:39.167,0.98115,0.9813,0.20,0.20
2008.02.21 12:05:39.431,0.98115,0.9813,0.20,0.20
2008.02.21 12:05:39.969,0.98115,0.9813,0.20,0.20
2008.02.21 12:05:40.217,0.98115,0.9813,0.20,0.20
2008.02.21 12:05:40.495,0.98115,0.9813,0.20,0.20
2008.02.21 12:05:40.909,0.98115,0.9813,0.20,0.20
2008.02.21 12:05:42.064,0.9811,0.9813,0.40,0.20
2008.02.21 12:05:42.314,0.9811,0.9813,0.40,0.20
2008.02.21 12:05:42.482,0.98115,0.9813,0.20,0.20
2008.02.21 12:05:42.651,0.98115,0.9813,0.20,0.20
2008.02.21 12:05:42.910,0.98115,0.9813,0.20,0.20
2008.02.21 12:05:43.388,0.98115,0.9813,0.20,0.20
2008.02.21 12:05:43.657,0.9811,0.9813,0.40,0.20
2008.02.21 12:05:43.969,0.9811,0.9813,0.40,0.20
2008.02.21 12:05:45.484,0.9811,0.9813,0.40,0.20
2008.02.21 12:05:45.646,0.9811,0.9813,0.40,0.20
2008.02.21 12:05:45.803,0.9811,0.9813,0.40,0.20
2008.02.21 12:05:46.186,0.9811,0.9813,0.40,0.20
2008.02.21 12:05:46.454,0.9811,0.9813,0.40,0.20
2008.02.21 12:05:46.733,0.9811,0.9813,0.40,0.20
2008.02.21 12:05:47.001,0.9811,0.9813,0.40,0.20
2008.02.21 12:05:48.315,0.9811,0.9813,0.40,0.20
2008.02.21 12:05:48.470,0.9811,0.9813,0.40,0.20
2008.02.21 12:05:55.932,0.9811,0.9813,0.40,0.20
2008.02.21 12:05:56.040,0.9811,0.9813,0.40,0.20
2008.02.21 12:05:56.148,0.9811,0.9813,0.40,0.20
2008.02.21 12:05:56.258,0.9811,0.9813,0.40,0.20
2008.02.21 12:05:56.449,0.9811,0.9813,0.40,0.20
2008.02.21 12:05:56.681,0.9812,0.9813,0.20,0.20
2008.02.21 12:05:56.792,0.9812,0.9813,0.20,0.20
2008.02.21 12:05:56.910,0.9812,0.9813,0.20,0.20
2008.02.21 12:05:57.243,0.9812,0.9814,0.20,0.40
2008.02.21 12:05:57.577,0.9811,0.9814,0.20,0.40
2008.02.21 12:05:57.911,0.9811,0.9814,0.20,0.40
2008.02.21 12:05:58.137,0.9811,0.9814,0.20,0.40
2008.02.21 12:05:58.331,0.9811,0.9814,0.20,0.40
2008.02.21 12:05:58.525,0.9811,0.98135,0.20,0.50
2008.02.21 12:05:58.719,0.9811,0.9814,0.20,0.40
2008.02.21 12:06:01.025,0.9811,0.9814,0.20,0.40
2008.02.21 12:06:01.168,0.9811,0.9814,0.20,0.40
2008.02.21 12:06:01.424,0.9811,0.9814,0.20,0.40
2008.02.21 12:06:01.557,0.9811,0.9814,0.20,0.40
2008.02.21 12:06:01.932,0.9811,0.9814,0.20,0.40
2008.02.21 12:06:02.468,0.9811,0.9814,0.20,0.40
2008.02.21 12:06:03.168,0.9811,0.98135,0.20,0.60
2008.02.21 12:06:03.325,0.9811,0.98135,0.20,0.60
2008.02.21 12:06:03.484,0.9811,0.98135,0.20,0.50
2008.02.21 12:06:03.713,0.9811,0.98135,0.20,0.50
2008.02.21 12:06:03.871,0.9811,0.9813,0.20,0.20
2008.02.21 12:06:06.496,0.9811,0.9813,0.20,0.20
2008.02.21 12:06:06.650,0.9811,0.9813,0.20,0.20
2008.02.21 12:06:06.911,0.9811,0.9813,0.20,0.20
2008.02.21 12:06:07.537,0.9811,0.9813,0.20,0.20
2008.02.21 12:06:07.775,0.9811,0.9813,0.20,0.20
2008.02.21 12:06:08.802,0.9811,0.9813,0.20,0.20
2008.02.21 12:06:08.989,0.9811,0.9813,0.20,0.20
2008.02.21 12:06:09.128,0.9811,0.9813,0.40,0.20
2008.02.21 12:06:09.196,0.9811,0.9813,0.40,0.20
2008.02.21 12:06:09.274,0.9811,0.9813,0.40,0.20
2008.02.21 12:06:09.354,0.9811,0.9813,0.20,0.20
2008.02.21 12:06:09.432,0.9811,0.9813,0.20,0.20
2008.02.21 12:06:09.730,0.9811,0.9813,0.20,0.20
2008.02.21 12:06:10.029,0.9811,0.9813,0.20,0.20
2008.02.21 12:06:10.327,0.9811,0.9813,0.20,0.20
2008.02.21 12:06:10.625,0.9811,0.9813,0.20,0.20
2008.02.21 12:06:10.773,0.9811,0.9813,0.20,0.20
2008.02.21 12:06:10.921,0.9811,0.9813,0.20,0.20
2008.02.21 12:06:11.100,0.9811,0.9813,0.40,0.20
2008.02.21 12:06:11.248,0.9811,0.9813,0.40,0.20
2008.02.21 12:06:11.396,0.9811,0.9813,0.40,0.20
2008.02.21 12:06:11.544,0.9811,0.9813,0.40,0.20
2008.02.21 12:06:11.722,0.9811,0.9813,0.40,0.20
2008.02.21 12:06:12.293,0.9811,0.9813,0.40,0.20
2008.02.21 12:06:13.060,0.98115,0.9813,0.20,0.20
2008.02.21 12:06:13.197,0.98115,0.9813,0.20,0.20
2008.02.21 12:06:13.345,0.98115,0.9813,0.20,0.20
2008.02.21 12:06:13.484,0.98115,0.9813,0.20,0.20
2008.02.21 12:06:13.670,0.98115,0.9813,0.20,0.20
2008.02.21 12:06:13.956,0.98115,0.9813,0.20,0.20
2008.02.21 12:06:14.256,0.98115,0.9813,4.90,0.20
2008.02.21 12:06:14.554,0.98115,0.9813,2.50,0.20
2008.02.21 12:06:14.853,0.9812,0.9814,0.20,0.20
2008.02.21 12:06:15.075,0.9812,0.9814,0.20,0.20
2008.02.21 12:06:15.299,0.9812,0.9814,0.20,0.20
2008.02.21 12:06:15.522,0.9812,0.9814,0.20,0.20
2008.02.21 12:06:15.744,0.9812,0.9814,0.20,0.20
2008.02.21 12:06:16.799,0.9812,0.9814,0.20,0.20
2008.02.21 12:06:18.243,0.9812,0.9814,0.20,0.20
2008.02.21 12:06:18.431,0.9812,0.9814,0.20,0.20
2008.02.21 12:06:18.498,0.9812,0.9814,0.20,0.20
2008.02.21 12:06:18.933,0.9812,0.9814,0.20,0.20
2008.02.21 12:06:21.844,0.9812,0.9814,0.20,0.20
2008.02.21 12:06:21.902,0.9812,0.9814,0.20,0.40
2008.02.21 12:06:21.962,0.9812,0.9813,0.20,0.20
2008.02.21 12:06:22.062,0.9812,0.9813,0.20,0.20
2008.02.21 12:06:22.206,0.9812,0.9813,0.20,0.20
2008.02.21 12:06:22.349,0.9812,0.9813,0.20,0.20
2008.02.21 12:06:22.492,0.9812,0.9813,0.20,0.20
2008.02.21 12:06:22.635,0.9812,0.9813,0.20,0.20
2008.02.21 12:06:22.778,0.9812,0.9813,0.20,0.20
2008.02.21 12:06:22.936,0.9812,0.9813,0.20,0.20
2008.02.21 12:06:23.136,0.9812,0.9813,0.20,0.20
2008.02.21 12:06:24.457,0.9812,0.9813,0.20,0.20
2008.02.21 12:06:24.959,0.9812,0.9813,0.20,0.20
2008.02.21 12:06:25.153,0.9812,0.9813,0.20,0.20
2008.02.21 12:06:29.544,0.9812,0.9813,0.20,0.20
2008.02.21 12:06:30.670,0.9812,0.9813,0.20,0.20
2008.02.21 12:06:30.741,0.9812,0.9813,0.20,0.20
2008.02.21 12:06:31.172,0.9812,0.9813,0.20,0.20
2008.02.21 12:06:31.246,0.9812,0.9814,0.20,0.20
2008.02.21 12:06:31.319,0.9812,0.9814,0.20,0.20
2008.02.21 12:06:31.392,0.9812,0.9814,0.20,0.20
2008.02.21 12:06:31.487,0.9812,0.9814,0.20,0.20
2008.02.21 12:06:31.619,0.9812,0.9814,0.40,0.20
2008.02.21 12:06:31.690,0.9812,0.9814,0.40,0.20
2008.02.21 12:06:32.025,0.9812,0.9814,0.20,0.20
2008.02.21 12:06:32.077,0.9812,0.9814,0.20,0.20
2008.02.21 12:06:32.371,0.9812,0.9814,0.20,0.20
2008.02.21 12:06:32.705,0.9812,0.9814,0.20,0.20
2008.02.21 12:06:32.932,0.9812,0.9814,0.40,0.20
2008.02.21 12:06:33.161,0.9812,0.9814,0.40,0.20
2008.02.21 12:06:33.389,0.9812,0.9814,0.40,0.20
2008.02.21 12:06:33.627,0.9812,0.9814,0.40,0.20
2008.02.21 12:06:33.855,0.9812,0.9814,0.40,0.20
2008.02.21 12:06:34.641,0.98125,0.9814,0.80,0.20
2008.02.21 12:06:34.950,0.98125,0.9814,1.40,0.20
2008.02.21 12:06:35.089,0.98125,0.9814,0.60,0.20
2008.02.21 12:06:35.238,0.9813,0.9815,0.20,0.20
2008.02.21 12:06:35.377,0.9813,0.9815,0.20,0.20
2008.02.21 12:06:35.946,0.9813,0.9815,0.20,0.20
2008.02.21 12:06:36.134,0.9813,0.9815,0.20,0.20
2008.02.21 12:06:37.424,0.9813,0.9815,0.20,0.20
2008.02.21 12:06:37.603,0.9813,0.9815,0.20,0.20
2008.02.21 12:06:37.780,0.9813,0.9815,0.20,0.40
2008.02.21 12:06:37.958,0.9813,0.9815,0.20,0.40
2008.02.21 12:06:38.152,0.9813,0.9815,0.20,0.40
2008.02.21 12:06:38.634,0.9813,0.9815,0.20,0.40
2008.02.21 12:06:39.076,0.9813,0.9815,0.20,0.20
2008.02.21 12:06:39.201,0.9813,0.9815,0.20,0.20
2008.02.21 12:06:39.334,0.9813,0.9815,0.20,0.20
2008.02.21 12:06:39.458,0.9813,0.9815,0.20,0.20
2008.02.21 12:06:40.282,0.9813,0.9815,0.20,0.20
2008.02.21 12:06:40.512,0.9813,0.9815,0.20,0.20
2008.02.21 12:06:40.730,0.9813,0.9815,0.20,0.20
2008.02.21 12:06:40.949,0.9813,0.9815,0.20,0.20
2008.02.21 12:06:41.168,0.9813,0.9815,0.20,0.20
2008.02.21 12:06:41.452,0.9813,0.9815,0.20,0.20
2008.02.21 12:06:43.400,0.9813,0.9815,0.20,0.20
2008.02.21 12:06:44.011,0.9813,0.9815,0.20,0.20
2008.02.21 12:06:44.180,0.9813,0.9815,0.20,0.20
2008.02.21 12:06:44.351,0.9813,0.9815,0.20,0.20
2008.02.21 12:06:44.519,0.9813,0.9815,0.20,0.20
2008.02.21 12:06:44.689,0.98115,0.9814,2.10,0.20
2008.02.21 12:06:44.858,0.9812,0.9814,0.20,0.20
2008.02.21 12:06:45.026,0.9812,0.9814,0.20,0.20
2008.02.21 12:06:45.359,0.9812,0.9814,0.20,0.20
2008.02.21 12:06:45.693,0.9812,0.9814,0.20,0.20
2008.02.21 12:06:46.210,0.9812,0.9814,0.20,0.20
2008.02.21 12:06:46.403,0.98125,0.9814,0.20,0.20
2008.02.21 12:06:46.600,0.98125,0.9814,0.20,0.20
2008.02.21 12:06:46.794,0.9813,0.9815,0.20,0.20
2008.02.21 12:06:47.145,0.9813,0.9815,0.20,0.20
2008.02.21 12:06:47.418,0.9813,0.9815,0.20,0.20
2008.02.21 12:06:48.373,0.9813,0.9815,0.20,0.20
2008.02.21 12:06:50.086,0.9813,0.9815,0.20,0.40
2008.02.21 12:06:50.216,0.9813,0.9814,0.20,0.20
2008.02.21 12:06:50.404,0.9813,0.9814,0.20,0.20
2008.02.21 12:06:50.593,0.9813,0.9814,0.20,0.20
2008.02.21 12:06:51.155,0.9813,0.9814,0.20,0.20
2008.02.21 12:06:51.483,0.9813,0.9814,0.20,0.20
2008.02.21 12:06:51.662,0.9813,0.9814,0.20,0.20
2008.02.21 12:06:51.840,0.9813,0.9814,0.20,0.20
2008.02.21 12:06:52.019,0.9813,0.9814,0.20,0.20
2008.02.21 12:06:52.725,0.9813,0.9814,0.20,0.20
2008.02.21 12:06:52.978,0.9813,0.9814,0.20,0.20
2008.02.21 12:06:53.758,0.9813,0.9814,0.20,0.20
2008.02.21 12:06:53.964,0.9813,0.9814,0.20,0.20
2008.02.21 12:06:54.121,0.9813,0.9814,0.20,0.20
2008.02.21 12:06:54.245,0.9813,0.9814,0.20,0.20
2008.02.21 12:06:54.502,0.9813,0.9814,0.20,0.20
2008.02.21 12:06:55.123,0.9813,0.9814,0.20,0.20
2008.02.21 12:06:55.670,0.9813,0.9815,0.20,0.40
2008.02.21 12:06:55.793,0.9813,0.9815,0.20,0.20
2008.02.21 12:06:55.918,0.9813,0.9815,0.20,0.20
2008.02.21 12:06:56.040,0.9813,0.9815,0.20,0.20
2008.02.21 12:06:56.164,0.9813,0.9815,0.20,0.20
2008.02.21 12:06:57.072,0.9813,0.9815,0.20,0.20
2008.02.21 12:06:57.260,0.9813,0.9815,0.20,0.20
2008.02.21 12:06:57.448,0.9813,0.9815,0.20,0.20
2008.02.21 12:06:57.710,0.9813,0.9815,0.20,0.20
2008.02.21 12:06:57.925,0.9813,0.9815,0.20,0.20
2008.02.21 12:06:58.131,0.9813,0.9815,0.20,0.20
2008.02.21 12:06:58.289,0.9813,0.9815,0.20,0.20
2008.02.21 12:06:59.141,0.9813,0.9815,0.20,0.20
2008.02.21 12:07:00.891,0.9813,0.9815,0.20,0.20
2008.02.21 12:07:02.881,0.9813,0.9815,0.20,0.20
2008.02.21 12:07:03.410,0.9813,0.9815,0.20,0.20
2008.02.21 12:07:04.893,0.9813,0.9815,0.20,0.40
2008.02.21 12:07:04.948,0.9813,0.98145,0.20,2.40
2008.02.21 12:07:05.009,0.9813,0.9814,0.20,0.20
2008.02.21 12:07:05.055,0.9813,0.9814,0.20,0.20
2008.02.21 12:07:05.108,0.9813,0.9814,0.20,0.20
2008.02.21 12:07:05.162,0.9813,0.9814,0.20,0.20
2008.02.21 12:07:05.459,0.9813,0.9814,0.20,0.20
2008.02.21 12:07:06.170,0.9813,0.9814,0.20,0.20
2008.02.21 12:07:06.680,0.9813,0.9814,0.20,0.20
2008.02.21 12:07:06.932,0.9813,0.9814,0.20,0.20
2008.02.21 12:07:07.185,0.9813,0.9814,0.20,0.20
2008.02.21 12:07:07.274,0.9813,0.9814,0.20,0.20
2008.02.21 12:07:07.417,0.9813,0.9814,0.20,0.20
2008.02.21 12:07:07.672,0.9813,0.9814,0.20,0.20
2008.02.21 12:07:07.878,0.9813,0.9814,0.20,0.20
2008.02.21 12:07:07.968,0.9813,0.9814,0.20,0.20
2008.02.21 12:07:08.181,0.9813,0.9814,0.20,0.20
2008.02.21 12:07:09.293,0.9813,0.9814,0.20,0.20
2008.02.21 12:07:09.412,0.9813,0.9814,0.20,0.20
2008.02.21 12:07:10.434,0.9813,0.9814,0.20,0.20
2008.02.21 12:07:10.546,0.9813,0.9814,0.20,0.20
2008.02.21 12:07:10.650,0.9813,0.9814,0.20,0.20
2008.02.21 12:07:11.165,0.9813,0.9814,0.20,0.20
2008.02.21 12:07:11.440,0.9813,0.9814,0.20,0.20
2008.02.21 12:07:11.681,0.9813,0.9814,0.20,0.20
2008.02.21 12:07:11.980,0.9813,0.9814,0.20,0.20
2008.02.21 12:07:12.190,0.9813,0.9814,0.20,0.20
2008.02.21 12:07:13.400,0.9813,0.9814,0.20,0.20
2008.02.21 12:07:13.624,0.9813,0.9814,0.20,0.20
2008.02.21 12:07:13.767,0.9811,0.98135,0.40,4.00
2008.02.21 12:07:13.911,0.9811,0.98135,0.40,4.00
2008.02.21 12:07:14.134,0.9811,0.98135,0.20,4.00
2008.02.21 12:07:14.325,0.98105,0.98135,2.50,4.00
2008.02.21 12:07:14.469,0.98105,0.98135,0.20,4.00
2008.02.21 12:07:14.698,0.98105,0.98135,0.20,4.00
2008.02.21 12:07:14.928,0.98105,0.98135,0.20,6.40
2008.02.21 12:07:15.156,0.98115,0.98135,0.20,9.60
2008.02.21 12:07:15.395,0.98115,0.98135,0.20,13.30
2008.02.21 12:07:15.624,0.98115,0.98135,0.20,9.30
2008.02.21 12:07:15.842,0.98115,0.98135,0.20,5.60
2008.02.21 12:07:16.061,0.98115,0.98135,0.20,1.60
2008.02.21 12:07:16.290,0.98115,0.98135,0.20,1.60
2008.02.21 12:07:16.709,0.9811,0.98135,0.20,1.60
2008.02.21 12:07:16.888,0.9811,0.98135,0.20,4.00
2008.02.21 12:07:17.065,0.9811,0.9813,0.20,0.20
2008.02.21 12:07:17.244,0.9811,0.9813,0.20,0.20
2008.02.21 12:07:17.422,0.9811,0.9813,0.20,0.20
2008.02.21 12:07:17.600,0.9811,0.9813,0.20,0.20
2008.02.21 12:07:18.173,0.9811,0.9813,0.20,0.20
2008.02.21 12:07:18.234,0.9811,0.9813,0.20,0.20
2008.02.21 12:07:18.618,0.9811,0.9813,0.20,0.20
2008.02.21 12:07:18.744,0.9811,0.9813,0.20,0.20
2008.02.21 12:07:18.851,0.9811,0.9813,0.20,0.20
2008.02.21 12:07:18.963,0.9811,0.9813,0.20,0.20
2008.02.21 12:07:19.074,0.98105,0.9813,0.20,0.20
2008.02.21 12:07:19.452,0.98105,0.9813,0.20,0.20
2008.02.21 12:07:19.561,0.98105,0.9813,0.20,0.20
2008.02.21 12:07:19.670,0.98105,0.9813,0.20,0.20
2008.02.21 12:07:20.136,0.981,0.9813,0.40,0.20
2008.02.21 12:07:20.380,0.981,0.9813,0.40,0.20
2008.02.21 12:07:20.606,0.981,0.9813,0.40,0.20
2008.02.21 12:07:20.744,0.98105,0.9813,0.20,0.20
2008.02.21 12:07:20.947,0.98105,0.9813,0.20,0.20
2008.02.21 12:07:21.095,0.98105,0.98125,0.20,0.50
2008.02.21 12:07:21.224,0.9811,0.98125,0.20,0.60
2008.02.21 12:07:21.421,0.9811,0.9813,0.20,0.20
2008.02.21 12:07:21.559,0.9811,0.9813,0.20,0.20
2008.02.21 12:07:21.698,0.9811,0.9813,0.20,0.20
2008.02.21 12:07:22.045,0.9811,0.9813,0.20,0.20
2008.02.21 12:07:22.313,0.9811,0.9813,0.20,0.20
2008.02.21 12:07:22.592,0.9811,0.98125,0.20,0.60
2008.02.21 12:07:22.851,0.981,0.9812,0.40,0.20
2008.02.21 12:07:23.080,0.981,0.9812,0.40,0.20
2008.02.21 12:07:23.308,0.981,0.9812,0.20,0.20
2008.02.21 12:07:23.537,0.981,0.9812,0.40,0.20
2008.02.21 12:07:23.949,0.981,0.9812,0.40,0.20
2008.02.21 12:07:24.863,0.981,0.9812,0.40,0.20
2008.02.21 12:07:25.067,0.981,0.9812,0.40,0.20
2008.02.21 12:07:25.712,0.981,0.9812,0.40,0.20
2008.02.21 12:07:25.807,0.981,0.9812,0.40,0.20
2008.02.21 12:07:25.972,0.98105,0.9813,0.20,0.50
2008.02.21 12:07:26.235,0.98105,0.9813,0.20,0.60
2008.02.21 12:07:26.399,0.98105,0.9813,0.20,0.20
2008.02.21 12:07:26.571,0.98105,0.9813,0.20,0.20
2008.02.21 12:07:26.725,0.98105,0.9813,0.20,0.20
2008.02.21 12:07:26.954,0.98105,0.9813,0.20,0.20
2008.02.21 12:07:27.238,0.98105,0.9813,0.20,0.20
2008.02.21 12:07:28.044,0.98105,0.9813,0.20,0.20
2008.02.21 12:07:28.193,0.98105,0.9813,0.20,0.20
2008.02.21 12:07:28.672,0.98105,0.9813,0.20,0.20
2008.02.21 12:07:28.782,0.98105,0.9813,0.20,0.20
2008.02.21 12:07:28.876,0.98105,0.9813,0.20,0.20
2008.02.21 12:07:28.934,0.98105,0.9813,0.20,0.20
2008.02.21 12:07:29.044,0.98105,0.9813,0.20,0.20
2008.02.21 12:07:29.380,0.981,0.9812,0.40,0.20
2008.02.21 12:07:29.713,0.981,0.9813,0.40,0.20
2008.02.21 12:07:30.047,0.98105,0.9813,0.20,0.20
2008.02.21 12:07:30.235,0.98105,0.9813,0.20,0.20
2008.02.21 12:07:30.424,0.98105,0.9813,0.20,0.20
2008.02.21 12:07:36.027,0.98105,0.9813,0.20,0.20
2008.02.21 12:07:36.231,0.98105,0.9813,0.20,0.20
2008.02.21 12:07:36.443,0.98105,0.9813,0.20,0.20
2008.02.21 12:07:37.146,0.98105,0.9813,0.20,0.20
2008.02.21 12:07:43.224,0.98105,0.9813,0.20,0.20
2008.02.21 12:07:44.688,0.98105,0.9813,0.20,0.20
2008.02.21 12:07:45.022,0.98105,0.9813,0.20,0.20
2008.02.21 12:07:45.142,0.98105,0.9813,0.20,0.20
2008.02.21 12:07:45.204,0.98105,0.9813,0.20,0.20
2008.02.21 12:07:45.407,0.98105,0.9813,0.20,0.20
2008.02.21 12:07:45.707,0.98105,0.9813,0.20,0.20
2008.02.21 12:07:45.865,0.98105,0.9813,0.20,0.20
2008.02.21 12:07:47.260,0.98105,0.9813,0.20,0.20
2008.02.21 12:07:47.628,0.98105,0.9813,0.20,0.20
2008.02.21 12:07:48.033,0.98105,0.9813,0.20,0.20
2008.02.21 12:07:49.716,0.98105,0.9813,0.20,0.20
2008.02.21 12:07:49.933,0.98105,0.9813,0.20,0.20
2008.02.21 12:07:51.977,0.98105,0.9813,0.20,0.20
2008.02.21 12:07:52.400,0.98105,0.9813,0.80,0.20
2008.02.21 12:07:52.467,0.98105,0.9813,2.00,0.20
2008.02.21 12:07:52.537,0.98105,0.9813,2.20,0.20
2008.02.21 12:07:52.818,0.9811,0.9813,0.20,0.20
2008.02.21 12:07:53.087,0.9811,0.9813,0.40,0.20
2008.02.21 12:07:53.356,0.9811,0.9813,0.40,0.20
2008.02.21 12:07:53.624,0.9811,0.9813,0.40,0.20
2008.02.21 12:07:53.842,0.9811,0.9813,0.40,0.20
2008.02.21 12:07:54.061,0.9811,0.9813,0.40,0.20
2008.02.21 12:07:54.296,0.9811,0.9813,0.40,0.20
2008.02.21 12:07:54.514,0.9811,0.9813,0.40,0.20
2008.02.21 12:07:55.161,0.9811,0.9813,0.40,0.20
2008.02.21 12:07:55.875,0.9811,0.9813,0.20,0.20
2008.02.21 12:07:56.015,0.9811,0.9813,0.20,0.20
2008.02.21 12:07:56.123,0.9811,0.9813,0.20,0.20
2008.02.21 12:07:56.176,0.9811,0.9813,0.20,0.20
2008.02.21 12:07:56.302,0.9811,0.9813,0.20,0.20
2008.02.21 12:07:56.717,0.9811,0.9813,0.20,0.20
2008.02.21 12:07:58.427,0.9811,0.9813,0.20,0.20
2008.02.21 12:07:58.506,0.9811,0.9813,0.20,0.20
2008.02.21 12:07:58.566,0.9811,0.9813,0.20,0.20
2008.02.21 12:07:58.628,0.9811,0.9813,0.40,0.20
2008.02.21 12:07:58.727,0.9811,0.9813,0.40,0.20
2008.02.21 12:07:58.792,0.9811,0.9813,0.40,0.20
2008.02.21 12:07:58.863,0.9811,0.9813,0.40,0.20
2008.02.21 12:07:58.995,0.9811,0.9813,0.40,0.20
2008.02.21 12:07:59.328,0.9811,0.9813,0.40,0.20
2008.02.21 12:08:00.579,0.9811,0.9813,0.40,0.20
2008.02.21 12:08:00.666,0.9811,0.9813,0.20,0.20
2008.02.21 12:08:00.756,0.9811,0.9813,0.20,0.20
2008.02.21 12:08:00.885,0.9811,0.9813,0.20,0.20
2008.02.21 12:08:00.974,0.9811,0.9813,0.20,0.20
2008.02.21 12:08:01.139,0.9811,0.9813,0.20,0.20
2008.02.21 12:08:01.406,0.98115,0.9813,0.20,0.20
2008.02.21 12:08:01.676,0.9812,0.9814,0.20,0.20
2008.02.21 12:08:01.945,0.9812,0.9814,0.20,0.20
2008.02.21 12:08:02.214,0.9812,0.9814,0.40,0.20
2008.02.21 12:08:02.419,0.9812,0.9814,0.40,0.20
2008.02.21 12:08:02.587,0.9812,0.9814,0.40,0.20
2008.02.21 12:08:02.941,0.9812,0.9814,0.40,0.20
2008.02.21 12:08:03.154,0.9812,0.9814,0.40,0.20
2008.02.21 12:08:03.894,0.9812,0.9814,0.40,0.20
2008.02.21 12:08:04.159,0.9812,0.9814,0.40,0.20
2008.02.21 12:08:04.874,0.9812,0.9814,0.40,0.20
2008.02.21 12:08:05.179,0.9812,0.9814,0.40,0.20
2008.02.21 12:08:06.415,0.9812,0.9814,0.40,0.20
2008.02.21 12:08:06.734,0.9812,0.9814,0.40,0.20
2008.02.21 12:08:06.922,0.9812,0.9814,0.40,0.20
2008.02.21 12:08:07.158,0.9812,0.9814,0.40,0.20
2008.02.21 12:08:07.434,0.9812,0.9814,0.40,0.20
2008.02.21 12:08:07.768,0.9812,0.9814,0.40,0.20
2008.02.21 12:08:09.468,0.9812,0.9814,0.40,0.20
2008.02.21 12:08:09.581,0.9812,0.9814,0.40,0.20
2008.02.21 12:08:09.695,0.9812,0.9814,0.40,0.20
2008.02.21 12:08:09.808,0.9812,0.9814,0.40,0.20
2008.02.21 12:08:10.193,0.9812,0.9814,0.40,0.20
2008.02.21 12:08:11.632,0.9812,0.9813,0.40,0.20
2008.02.21 12:08:11.816,0.9812,0.9813,0.20,0.20
2008.02.21 12:08:11.980,0.9812,0.9813,0.20,0.20
2008.02.21 12:08:12.283,0.9812,0.9814,0.20,0.20
2008.02.21 12:08:12.588,0.9812,0.9814,0.20,0.20
2008.02.21 12:08:12.892,0.9812,0.9814,0.20,0.20
2008.02.21 12:08:13.065,0.9811,0.9814,0.40,0.20
2008.02.21 12:08:13.228,0.9811,0.9814,0.40,0.40
2008.02.21 12:08:13.619,0.98115,0.9814,0.20,0.20
2008.02.21 12:08:13.783,0.98115,0.9814,0.20,0.20
2008.02.21 12:08:13.946,0.98115,0.9814,0.20,0.20
2008.02.21 12:08:14.189,0.98115,0.9814,0.20,0.20
2008.02.21 12:08:14.897,0.98115,0.9814,0.20,0.20
2008.02.21 12:08:15.140,0.9811,0.9814,0.40,0.20
2008.02.21 12:08:15.279,0.9811,0.9813,0.40,0.20
2008.02.21 12:08:16.729,0.9811,0.9813,0.40,0.20
2008.02.21 12:08:16.828,0.9811,0.9813,0.40,0.20
2008.02.21 12:08:16.930,0.9811,0.9813,0.40,0.20
2008.02.21 12:08:18.815,0.9811,0.9813,0.40,0.20
2008.02.21 12:08:18.984,0.9811,0.9813,0.40,0.20
2008.02.21 12:08:19.510,0.9811,0.9813,0.40,0.20
2008.02.21 12:08:20.232,0.9811,0.9813,0.40,0.20
2008.02.21 12:08:20.448,0.9811,0.9813,0.40,0.20
2008.02.21 12:08:23.274,0.9811,0.9813,0.40,0.20
2008.02.21 12:08:23.674,0.9811,0.9813,0.40,0.20
2008.02.21 12:08:24.397,0.9811,0.9813,0.40,0.20
2008.02.21 12:08:25.403,0.9811,0.9813,0.40,0.20
2008.02.21 12:08:25.521,0.9811,0.9813,0.40,0.20
2008.02.21 12:08:25.638,0.9811,0.9813,0.40,0.20
2008.02.21 12:08:25.932,0.9811,0.9813,0.40,0.20
2008.02.21 12:08:29.629,0.9811,0.9813,0.40,0.20
2008.02.21 12:08:29.735,0.9811,0.9813,0.40,0.20
2008.02.21 12:08:30.426,0.9811,0.9813,0.40,0.20
2008.02.21 12:08:30.667,0.9811,0.9813,0.40,0.20
2008.02.21 12:08:41.369,0.9811,0.9813,0.40,0.20
2008.02.21 12:08:41.483,0.9812,0.9814,0.20,0.20
2008.02.21 12:08:41.596,0.9812,0.9814,0.20,0.20
2008.02.21 12:08:41.710,0.9812,0.9814,0.20,0.20
2008.02.21 12:08:41.823,0.9812,0.9813,0.20,0.20
2008.02.21 12:08:41.937,0.9812,0.9813,0.20,0.20
2008.02.21 12:08:42.211,0.9812,0.9813,0.20,0.20
2008.02.21 12:08:42.697,0.9812,0.9813,0.20,0.20
2008.02.21 12:08:43.136,0.9812,0.9813,0.20,0.20
2008.02.21 12:08:43.447,0.9812,0.9813,0.20,0.20
2008.02.21 12:08:44.842,0.9812,0.9813,0.20,0.20
2008.02.21 12:08:44.984,0.9812,0.9813,0.20,0.20
2008.02.21 12:08:45.347,0.9812,0.9813,0.20,0.20
2008.02.21 12:08:46.378,0.9812,0.9813,0.20,0.20
2008.02.21 12:08:47.200,0.9812,0.9813,0.20,0.20
2008.02.21 12:08:50.027,0.9812,0.9813,0.20,0.20
2008.02.21 12:08:50.171,0.9812,0.9813,0.20,0.20
2008.02.21 12:08:53.035,0.9812,0.9813,0.20,0.20
2008.02.21 12:08:56.170,0.9812,0.9813,0.20,0.20
2008.02.21 12:08:56.701,0.9812,0.9813,0.20,0.20
2008.02.21 12:08:57.479,0.9812,0.9813,0.20,0.20
2008.02.21 12:09:02.791,0.9812,0.9813,0.20,0.20
2008.02.21 12:09:05.985,0.9812,0.9813,0.20,0.20
2008.02.21 12:09:07.412,0.9812,0.9813,0.20,0.20
2008.02.21 12:09:07.526,0.9812,0.9814,0.20,0.20
2008.02.21 12:09:07.636,0.9812,0.9814,0.20,0.20
2008.02.21 12:09:07.747,0.9812,0.98135,0.20,0.60
2008.02.21 12:09:08.142,0.9812,0.98135,0.20,0.60
2008.02.21 12:09:19.433,0.9812,0.98135,0.20,4.00
2008.02.21 12:09:20.960,0.9812,0.98135,0.20,4.00
2008.02.21 12:09:21.063,0.9812,0.9814,0.20,0.20
2008.02.21 12:09:22.494,0.9812,0.9814,0.20,0.20
2008.02.21 12:09:24.191,0.9812,0.9814,0.20,0.20
2008.02.21 12:09:24.275,0.9812,0.98135,0.20,2.40
2008.02.21 12:09:24.367,0.9812,0.98135,0.20,2.40
2008.02.21 12:09:24.450,0.9812,0.9814,0.20,0.20
2008.02.21 12:09:24.533,0.9812,0.9814,0.20,0.20
2008.02.21 12:09:24.668,0.9812,0.9813,0.20,0.20
2008.02.21 12:09:24.754,0.9812,0.9813,0.20,0.20
2008.02.21 12:09:24.837,0.9812,0.9813,0.20,0.20
2008.02.21 12:09:24.972,0.9812,0.9813,0.20,0.20
2008.02.21 12:09:25.058,0.9812,0.9813,0.20,0.20
2008.02.21 12:09:25.391,0.9812,0.9813,0.20,0.20
2008.02.21 12:09:26.711,0.9812,0.9813,0.20,0.20
2008.02.21 12:09:26.822,0.9812,0.9813,0.20,0.20
2008.02.21 12:09:26.937,0.98105,0.9813,0.20,0.20
2008.02.21 12:09:27.051,0.98105,0.9813,0.20,0.20
2008.02.21 12:09:27.229,0.98105,0.9813,0.20,0.20
2008.02.21 12:09:27.468,0.9811,0.9813,0.20,0.20
2008.02.21 12:09:27.716,0.9811,0.9813,0.20,0.20
2008.02.21 12:09:27.963,0.9811,0.9813,0.20,0.20
2008.02.21 12:09:28.441,0.9811,0.9813,0.20,0.20
2008.02.21 12:09:29.212,0.9811,0.9813,0.20,0.20
2008.02.21 12:09:32.500,0.9811,0.9813,0.20,0.20
2008.02.21 12:09:32.684,0.9811,0.9813,0.20,0.20
2008.02.21 12:09:32.868,0.9811,0.9813,0.20,0.20
2008.02.21 12:09:33.053,0.9811,0.9813,0.20,0.20
2008.02.21 12:09:33.236,0.9811,0.9813,0.20,0.20
2008.02.21 12:09:33.419,0.9811,0.9813,0.20,0.20
2008.02.21 12:09:33.682,0.9811,0.9813,0.20,0.20
2008.02.21 12:09:33.936,0.9811,0.9813,0.20,0.20
2008.02.21 12:09:34.190,0.9811,0.9813,0.20,0.20
2008.02.21 12:09:35.382,0.9811,0.9813,0.20,0.20
2008.02.21 12:09:35.498,0.9811,0.9813,0.20,0.20
2008.02.21 12:09:35.610,0.9811,0.9813,0.20,0.20
2008.02.21 12:09:35.840,0.9811,0.9813,0.20,0.20
2008.02.21 12:09:36.068,0.9811,0.9813,0.20,0.20
2008.02.21 12:09:36.655,0.9811,0.9813,0.20,0.20
2008.02.21 12:09:36.819,0.9811,0.9813,0.20,0.20
2008.02.21 12:09:36.983,0.9811,0.9813,0.20,0.20
2008.02.21 12:09:37.147,0.9811,0.9813,0.20,0.20
2008.02.21 12:09:37.311,0.9811,0.9813,0.20,0.20
2008.02.21 12:09:37.512,0.9811,0.9813,0.20,0.20
2008.02.21 12:09:37.727,0.9811,0.9813,0.20,0.20
2008.02.21 12:09:38.061,0.9811,0.9813,0.20,0.20
2008.02.21 12:09:38.650,0.98115,0.9813,0.20,0.20
2008.02.21 12:09:38.807,0.98115,0.9813,0.20,0.20
2008.02.21 12:09:38.966,0.9811,0.9813,0.40,0.20
2008.02.21 12:09:39.125,0.9811,0.9813,0.20,0.20
2008.02.21 12:09:39.285,0.9811,0.9813,0.20,0.20
2008.02.21 12:09:39.483,0.9811,0.9813,0.20,0.20
2008.02.21 12:09:39.640,0.9811,0.9813,0.20,0.20
2008.02.21 12:09:39.888,0.9811,0.9813,0.20,0.20
2008.02.21 12:09:40.137,0.9811,0.9813,0.20,0.20
2008.02.21 12:09:40.707,0.9811,0.9813,0.20,0.20
2008.02.21 12:09:43.717,0.9811,0.9813,0.20,0.20
2008.02.21 12:09:44.136,0.9811,0.9813,0.20,0.20
2008.02.21 12:09:44.366,0.9811,0.9813,0.20,0.20
2008.02.21 12:09:44.595,0.9811,0.9813,0.20,0.20
2008.02.21 12:09:44.823,0.9811,0.9813,0.20,0.20
2008.02.21 12:09:45.480,0.9811,0.9813,0.20,0.20
2008.02.21 12:09:46.013,0.9811,0.9813,0.20,0.20
2008.02.21 12:09:46.336,0.9811,0.9813,0.40,0.20
2008.02.21 12:09:46.590,0.9811,0.9813,0.40,0.20
2008.02.21 12:09:46.843,0.9811,0.9813,0.40,0.20
2008.02.21 12:09:47.097,0.98115,0.9813,0.20,0.20
2008.02.21 12:09:47.351,0.98115,0.9814,0.20,0.20
2008.02.21 12:09:47.504,0.98115,0.9814,0.20,0.20
2008.02.21 12:09:47.690,0.98115,0.9814,0.20,0.20
2008.02.21 12:09:48.401,0.98115,0.9814,0.20,0.20
2008.02.21 12:09:49.228,0.98115,0.9814,0.20,0.20
2008.02.21 12:09:49.754,0.98115,0.9814,0.20,0.20
2008.02.21 12:09:50.275,0.98115,0.9814,0.20,0.20
2008.02.21 12:09:50.565,0.98115,0.9814,0.20,0.20
2008.02.21 12:09:51.065,0.98115,0.9814,0.20,0.20
2008.02.21 12:09:51.348,0.9811,0.9814,0.40,0.20
2008.02.21 12:09:51.541,0.9811,0.9814,0.40,0.20
2008.02.21 12:09:51.734,0.9811,0.9814,0.40,0.20
2008.02.21 12:09:54.871,0.9811,0.9814,0.40,0.20
2008.02.21 12:09:55.243,0.9811,0.9814,0.40,0.20
2008.02.21 12:09:55.961,0.9811,0.9814,0.40,0.20
2008.02.21 12:09:57.308,0.9811,0.9814,0.40,0.20
2008.02.21 12:09:57.923,0.9811,0.9814,0.40,0.20
2008.02.21 12:09:58.446,0.9811,0.9814,0.40,0.20
2008.02.21 12:09:58.684,0.9811,0.9814,0.40,0.20
2008.02.21 12:10:03.326,0.98125,0.9814,0.20,0.20
2008.02.21 12:10:03.370,0.98125,0.9814,0.20,0.20
2008.02.21 12:10:03.427,0.9813,0.98145,0.20,0.60
2008.02.21 12:10:03.472,0.9813,0.98145,0.20,0.60
2008.02.21 12:10:03.519,0.9813,0.98145,0.20,0.50
2008.02.21 12:10:03.567,0.9813,0.98145,0.20,0.50
2008.02.21 12:10:03.611,0.9813,0.98145,0.20,0.60
2008.02.21 12:10:03.653,0.98125,0.98145,2.40,0.60
2008.02.21 12:10:03.698,0.9812,0.9815,0.40,0.40
2008.02.21 12:10:03.741,0.9812,0.9815,0.40,0.40
2008.02.21 12:10:03.891,0.9812,0.9815,0.40,0.40
2008.02.21 12:10:04.103,0.9812,0.9815,0.40,0.40
2008.02.21 12:10:04.371,0.9812,0.9815,0.40,0.40
2008.02.21 12:10:04.639,0.9812,0.9815,0.20,0.40
2008.02.21 12:10:04.908,0.9812,0.98145,0.20,0.50
2008.02.21 12:10:05.176,0.9812,0.98145,0.20,0.60
2008.02.21 12:10:05.729,0.9812,0.98145,0.20,0.50
2008.02.21 12:10:06.256,0.9812,0.98145,0.20,0.50
2008.02.21 12:10:07.149,0.9812,0.98145,0.20,0.60
2008.02.21 12:10:07.227,0.9812,0.98145,0.20,0.60
2008.02.21 12:10:07.426,0.9812,0.98145,0.20,0.50
2008.02.21 12:10:07.505,0.9813,0.98145,0.20,0.60
2008.02.21 12:10:07.590,0.9813,0.98145,0.20,0.60
2008.02.21 12:10:07.668,0.9813,0.98145,0.20,0.50
2008.02.21 12:10:07.747,0.9813,0.98145,0.20,0.50
2008.02.21 12:10:08.202,0.9813,0.98145,0.20,0.60
2008.02.21 12:10:08.519,0.9813,0.98145,0.20,0.60
2008.02.21 12:10:10.170,0.9813,0.98145,0.20,0.50
2008.02.21 12:10:10.267,0.9813,0.98145,0.20,0.50
2008.02.21 12:10:10.394,0.9813,0.98145,0.20,0.50
2008.02.21 12:10:10.484,0.9813,0.98145,0.20,0.50
2008.02.21 12:10:10.747,0.9813,0.9814,0.20,0.20
2008.02.21 12:10:11.165,0.9813,0.9814,0.20,0.20
2008.02.21 12:10:11.253,0.9812,0.9814,0.20,0.20
2008.02.21 12:10:11.483,0.98115,0.9814,0.20,0.20
2008.02.21 12:10:11.713,0.98115,0.9814,0.20,0.20
2008.02.21 12:10:11.942,0.98115,0.9814,0.20,0.20
2008.02.21 12:10:12.181,0.98115,0.9814,0.20,0.20
2008.02.21 12:10:12.439,0.98115,0.9814,0.20,0.20
2008.02.21 12:10:12.715,0.98115,0.9814,0.20,0.20
2008.02.21 12:10:13.215,0.98115,0.9814,0.20,0.20
2008.02.21 12:10:13.512,0.98115,0.9814,0.20,0.20
2008.02.21 12:10:15.210,0.98115,0.9814,0.20,0.20
2008.02.21 12:10:15.632,0.98115,0.9814,0.20,0.20
2008.02.21 12:10:15.746,0.98115,0.9814,0.60,0.20
2008.02.21 12:10:15.983,0.98115,0.9814,0.60,0.20
2008.02.21 12:10:16.145,0.98115,0.9814,0.20,0.20
2008.02.21 12:10:16.260,0.9812,0.9814,0.20,0.20
2008.02.21 12:10:16.375,0.9812,0.9814,0.40,0.20
2008.02.21 12:10:19.645,0.9812,0.9814,0.40,0.20
2008.02.21 12:10:19.862,0.9812,0.9814,0.40,0.20
2008.02.21 12:10:19.986,0.9812,0.9814,0.40,0.20
2008.02.21 12:10:20.110,0.98125,0.9814,0.20,0.20
2008.02.21 12:10:20.242,0.98125,0.9814,0.20,0.20
2008.02.21 12:10:20.366,0.98125,0.9814,0.20,0.20
2008.02.21 12:10:20.490,0.98125,0.9814,0.20,0.20
2008.02.21 12:10:20.999,0.98125,0.9814,0.20,0.20
2008.02.21 12:10:21.497,0.98125,0.9814,0.20,0.20
2008.02.21 12:10:21.672,0.9812,0.9814,0.40,0.20
2008.02.21 12:10:21.822,0.9812,0.9814,0.40,0.20
2008.02.21 12:10:21.979,0.9812,0.9814,0.40,0.20
2008.02.21 12:10:22.648,0.9812,0.9814,0.40,0.20
2008.02.21 12:10:23.067,0.9812,0.9814,0.40,0.20
2008.02.21 12:10:24.386,0.9812,0.9814,0.20,0.20
2008.02.21 12:10:24.525,0.9812,0.9814,0.20,0.20
2008.02.21 12:10:24.688,0.9812,0.9814,0.20,0.20
2008.02.21 12:10:24.852,0.9812,0.9814,0.20,0.20
2008.02.21 12:10:25.385,0.9812,0.9814,0.20,0.20
2008.02.21 12:10:25.549,0.98115,0.9814,0.20,0.20
2008.02.21 12:10:25.688,0.9811,0.9814,0.40,0.20
2008.02.21 12:10:25.827,0.98115,0.9814,0.20,0.20
2008.02.21 12:10:25.964,0.98115,0.9814,0.20,0.20
2008.02.21 12:10:26.104,0.98115,0.9814,0.20,0.20
2008.02.21 12:10:27.402,0.98115,0.9814,0.20,0.20
2008.02.21 12:10:28.146,0.98115,0.9814,0.20,0.20
2008.02.21 12:10:28.238,0.9811,0.9814,0.40,0.20
2008.02.21 12:10:28.332,0.98115,0.9814,0.20,0.20
2008.02.21 12:10:28.426,0.98115,0.9814,0.20,0.20
2008.02.21 12:10:28.531,0.98115,0.9814,0.20,0.20
2008.02.21 12:10:28.624,0.98115,0.9814,0.20,0.20
2008.02.21 12:10:28.926,0.98115,0.9813,0.20,0.20
2008.02.21 12:10:29.209,0.98115,0.9814,0.20,0.20
2008.02.21 12:10:30.099,0.98115,0.9814,0.20,0.20
2008.02.21 12:10:30.232,0.98115,0.9814,0.20,0.20
2008.02.21 12:10:30.366,0.9812,0.9814,0.20,0.20
2008.02.21 12:10:30.500,0.9812,0.9814,0.20,0.20
2008.02.21 12:10:30.632,0.9812,0.9814,0.20,0.20
2008.02.21 12:10:30.767,0.9812,0.9814,0.20,0.20
2008.02.21 12:10:30.942,0.9812,0.9814,0.20,0.40
2008.02.21 12:10:31.128,0.9811,0.9814,0.20,0.40
2008.02.21 12:10:31.301,0.9811,0.9814,0.40,0.20
2008.02.21 12:10:31.475,0.9811,0.9814,0.40,0.20
2008.02.21 12:10:31.648,0.98115,0.9814,0.20,0.20
2008.02.21 12:10:31.821,0.98115,0.9814,0.20,0.20
2008.02.21 12:10:32.155,0.9811,0.9814,0.40,0.20
2008.02.21 12:10:32.489,0.9811,0.9814,0.40,0.20
2008.02.21 12:10:33.449,0.9811,0.9814,0.40,0.20
2008.02.21 12:10:34.700,0.9811,0.9814,0.40,0.20
2008.02.21 12:10:35.734,0.9811,0.9814,0.40,0.20
2008.02.21 12:10:36.219,0.9811,0.9814,0.40,0.20
2008.02.21 12:10:37.983,0.9811,0.9814,0.40,0.20
2008.02.21 12:10:38.181,0.9811,0.9814,0.40,0.20
2008.02.21 12:10:38.230,0.9811,0.9814,0.40,0.20
2008.02.21 12:10:38.717,0.9811,0.9814,0.40,0.20
2008.02.21 12:10:39.708,0.9811,0.9814,0.40,0.20
2008.02.21 12:10:39.966,0.9811,0.9814,0.40,0.20
2008.02.21 12:10:40.884,0.9811,0.9814,0.40,0.20
2008.02.21 12:10:40.952,0.9811,0.9814,0.40,0.20
2008.02.21 12:10:41.020,0.9811,0.9814,0.40,0.20
2008.02.21 12:10:41.088,0.98115,0.9814,0.20,0.20
2008.02.21 12:10:41.209,0.98115,0.9814,0.20,0.20
2008.02.21 12:10:41.278,0.98115,0.9814,0.20,0.20
2008.02.21 12:10:41.519,0.98115,0.9814,0.20,0.20
2008.02.21 12:10:41.721,0.9811,0.9813,0.20,0.20
2008.02.21 12:10:41.905,0.9811,0.9813,0.20,0.20
2008.02.21 12:10:42.099,0.9811,0.9813,0.20,0.20
2008.02.21 12:10:42.443,0.9811,0.9813,0.40,0.20
2008.02.21 12:10:42.659,0.9811,0.9813,0.40,0.20
2008.02.21 12:10:42.858,0.98115,0.9813,0.20,0.20
2008.02.21 12:10:43.066,0.98115,0.9813,0.20,0.20
2008.02.21 12:10:43.275,0.98115,0.9813,0.20,0.20
2008.02.21 12:10:43.482,0.98115,0.9813,0.20,0.20
2008.02.21 12:10:43.755,0.98115,0.9813,0.20,0.20
2008.02.21 12:10:44.506,0.98115,0.9813,0.20,0.20
2008.02.21 12:10:46.920,0.98115,0.9813,0.20,0.20
2008.02.21 12:10:48.158,0.98115,0.9813,0.20,0.20
2008.02.21 12:10:48.604,0.98115,0.9813,0.20,0.20
2008.02.21 12:10:56.518,0.98115,0.9813,0.20,0.20
2008.02.21 12:10:57.774,0.98115,0.9813,0.20,0.20
2008.02.21 12:10:58.072,0.9813,0.98135,0.20,0.20
2008.02.21 12:10:58.191,0.9813,0.98135,0.20,0.20
2008.02.21 12:10:58.265,0.9813,0.9815,0.40,0.20
2008.02.21 12:10:58.339,0.9813,0.9815,0.40,0.20
2008.02.21 12:10:58.412,0.9813,0.9815,0.20,0.20
2008.02.21 12:10:58.494,0.9813,0.9815,0.20,0.20
2008.02.21 12:10:58.602,0.9813,0.98145,0.20,0.20
2008.02.21 12:10:58.677,0.98115,0.9814,4.80,0.20
2008.02.21 12:10:58.900,0.9812,0.9814,0.20,0.20
2008.02.21 12:10:59.123,0.9812,0.9814,0.20,0.20
2008.02.21 12:10:59.347,0.98125,0.9814,0.20,0.20
2008.02.21 12:10:59.571,0.98125,0.9814,0.20,0.20
2008.02.21 12:10:59.794,0.98125,0.9814,0.20,0.20
2008.02.21 12:10:59.992,0.98125,0.9814,0.20,0.20
2008.02.21 12:11:00.200,0.98125,0.9814,0.20,0.20
2008.02.21 12:11:00.400,0.9813,0.9814,0.20,0.20
2008.02.21 12:11:00.599,0.9813,0.9814,0.20,0.20
2008.02.21 12:11:00.798,0.9813,0.9815,0.20,0.20
2008.02.21 12:11:01.392,0.9813,0.9815,0.20,0.20
2008.02.21 12:11:01.576,0.9813,0.9815,0.20,0.20
2008.02.21 12:11:01.761,0.98125,0.9815,0.20,0.20
2008.02.21 12:11:02.647,0.98125,0.9815,0.20,0.20
2008.02.21 12:11:02.952,0.98125,0.9815,0.20,0.20
2008.02.21 12:11:03.060,0.98125,0.9815,0.20,0.20
2008.02.21 12:11:03.169,0.98125,0.9815,2.50,0.20
2008.02.21 12:11:03.276,0.98125,0.9815,2.50,0.20
2008.02.21 12:11:03.465,0.98125,0.9815,2.50,0.20
2008.02.21 12:11:03.573,0.98125,0.9815,0.20,0.20
2008.02.21 12:11:03.682,0.9813,0.9815,0.20,0.20
2008.02.21 12:11:03.792,0.9813,0.9815,0.40,0.20
2008.02.21 12:11:03.901,0.9813,0.9815,0.20,0.20
2008.02.21 12:11:04.116,0.9813,0.9815,0.40,0.20
2008.02.21 12:11:04.329,0.9813,0.9815,0.40,0.20
2008.02.21 12:11:04.542,0.9813,0.9815,0.40,0.20
2008.02.21 12:11:04.755,0.9813,0.9815,0.40,0.20
2008.02.21 12:11:04.968,0.9813,0.9815,0.40,0.20
2008.02.21 12:11:05.183,0.9813,0.9815,0.40,0.20
2008.02.21 12:11:06.707,0.9813,0.9815,0.40,0.20
2008.02.21 12:11:07.815,0.9813,0.9815,0.20,0.20
2008.02.21 12:11:07.964,0.9813,0.9815,0.20,0.20
2008.02.21 12:11:08.052,0.9813,0.9815,0.20,0.20
2008.02.21 12:11:08.167,0.9813,0.9815,0.20,0.20
2008.02.21 12:11:08.280,0.9813,0.9815,0.20,0.20
2008.02.21 12:11:08.478,0.9813,0.9815,0.20,0.20
2008.02.21 12:11:09.995,0.9813,0.9815,0.20,0.20
2008.02.21 12:11:10.234,0.9813,0.9815,0.20,0.20
2008.02.21 12:11:10.507,0.9813,0.9815,0.20,0.20
2008.02.21 12:11:10.598,0.9813,0.9815,0.20,0.20
2008.02.21 12:11:10.816,0.9813,0.9815,0.20,0.20
2008.02.21 12:11:11.139,0.9813,0.9815,0.20,0.20
2008.02.21 12:11:11.226,0.9813,0.9815,0.20,0.20
2008.02.21 12:11:12.734,0.9813,0.9815,0.20,0.20
2008.02.21 12:11:14.748,0.9813,0.98145,0.20,0.60
2008.02.21 12:11:18.696,0.9813,0.9815,0.20,0.20
2008.02.21 12:11:20.963,0.9813,0.9815,0.20,0.20
2008.02.21 12:11:21.029,0.9813,0.9815,0.20,0.20
2008.02.21 12:11:21.088,0.9813,0.9815,0.20,0.20
2008.02.21 12:11:21.132,0.9813,0.9815,0.40,0.20
2008.02.21 12:11:21.195,0.9813,0.9815,0.40,0.20
2008.02.21 12:11:21.239,0.9813,0.9815,0.40,0.20
2008.02.21 12:11:23.243,0.9813,0.9815,0.40,0.20
2008.02.21 12:11:23.659,0.9813,0.9815,0.40,0.20
2008.02.21 12:11:23.970,0.9813,0.9815,0.40,0.20
2008.02.21 12:11:26.698,0.9813,0.9815,0.40,0.20
2008.02.21 12:11:28.462,0.9813,0.9815,0.40,0.20
2008.02.21 12:11:28.681,0.9813,0.9815,0.20,0.20
2008.02.21 12:11:28.899,0.9813,0.9815,0.20,0.20
2008.02.21 12:11:29.103,0.9813,0.9815,0.20,0.20
2008.02.21 12:11:29.306,0.9813,0.9815,0.20,0.20
2008.02.21 12:11:29.509,0.9813,0.9815,0.20,0.20
2008.02.21 12:11:29.712,0.9813,0.9814,0.20,0.20
2008.02.21 12:11:30.666,0.9813,0.9814,0.20,0.20
2008.02.21 12:11:36.541,0.9813,0.9814,0.20,0.20
2008.02.21 12:11:38.998,0.9813,0.9814,0.20,0.20
2008.02.21 12:11:39.199,0.9813,0.9814,0.20,0.20
2008.02.21 12:11:40.453,0.9813,0.9814,0.20,0.20
2008.02.21 12:11:40.711,0.9813,0.9814,0.20,0.20
2008.02.21 12:11:40.962,0.9813,0.9814,0.20,0.20
2008.02.21 12:11:41.221,0.9813,0.9814,0.20,0.20
2008.02.21 12:11:42.579,0.9813,0.9814,0.20,0.20
2008.02.21 12:11:42.637,0.9813,0.9814,0.20,0.20
2008.02.21 12:11:42.696,0.9813,0.9814,0.20,0.20
2008.02.21 12:11:42.755,0.9813,0.9814,0.20,0.20
2008.02.21 12:11:42.885,0.9813,0.9814,0.20,0.20
2008.02.21 12:11:42.944,0.98115,0.9814,2.50,0.20
2008.02.21 12:11:43.002,0.98115,0.9814,0.20,0.20
2008.02.21 12:11:43.061,0.98115,0.9814,0.20,0.20
2008.02.21 12:11:43.528,0.98115,0.9814,0.20,0.20
2008.02.21 12:11:43.790,0.98115,0.9814,0.20,0.20
2008.02.21 12:11:44.047,0.98115,0.9814,0.20,0.20
2008.02.21 12:11:44.318,0.98115,0.9814,0.20,0.20
2008.02.21 12:11:44.577,0.98115,0.9814,0.20,0.20
2008.02.21 12:11:44.768,0.98115,0.9814,0.20,0.20
2008.02.21 12:11:45.046,0.9811,0.9814,0.40,0.20
2008.02.21 12:11:45.220,0.9811,0.9814,0.40,0.20
2008.02.21 12:11:45.402,0.9811,0.9814,0.40,0.20
2008.02.21 12:11:45.567,0.9811,0.9814,0.40,0.20
2008.02.21 12:11:45.836,0.9811,0.9813,0.40,0.20
2008.02.21 12:11:46.105,0.9811,0.9813,0.40,0.20
2008.02.21 12:11:46.374,0.9811,0.9813,0.40,0.20
2008.02.21 12:11:46.860,0.9811,0.9813,0.40,0.20
2008.02.21 12:11:47.078,0.9811,0.9813,0.40,0.20
2008.02.21 12:11:47.470,0.9811,0.9813,0.40,0.20
2008.02.21 12:11:47.690,0.9811,0.9813,0.40,0.20
2008.02.21 12:11:47.828,0.9811,0.9813,0.40,0.20
2008.02.21 12:11:47.966,0.9811,0.9813,0.40,0.20
2008.02.21 12:11:48.105,0.9811,0.9813,0.40,0.20
2008.02.21 12:11:50.059,0.9811,0.9813,0.40,0.20
2008.02.21 12:11:50.125,0.9811,0.9813,0.40,0.20
2008.02.21 12:11:50.272,0.9811,0.9813,0.40,0.20
2008.02.21 12:11:50.322,0.9811,0.9813,0.40,0.20
2008.02.21 12:11:50.470,0.9811,0.9813,0.40,0.20
2008.02.21 12:11:50.714,0.9811,0.9813,0.40,0.20
2008.02.21 12:11:50.793,0.9811,0.9813,0.40,0.20
2008.02.21 12:11:51.071,0.9811,0.9813,0.20,0.20
2008.02.21 12:11:51.405,0.9811,0.9812,0.20,0.20
2008.02.21 12:11:51.739,0.9811,0.9812,0.20,0.20
2008.02.21 12:11:52.169,0.9811,0.9812,0.20,0.20
2008.02.21 12:11:52.278,0.9811,0.9812,0.20,0.20
2008.02.21 12:11:54.747,0.9811,0.9812,0.20,0.20
2008.02.21 12:11:57.437,0.9811,0.9812,0.20,0.20
2008.02.21 12:11:59.514,0.9811,0.9812,0.20,0.20
2008.02.21 12:11:59.595,0.9811,0.9812,0.20,0.20
2008.02.21 12:11:59.644,0.9811,0.9812,0.20,0.20
2008.02.21 12:11:59.759,0.9811,0.9812,0.20,0.20
2008.02.21 12:11:59.808,0.9811,0.9812,0.20,0.20
2008.02.21 12:12:01.461,0.9811,0.9812,0.20,0.20
2008.02.21 12:12:02.284,0.9811,0.9812,0.20,0.20
2008.02.21 12:12:02.708,0.9811,0.9812,0.20,0.20
2008.02.21 12:12:03.014,0.9811,0.9812,0.20,0.20
2008.02.21 12:12:03.213,0.9811,0.9812,0.20,0.20
2008.02.21 12:12:03.412,0.981,0.9811,0.20,0.20
2008.02.21 12:12:03.610,0.981,0.9811,0.20,0.20
2008.02.21 12:12:03.794,0.981,0.9811,0.20,0.20
2008.02.21 12:12:04.166,0.981,0.9811,0.20,0.20
2008.02.21 12:12:04.349,0.981,0.9811,0.20,0.20
2008.02.21 12:12:04.532,0.981,0.9812,0.40,0.20
2008.02.21 12:12:04.700,0.981,0.9812,0.40,0.20
2008.02.21 12:12:04.869,0.981,0.9812,0.40,0.20
2008.02.21 12:12:05.037,0.981,0.9812,0.40,0.20
2008.02.21 12:12:05.205,0.981,0.9812,0.40,0.20
2008.02.21 12:12:05.901,0.981,0.9812,0.40,0.20
2008.02.21 12:12:06.133,0.98105,0.9812,0.20,0.20
2008.02.21 12:12:06.341,0.98105,0.9812,0.20,0.20
2008.02.21 12:12:06.742,0.98105,0.9812,0.20,0.20
2008.02.21 12:12:07.619,0.98105,0.9813,0.20,0.20
2008.02.21 12:12:07.892,0.98105,0.9813,1.20,0.20
2008.02.21 12:12:08.031,0.98105,0.9813,0.60,0.20
2008.02.21 12:12:08.158,0.9811,0.9813,0.20,0.20
2008.02.21 12:12:08.287,0.9811,0.9813,0.20,0.20
2008.02.21 12:12:08.417,0.9811,0.9813,0.20,0.20
2008.02.21 12:12:08.546,0.9811,0.9813,0.40,0.20
2008.02.21 12:12:08.798,0.9811,0.9813,0.40,0.20
2008.02.21 12:12:09.051,0.9811,0.9813,0.40,0.20
2008.02.21 12:12:13.894,0.9811,0.9813,0.40,0.20
2008.02.21 12:12:14.003,0.9811,0.9813,0.20,0.20
2008.02.21 12:12:14.111,0.9811,0.9813,0.20,0.20
2008.02.21 12:12:15.577,0.9811,0.9813,0.20,0.20
2008.02.21 12:12:15.840,0.9811,0.9813,0.20,0.20
2008.02.21 12:12:15.964,0.9811,0.9813,0.20,0.20
2008.02.21 12:12:16.034,0.9811,0.9813,0.20,0.20
2008.02.21 12:12:16.602,0.9811,0.9813,0.20,0.20
2008.02.21 12:12:16.679,0.9811,0.9813,0.20,0.20
2008.02.21 12:12:16.749,0.9811,0.9813,0.20,0.20
2008.02.21 12:12:16.818,0.9811,0.9813,0.20,0.20
2008.02.21 12:12:17.018,0.9811,0.9813,0.20,0.20
2008.02.21 12:12:17.329,0.9811,0.9813,0.20,0.20
2008.02.21 12:12:17.528,0.9811,0.9813,0.20,0.20
2008.02.21 12:12:17.728,0.98105,0.9813,0.50,0.20
2008.02.21 12:12:17.927,0.98105,0.9813,1.50,0.20
2008.02.21 12:12:18.110,0.98105,0.9813,1.00,0.20
2008.02.21 12:12:18.293,0.9811,0.9813,0.20,0.20
2008.02.21 12:12:19.306,0.9811,0.9813,0.20,0.20
2008.02.21 12:12:19.512,0.9811,0.9813,0.20,0.20
2008.02.21 12:12:20.439,0.9811,0.9813,0.20,0.20
2008.02.21 12:12:21.562,0.9811,0.9813,0.40,0.20
2008.02.21 12:12:23.467,0.9811,0.9813,0.40,0.20
2008.02.21 12:12:23.661,0.98115,0.9813,0.20,0.20
2008.02.21 12:12:23.748,0.98115,0.9813,0.20,0.20
2008.02.21 12:12:23.882,0.98115,0.9813,0.20,0.20
2008.02.21 12:12:24.043,0.98115,0.9813,0.20,0.20
2008.02.21 12:12:24.130,0.98115,0.9814,0.20,0.20
2008.02.21 12:12:25.227,0.98115,0.9814,0.20,0.20
2008.02.21 12:12:25.350,0.9812,0.9814,0.20,0.20
2008.02.21 12:12:25.462,0.9812,0.9814,0.20,0.20
2008.02.21 12:12:25.576,0.9812,0.9814,0.20,0.20
2008.02.21 12:12:25.733,0.9812,0.9814,0.20,0.20
2008.02.21 12:12:25.845,0.9812,0.9814,0.20,0.20
2008.02.21 12:12:25.958,0.98115,0.9814,2.50,0.20
2008.02.21 12:12:26.072,0.98115,0.9814,0.20,0.20
2008.02.21 12:12:26.354,0.98115,0.9814,2.50,0.20
2008.02.21 12:12:26.663,0.98115,0.9814,0.20,0.20
2008.02.21 12:12:26.971,0.98115,0.9814,0.20,0.20
2008.02.21 12:12:27.280,0.98115,0.9814,0.20,0.20
2008.02.21 12:12:27.428,0.98115,0.9814,0.20,0.20
2008.02.21 12:12:27.696,0.98115,0.9814,0.20,0.20
2008.02.21 12:12:27.911,0.98115,0.9814,0.20,0.20
2008.02.21 12:12:28.061,0.98115,0.9814,0.20,0.20
2008.02.21 12:12:28.310,0.9812,0.9814,0.20,0.20
2008.02.21 12:12:28.485,0.9812,0.9814,0.40,0.20
2008.02.21 12:12:28.658,0.9812,0.9814,0.40,0.20
2008.02.21 12:12:28.832,0.9812,0.9814,0.40,0.20
2008.02.21 12:12:29.005,0.9812,0.9814,0.40,0.20
2008.02.21 12:12:29.178,0.9813,0.9814,0.20,0.20
2008.02.21 12:12:29.352,0.9813,0.9814,0.20,0.20
2008.02.21 12:12:29.547,0.9813,0.9815,0.20,0.20
2008.02.21 12:12:29.740,0.9813,0.9815,0.20,0.20
2008.02.21 12:12:29.934,0.9813,0.9815,0.20,0.20
2008.02.21 12:12:30.128,0.9813,0.9815,0.20,0.20
2008.02.21 12:12:30.320,0.9813,0.9815,0.20,0.20
2008.02.21 12:12:30.514,0.9813,0.9815,0.20,0.20
2008.02.21 12:12:31.751,0.9813,0.9815,0.20,0.20
2008.02.21 12:12:31.879,0.9813,0.9815,0.40,0.20
2008.02.21 12:12:32.010,0.9813,0.9815,0.40,0.20
2008.02.21 12:12:32.138,0.9813,0.9815,0.40,0.20
2008.02.21 12:12:32.267,0.9813,0.9815,0.20,0.20
2008.02.21 12:12:32.787,0.9813,0.9815,0.20,0.20
2008.02.21 12:12:33.026,0.9813,0.9815,0.20,0.20
2008.02.21 12:12:33.700,0.9813,0.9815,0.20,0.20
2008.02.21 12:12:33.898,0.9813,0.9815,0.20,0.20
2008.02.21 12:12:34.106,0.9813,0.9815,0.20,0.20
2008.02.21 12:12:34.307,0.9813,0.9815,0.20,0.20
2008.02.21 12:12:34.505,0.9813,0.9815,0.20,0.20
2008.02.21 12:12:34.694,0.9813,0.9815,0.20,0.20
2008.02.21 12:12:34.882,0.9813,0.9815,0.20,0.20
2008.02.21 12:12:35.261,0.9813,0.9815,0.20,0.20
2008.02.21 12:12:39.201,0.9813,0.9815,0.40,0.20
2008.02.21 12:12:39.619,0.9813,0.9815,0.20,0.20
2008.02.21 12:12:39.762,0.9813,0.9815,0.20,0.20
2008.02.21 12:12:39.842,0.9813,0.9815,0.20,0.20
2008.02.21 12:12:39.931,0.9813,0.9815,0.20,0.20
2008.02.21 12:12:40.109,0.9813,0.9815,0.20,0.20
2008.02.21 12:12:40.279,0.9813,0.9815,0.20,0.20
2008.02.21 12:12:40.676,0.9813,0.9815,0.20,0.20
2008.02.21 12:12:40.845,0.9813,0.9815,0.20,0.20
2008.02.21 12:12:41.143,0.9813,0.9815,0.20,0.20
2008.02.21 12:12:41.440,0.9813,0.9815,0.20,0.20
2008.02.21 12:12:41.805,0.9813,0.9815,0.20,0.20
2008.02.21 12:12:42.011,0.9813,0.9815,0.20,0.20
2008.02.21 12:12:42.213,0.9813,0.9815,0.20,0.20
2008.02.21 12:12:42.417,0.9813,0.9815,0.20,0.20
2008.02.21 12:12:42.621,0.9813,0.9815,0.20,0.20
2008.02.21 12:12:42.824,0.9813,0.9815,0.20,0.20
2008.02.21 12:12:43.083,0.9813,0.9815,0.20,0.20
2008.02.21 12:12:43.901,0.9813,0.9815,0.20,0.20
2008.02.21 12:12:44.725,0.9813,0.9815,0.20,0.20
2008.02.21 12:12:45.630,0.9813,0.9815,0.40,0.20
2008.02.21 12:12:45.763,0.9813,0.9815,0.40,0.20
2008.02.21 12:12:45.917,0.9813,0.9815,0.40,0.20
2008.02.21 12:12:46.052,0.9813,0.9815,0.40,0.20
2008.02.21 12:12:46.263,0.9813,0.9815,0.40,0.20
2008.02.21 12:12:46.750,0.9813,0.9815,0.40,0.20
2008.02.21 12:12:46.889,0.9813,0.9815,0.40,0.20
2008.02.21 12:12:47.028,0.9813,0.9815,0.40,0.20
2008.02.21 12:12:47.263,0.9813,0.9815,0.40,0.20
2008.02.21 12:12:47.451,0.9813,0.9815,0.40,0.20
2008.02.21 12:12:47.640,0.9813,0.9815,0.40,0.20
2008.02.21 12:12:47.830,0.98135,0.9815,0.20,0.20
2008.02.21 12:12:48.019,0.98135,0.9815,0.20,0.20
2008.02.21 12:12:48.289,0.9814,0.9816,0.20,0.20
2008.02.21 12:12:48.558,0.9814,0.9816,0.20,0.20
2008.02.21 12:12:48.954,0.9814,0.9816,0.20,0.20
2008.02.21 12:12:49.267,0.9814,0.9816,0.20,0.20
