2012.09.24 07:00:00.199,0.83439,0.8345,1.13,1.43
2012.09.24 07:00:00.702,0.83439,0.8345,1.13,1.65
2012.09.24 07:00:01.313,0.83436,0.8345,1.88,2.03
2012.09.24 07:00:01.972,0.83436,0.83446,1.88,1.43
2012.09.24 07:00:02.968,0.83436,0.83443,1.13,1.43
2012.09.24 07:00:03.334,0.83431,0.83443,1.88,1.43
2012.09.24 07:00:05.447,0.83431,0.8344,1.88,1.43
2012.09.24 07:00:05.540,0.83426,0.83442,1.50,1.17
2012.09.24 07:00:06.077,0.83431,0.83443,1.13,1.99
2012.09.24 07:00:06.642,0.83431,0.83443,1.13,1.43
2012.09.24 07:00:07.663,0.83431,0.83443,1.88,1.43
2012.09.24 07:00:07.817,0.83431,0.83446,1.88,2.93
2012.09.24 07:00:08.186,0.83431,0.83446,1.88,3.15
2012.09.24 07:00:08.485,0.83425,0.83439,2.55,1.13
2012.09.24 07:00:08.566,0.83425,0.83437,1.13,1.43
2012.09.24 07:00:09.299,0.83423,0.83437,2.63,1.43
2012.09.24 07:00:09.454,0.83424,0.83439,2.18,1.13
2012.09.24 07:00:09.531,0.83424,0.83439,2.18,1.13
2012.09.24 07:00:10.419,0.83427,0.83439,2.18,1.13
2012.09.24 07:00:10.644,0.83424,0.83439,2.18,1.13
2012.09.24 07:00:11.411,0.83427,0.83439,2.18,1.13
2012.09.24 07:00:11.602,0.83424,0.83439,2.18,1.13
2012.09.24 07:00:12.217,0.83426,0.83442,1.88,1.77
2012.09.24 07:00:13.533,0.83428,0.83443,1.13,4.55
2012.09.24 07:00:13.903,0.83428,0.83443,3.30,1.13
2012.09.24 07:00:16.023,0.83428,0.83443,3.30,1.40
2012.09.24 07:00:16.185,0.83428,0.83443,3.30,3.27
2012.09.24 07:00:16.760,0.83425,0.8344,2.18,1.13
2012.09.24 07:00:17.435,0.83425,0.8344,2.18,1.13
2012.09.24 07:00:21.762,0.83423,0.8344,3.30,2.55
2012.09.24 07:00:21.847,0.83421,0.83436,2.36,1.13
2012.09.24 07:00:22.066,0.83421,0.83436,1.13,1.62
2012.09.24 07:00:22.158,0.83419,0.83432,1.50,1.13
2012.09.24 07:00:22.828,0.83417,0.83431,1.35,1.43
2012.09.24 07:00:23.359,0.83418,0.8343,1.43,1.13
2012.09.24 07:00:23.862,0.83415,0.8343,1.88,1.88
2012.09.24 07:00:24.087,0.83416,0.8343,1.50,1.88
2012.09.24 07:00:24.396,0.8342,0.83438,2.66,2.40
2012.09.24 07:00:24.473,0.8342,0.83433,2.66,1.13
2012.09.24 07:00:24.901,0.83419,0.83433,1.80,1.13
2012.09.24 07:00:27.583,0.83419,0.83433,1.43,1.13
2012.09.24 07:00:28.090,0.83419,0.83433,2.18,1.13
2012.09.24 07:00:28.632,0.83422,0.83433,1.43,1.13
2012.09.24 07:00:32.444,0.83422,0.83437,1.43,1.92
2012.09.24 07:00:32.974,0.83422,0.83437,1.43,1.69
2012.09.24 07:00:33.516,0.83422,0.83437,2.18,1.69
2012.09.24 07:00:33.669,0.83423,0.83438,1.88,1.43
2012.09.24 07:00:33.757,0.83424,0.8344,2.18,1.50
2012.09.24 07:00:33.914,0.83424,0.8344,2.18,1.13
2012.09.24 07:00:36.443,0.83424,0.83437,2.18,1.13
2012.09.24 07:00:36.917,0.83427,0.83437,2.18,1.13
2012.09.24 07:00:38.360,0.83425,0.83438,2.18,1.13
2012.09.24 07:00:39.312,0.83425,0.83438,1.43,1.13
2012.09.24 07:00:40.055,0.83423,0.83437,1.88,1.43
2012.09.24 07:00:43.301,0.83421,0.83436,2.66,1.13
2012.09.24 07:00:43.968,0.83421,0.83436,2.18,1.13
2012.09.24 07:00:46.321,0.83425,0.83437,1.13,1.43
2012.09.24 07:00:46.472,0.83425,0.8344,1.13,1.70
2012.09.24 07:00:46.550,0.83425,0.83442,1.88,3.57
2012.09.24 07:00:46.770,0.83425,0.8344,1.88,1.43
2012.09.24 07:00:47.061,0.83425,0.83442,2.63,3.68
2012.09.24 07:00:47.351,0.83426,0.83442,1.50,2.55
2012.09.24 07:00:48.241,0.83425,0.83442,2.63,2.55
2012.09.24 07:00:50.333,0.83426,0.83442,1.50,2.55
2012.09.24 07:00:50.645,0.83425,0.83439,2.18,1.13
2012.09.24 07:00:53.531,0.83427,0.83443,2.18,2.00
2012.09.24 07:00:53.681,0.8343,0.83442,2.18,1.35
2012.09.24 07:00:53.972,0.83427,0.83442,3.30,1.13
2012.09.24 07:00:55.320,0.83427,0.83442,1.88,3.12
2012.09.24 07:00:56.343,0.83424,0.8344,3.79,1.13
2012.09.24 07:00:57.553,0.83425,0.83441,1.88,1.13
2012.09.24 07:00:59.412,0.83425,0.83441,1.88,3.87
2012.09.24 07:00:59.704,0.83422,0.83437,1.88,1.43
2012.09.24 07:00:59.998,0.83422,0.83434,1.88,1.43
2012.09.24 07:01:00.085,0.83422,0.83434,1.88,1.43
2012.09.24 07:01:00.233,0.83422,0.83434,1.88,1.43
2012.09.24 07:01:00.453,0.8342,0.83435,3.30,1.62
2012.09.24 07:01:01.882,0.8342,0.83434,1.88,1.43
2012.09.24 07:01:02.774,0.8342,0.83434,1.13,1.43
2012.09.24 07:01:05.418,0.8342,0.83432,1.13,1.43
2012.09.24 07:01:08.929,0.8342,0.83434,1.13,1.70
2012.09.24 07:01:09.161,0.8342,0.83431,1.13,1.43
2012.09.24 07:01:13.135,0.8342,0.83431,1.13,1.65
2012.09.24 07:01:13.702,0.8342,0.83428,1.13,1.43
2012.09.24 07:01:16.416,0.8342,0.8343,1.13,1.65
2012.09.24 07:01:17.684,0.8342,0.83431,1.13,1.32
2012.09.24 07:01:22.898,0.83417,0.83432,1.88,4.09
2012.09.24 07:01:36.209,0.83417,0.8343,1.13,1.43
2012.09.24 07:01:37.742,0.83417,0.83426,1.13,1.88
2012.09.24 07:01:37.962,0.83409,0.83423,3.61,1.99
2012.09.24 07:01:38.181,0.83409,0.83422,1.96,1.43
2012.09.24 07:01:38.471,0.83405,0.83422,3.00,2.55
2012.09.24 07:01:39.530,0.83405,0.83422,2.10,2.55
2012.09.24 07:01:41.053,0.83404,0.8342,3.53,1.13
2012.09.24 07:01:42.854,0.83404,0.83419,1.88,1.43
2012.09.24 07:01:42.938,0.83404,0.8342,3.53,1.13
2012.09.24 07:01:43.371,0.83404,0.8342,3.30,1.13
2012.09.24 07:01:44.303,0.83408,0.83422,1.13,2.22
2012.09.24 07:01:44.845,0.83408,0.83422,1.13,2.22
2012.09.24 07:01:45.203,0.83419,0.8343,1.43,1.32
2012.09.24 07:01:45.637,0.83422,0.83433,1.13,1.32
2012.09.24 07:01:46.351,0.83422,0.83437,1.88,1.27
2012.09.24 07:01:47.361,0.83422,0.83436,1.88,1.43
2012.09.24 07:01:47.782,0.83422,0.83439,1.88,4.84
2012.09.24 07:01:47.863,0.83426,0.83439,1.13,3.72
2012.09.24 07:01:48.392,0.83426,0.83439,1.13,1.32
2012.09.24 07:01:50.391,0.83426,0.83437,1.88,1.43
2012.09.24 07:01:50.943,0.83425,0.83437,1.13,2.22
2012.09.24 07:01:51.323,0.83428,0.83437,1.13,1.99
2012.09.24 07:01:55.341,0.83425,0.83437,1.88,1.43
2012.09.24 07:01:56.674,0.83421,0.83436,3.30,1.88
2012.09.24 07:01:56.754,0.83422,0.83436,1.13,1.88
2012.09.24 07:01:57.184,0.83428,0.83437,1.13,1.43
2012.09.24 07:02:05.462,0.83431,0.83442,1.13,2.40
2012.09.24 07:02:05.822,0.8343,0.83438,1.13,1.43
2012.09.24 07:02:22.091,0.8343,0.8344,1.13,1.43
2012.09.24 07:02:23.594,0.8343,0.83442,1.13,5.03
2012.09.24 07:02:24.566,0.8343,0.83439,1.13,1.43
2012.09.24 07:02:26.439,0.8343,0.8344,1.13,1.99
2012.09.24 07:02:27.383,0.8343,0.83441,1.13,1.43
2012.09.24 07:02:28.437,0.83436,0.83441,1.13,1.43
2012.09.24 07:02:28.529,0.83436,0.83448,1.13,3.60
2012.09.24 07:02:29.036,0.83436,0.83448,1.88,1.99
2012.09.24 07:02:29.267,0.83439,0.83449,1.43,1.17
2012.09.24 07:02:29.413,0.83437,0.83449,1.43,1.17
2012.09.24 07:02:30.343,0.83436,0.83449,1.88,1.17
2012.09.24 07:02:30.856,0.83436,0.8345,1.88,2.10
2012.09.24 07:02:32.331,0.83436,0.83449,1.88,1.35
2012.09.24 07:02:33.763,0.83436,0.83449,1.13,1.35
2012.09.24 07:02:35.311,0.8344,0.83449,1.13,1.35
2012.09.24 07:02:35.464,0.8344,0.83451,1.13,1.43
2012.09.24 07:02:35.542,0.8344,0.83451,1.13,2.18
2012.09.24 07:02:35.823,0.8344,0.83451,1.13,1.43
2012.09.24 07:02:37.796,0.83441,0.83452,1.43,1.43
2012.09.24 07:02:38.022,0.83441,0.83456,1.43,1.88
2012.09.24 07:02:38.105,0.83439,0.83454,1.32,2.18
2012.09.24 07:02:38.838,0.83439,0.83454,1.32,1.43
2012.09.24 07:02:39.454,0.8344,0.83455,2.18,1.43
2012.09.24 07:02:39.772,0.8344,0.83455,2.18,1.43
2012.09.24 07:02:43.032,0.83443,0.83458,1.88,1.46
2012.09.24 07:02:43.185,0.83444,0.83459,2.18,1.13
2012.09.24 07:02:43.402,0.83444,0.83459,2.18,1.13
2012.09.24 07:02:43.952,0.83444,0.83459,2.18,1.88
2012.09.24 07:02:44.501,0.83444,0.83459,2.18,2.63
2012.09.24 07:02:45.903,0.83443,0.83458,3.30,1.43
2012.09.24 07:02:47.143,0.83443,0.83458,2.18,2.18
2012.09.24 07:02:47.672,0.83439,0.83454,1.32,1.13
2012.09.24 07:02:47.825,0.83439,0.83454,1.32,1.13
2012.09.24 07:02:47.977,0.83446,0.83458,1.13,2.45
2012.09.24 07:02:48.068,0.83446,0.83458,1.13,1.43
2012.09.24 07:02:48.227,0.83446,0.83459,1.88,1.50
2012.09.24 07:02:49.523,0.83446,0.83461,2.44,2.18
2012.09.24 07:02:49.922,0.83447,0.83463,2.18,1.13
2012.09.24 07:02:50.500,0.83447,0.83463,2.18,1.13
2012.09.24 07:02:51.595,0.83446,0.83461,2.67,1.43
2012.09.24 07:02:51.982,0.83451,0.83461,1.13,1.43
2012.09.24 07:02:52.135,0.83451,0.83464,1.13,2.18
2012.09.24 07:02:53.033,0.83451,0.83464,1.13,2.40
2012.09.24 07:02:53.253,0.83451,0.83461,1.13,1.43
2012.09.24 07:02:53.992,0.83451,0.83464,1.13,1.65
2012.09.24 07:02:55.484,0.83451,0.83462,1.13,1.65
2012.09.24 07:02:57.748,0.83451,0.83462,1.13,2.40
2012.09.24 07:02:58.231,0.83451,0.83462,1.13,1.43
2012.09.24 07:02:59.792,0.83451,0.83462,1.13,2.40
2012.09.24 07:02:59.872,0.83451,0.83462,1.13,1.65
2012.09.24 07:03:00.312,0.83447,0.83462,1.88,1.43
2012.09.24 07:03:00.943,0.83447,0.83462,1.88,2.93
2012.09.24 07:03:01.664,0.83447,0.83462,1.88,2.40
2012.09.24 07:03:02.190,0.83447,0.83462,1.13,2.18
2012.09.24 07:03:02.711,0.83445,0.8346,1.88,1.13
2012.09.24 07:03:02.792,0.83446,0.83462,1.88,2.18
2012.09.24 07:03:03.627,0.83447,0.83462,1.50,2.18
2012.09.24 07:03:04.320,0.83448,0.83463,1.43,1.43
2012.09.24 07:03:04.418,0.83447,0.83461,1.50,1.43
2012.09.24 07:03:04.982,0.83447,0.83461,1.50,1.43
2012.09.24 07:03:05.066,0.83448,0.83463,2.18,1.43
2012.09.24 07:03:05.143,0.83447,0.83461,1.50,1.43
2012.09.24 07:03:06.104,0.83446,0.83461,2.44,1.43
2012.09.24 07:03:06.613,0.83446,0.8346,1.88,1.65
2012.09.24 07:03:07.186,0.83449,0.83457,1.13,1.43
2012.09.24 07:03:07.349,0.83449,0.8346,1.13,1.43
2012.09.24 07:03:07.434,0.83449,0.83462,1.13,1.43
2012.09.24 07:03:07.582,0.83449,0.83464,1.13,1.88
2012.09.24 07:03:08.101,0.83448,0.83465,1.88,2.18
2012.09.24 07:03:10.593,0.83448,0.83465,1.88,2.40
2012.09.24 07:03:10.993,0.83448,0.83462,1.88,1.43
2012.09.24 07:03:11.511,0.83448,0.83464,1.88,1.54
2012.09.24 07:03:12.435,0.83447,0.8346,2.18,1.13
2012.09.24 07:03:13.205,0.83443,0.8346,3.87,1.35
2012.09.24 07:03:13.724,0.83446,0.8346,1.50,1.92
2012.09.24 07:03:14.018,0.83448,0.83461,1.13,1.32
2012.09.24 07:03:17.933,0.83448,0.83463,2.48,2.18
2012.09.24 07:03:19.643,0.8345,0.83463,2.10,2.18
2012.09.24 07:03:20.223,0.83451,0.83463,1.50,1.43
2012.09.24 07:03:22.153,0.83451,0.83466,1.50,2.18
2012.09.24 07:03:24.323,0.8345,0.83466,4.05,2.18
2012.09.24 07:03:24.824,0.83452,0.83466,1.50,2.18
2012.09.24 07:03:25.323,0.83453,0.83465,2.18,1.13
2012.09.24 07:03:26.344,0.83453,0.83469,3.30,3.87
2012.09.24 07:03:26.421,0.83453,0.83469,3.30,3.87
2012.09.24 07:03:27.884,0.83453,0.83469,3.30,3.87
2012.09.24 07:03:30.502,0.83453,0.83469,3.30,3.30
2012.09.24 07:03:33.053,0.83456,0.83469,2.18,1.88
2012.09.24 07:03:33.680,0.83456,0.83469,2.18,1.13
2012.09.24 07:03:33.820,0.83456,0.83469,2.18,1.13
2012.09.24 07:03:34.433,0.83456,0.83469,2.18,1.69
2012.09.24 07:03:34.579,0.83453,0.83467,2.18,1.13
2012.09.24 07:03:37.443,0.83451,0.83467,1.88,3.12
2012.09.24 07:03:37.529,0.83453,0.83464,1.43,1.13
2012.09.24 07:03:39.012,0.83453,0.83464,2.18,1.13
2012.09.24 07:03:39.233,0.83453,0.83464,1.43,1.13
2012.09.24 07:03:40.515,0.83449,0.83464,2.18,1.13
2012.09.24 07:03:41.031,0.83449,0.83466,2.18,1.69
2012.09.24 07:03:45.419,0.83449,0.83466,1.43,1.69
2012.09.24 07:03:46.484,0.83449,0.83465,2.18,1.99
2012.09.24 07:03:46.561,0.83447,0.83464,1.13,1.43
2012.09.24 07:03:47.630,0.83447,0.83464,1.88,1.43
2012.09.24 07:03:50.706,0.83447,0.83464,2.63,1.43
2012.09.24 07:03:53.049,0.83447,0.83464,3.23,1.43
2012.09.24 07:03:53.140,0.83451,0.83464,1.13,1.43
2012.09.24 07:03:57.382,0.83446,0.83464,4.05,2.55
2012.09.24 07:03:57.746,0.83449,0.83464,1.13,1.70
2012.09.24 07:03:58.312,0.83449,0.83462,1.13,1.99
2012.09.24 07:04:00.216,0.83449,0.83462,1.13,1.43
2012.09.24 07:04:00.574,0.83443,0.83459,2.25,2.55
2012.09.24 07:04:00.653,0.83443,0.83459,1.50,2.55
2012.09.24 07:04:01.210,0.83444,0.83459,1.13,1.43
2012.09.24 07:04:02.581,0.83442,0.83459,1.13,2.55
2012.09.24 07:04:03.144,0.83445,0.83459,1.13,1.43
2012.09.24 07:04:04.661,0.83445,0.83461,2.55,1.99
2012.09.24 07:04:05.851,0.83445,0.83461,3.30,1.99
2012.09.24 07:04:06.360,0.83447,0.83462,2.18,1.13
2012.09.24 07:04:06.726,0.83448,0.83464,1.13,1.58
2012.09.24 07:04:07.403,0.83448,0.83463,1.13,1.43
2012.09.24 07:04:20.572,0.83448,0.83463,1.88,1.43
2012.09.24 07:04:22.703,0.83448,0.83463,1.13,1.43
2012.09.24 07:04:22.783,0.83446,0.8346,2.10,1.43
2012.09.24 07:04:23.142,0.83442,0.8346,2.93,2.55
2012.09.24 07:04:25.307,0.83443,0.8346,1.50,2.55
2012.09.24 07:04:25.475,0.83446,0.83462,3.53,2.85
2012.09.24 07:04:25.704,0.83451,0.83462,1.13,1.43
2012.09.24 07:04:27.042,0.83451,0.83465,1.13,1.13
2012.09.24 07:04:27.331,0.83451,0.83466,1.13,1.43
2012.09.24 07:04:31.794,0.83451,0.83466,1.13,2.18
2012.09.24 07:04:32.153,0.83448,0.83463,1.69,1.02
2012.09.24 07:04:32.238,0.83448,0.8346,1.69,1.43
2012.09.24 07:04:32.705,0.83448,0.83464,1.13,3.98
2012.09.24 07:04:32.784,0.83448,0.83463,1.13,1.06
2012.09.24 07:04:35.178,0.83447,0.83461,1.43,1.25
2012.09.24 07:04:35.894,0.83447,0.83462,1.43,2.10
2012.09.24 07:04:38.212,0.83446,0.83461,1.43,2.40
2012.09.24 07:04:38.972,0.83445,0.83461,1.13,2.40
2012.09.24 07:04:39.930,0.83447,0.83461,1.13,2.18
2012.09.24 07:04:42.823,0.8345,0.83461,1.35,1.43
2012.09.24 07:04:42.991,0.83453,0.83465,1.13,1.32
2012.09.24 07:04:43.564,0.83456,0.83469,1.43,1.13
2012.09.24 07:04:45.360,0.83456,0.83472,2.18,2.82
2012.09.24 07:04:46.294,0.83456,0.83472,2.18,2.82
2012.09.24 07:04:46.377,0.83458,0.83472,1.13,1.99
2012.09.24 07:04:46.744,0.83459,0.83474,2.18,2.15
2012.09.24 07:04:47.031,0.83459,0.83473,1.43,1.13
2012.09.24 07:04:48.433,0.8346,0.83476,1.32,1.35
2012.09.24 07:04:48.522,0.83464,0.83479,2.78,1.32
2012.09.24 07:04:49.352,0.83464,0.83479,3.53,1.32
2012.09.24 07:04:49.664,0.83472,0.83481,1.43,1.32
2012.09.24 07:04:49.824,0.83467,0.83483,2.40,3.27
2012.09.24 07:04:50.366,0.83467,0.83483,1.65,3.27
2012.09.24 07:04:51.871,0.83465,0.83481,2.18,1.21
2012.09.24 07:04:52.575,0.83464,0.83481,2.55,1.21
2012.09.24 07:04:53.827,0.83464,0.83481,3.30,1.21
2012.09.24 07:04:54.173,0.83464,0.83481,2.55,1.21
2012.09.24 07:04:54.740,0.83464,0.83481,3.30,1.21
2012.09.24 07:04:55.832,0.83464,0.83481,3.53,1.21
2012.09.24 07:04:57.352,0.83464,0.83481,2.78,1.77
2012.09.24 07:04:57.866,0.83464,0.83481,3.30,1.77
2012.09.24 07:04:58.398,0.83465,0.83482,1.50,2.86
2012.09.24 07:04:58.487,0.83467,0.83482,2.36,1.43
2012.09.24 07:04:58.858,0.83477,0.83486,2.44,1.27
2012.09.24 07:04:59.568,0.83482,0.83487,1.13,1.13
2012.09.24 07:04:59.885,0.83487,0.835,1.13,1.43
2012.09.24 07:05:00.047,0.83486,0.83495,1.13,1.43
2012.09.24 07:05:00.300,0.83488,0.83499,1.35,1.43
2012.09.24 07:05:00.686,0.83488,0.83502,1.13,1.65
2012.09.24 07:05:00.914,0.83495,0.83502,1.88,1.43
2012.09.24 07:05:01.225,0.83502,0.83506,1.13,1.43
2012.09.24 07:05:01.585,0.83505,0.83509,1.13,1.43
2012.09.24 07:05:01.973,0.8351,0.83517,2.36,2.10
2012.09.24 07:05:02.102,0.83513,0.83518,1.13,2.18
2012.09.24 07:05:02.202,0.83513,0.83519,1.13,1.43
2012.09.24 07:05:02.923,0.83519,0.83526,1.13,2.18
2012.09.24 07:05:03.259,0.83529,0.83534,1.13,1.05
2012.09.24 07:05:03.510,0.83527,0.83533,1.24,1.61
2012.09.24 07:05:03.618,0.83533,0.83544,1.24,2.18
2012.09.24 07:05:03.717,0.83542,0.83546,1.92,1.43
2012.09.24 07:05:03.806,0.83538,0.83544,2.67,1.43
2012.09.24 07:05:03.969,0.83541,0.83546,1.92,1.43
2012.09.24 07:05:04.059,0.83536,0.8355,3.42,1.41
2012.09.24 07:05:08.437,0.83535,0.83555,2.03,2.74
2012.09.24 07:05:10.662,0.83528,0.83541,1.81,1.13
2012.09.24 07:05:10.806,0.83526,0.83541,1.73,2.44
2012.09.24 07:05:10.969,0.83525,0.83541,1.50,3.16
2012.09.24 07:05:11.495,0.83525,0.83537,1.50,1.13
2012.09.24 07:05:11.856,0.83516,0.83529,1.50,1.13
2012.09.24 07:05:12.005,0.83512,0.83529,2.10,1.13
2012.09.24 07:05:12.225,0.83511,0.83528,1.73,1.50
2012.09.24 07:05:12.594,0.83514,0.83526,1.50,1.13
2012.09.24 07:05:12.749,0.8351,0.83528,1.73,1.13
2012.09.24 07:05:13.602,0.83512,0.83531,1.73,1.13
2012.09.24 07:05:14.613,0.83512,0.8353,2.85,1.32
2012.09.24 07:05:14.711,0.83517,0.83533,1.73,2.44
2012.09.24 07:05:14.868,0.83517,0.83533,2.48,3.04
2012.09.24 07:05:15.304,0.83526,0.83536,1.50,1.32
2012.09.24 07:05:15.385,0.83526,0.83537,1.50,2.07
2012.09.24 07:05:15.541,0.83526,0.83537,1.50,1.88
2012.09.24 07:05:15.694,0.83523,0.83537,1.50,1.88
2012.09.24 07:05:15.783,0.83521,0.83537,1.50,1.88
2012.09.24 07:05:16.143,0.8352,0.83537,1.73,2.44
2012.09.24 07:05:16.361,0.83519,0.83537,2.85,1.13
2012.09.24 07:05:17.817,0.83525,0.83536,1.13,1.32
2012.09.24 07:05:18.136,0.83522,0.83536,3.15,1.32
2012.09.24 07:05:18.364,0.83523,0.83536,1.13,1.32
2012.09.24 07:05:19.134,0.8352,0.83538,1.73,1.92
2012.09.24 07:05:19.342,0.8352,0.83537,1.73,1.32
2012.09.24 07:05:19.644,0.83522,0.83541,2.10,2.06
2012.09.24 07:05:20.223,0.83523,0.83541,1.73,2.55
2012.09.24 07:05:20.537,0.83527,0.83544,1.88,1.32
2012.09.24 07:05:21.041,0.83527,0.83545,1.88,2.07
2012.09.24 07:05:21.483,0.83532,0.83546,1.35,1.13
2012.09.24 07:05:21.985,0.83532,0.83547,1.13,2.67
2012.09.24 07:05:22.699,0.83532,0.83547,1.88,2.67
2012.09.24 07:05:22.784,0.83532,0.83547,1.88,2.67
2012.09.24 07:05:22.936,0.83532,0.83547,2.10,2.44
2012.09.24 07:05:23.087,0.83534,0.83551,2.10,1.32
2012.09.24 07:05:23.637,0.83536,0.83553,2.48,1.69
2012.09.24 07:05:23.731,0.83536,0.83553,1.50,1.69
2012.09.24 07:05:23.818,0.83533,0.83549,2.63,2.10
2012.09.24 07:05:24.135,0.83531,0.83544,1.50,1.92
2012.09.24 07:05:24.499,0.83526,0.83543,1.65,1.35
2012.09.24 07:05:25.003,0.83531,0.83542,1.50,1.13
2012.09.24 07:05:25.157,0.83531,0.83542,1.73,1.13
2012.09.24 07:05:25.459,0.83538,0.83547,1.46,1.42
2012.09.24 07:05:25.780,0.8354,0.83545,1.46,1.50
2012.09.24 07:05:25.867,0.83542,0.83547,1.88,1.50
2012.09.24 07:05:25.959,0.83542,0.83552,2.63,1.50
2012.09.24 07:05:26.046,0.83542,0.8355,2.85,1.50
2012.09.24 07:05:26.437,0.83546,0.83565,1.32,1.88
2012.09.24 07:05:26.529,0.83546,0.83565,1.32,1.13
2012.09.24 07:05:27.065,0.8355,0.83568,1.13,2.63
2012.09.24 07:05:27.665,0.8355,0.83562,1.13,1.23
2012.09.24 07:05:27.836,0.8355,0.83565,1.13,1.13
2012.09.24 07:05:28.761,0.83551,0.83568,1.13,1.88
2012.09.24 07:05:29.126,0.83551,0.83568,1.88,1.13
2012.09.24 07:05:29.653,0.83552,0.83568,1.73,1.13
2012.09.24 07:05:30.178,0.83551,0.83568,1.88,1.13
2012.09.24 07:05:30.266,0.83556,0.83572,1.13,1.13
2012.09.24 07:05:30.417,0.83556,0.83574,1.13,2.25
2012.09.24 07:05:31.742,0.83556,0.83574,1.13,1.88
2012.09.24 07:05:32.536,0.83556,0.83572,1.13,2.25
2012.09.24 07:05:33.973,0.8355,0.83568,2.10,1.13
2012.09.24 07:05:34.401,0.8355,0.83566,1.88,1.13
2012.09.24 07:05:36.609,0.8355,0.83566,1.88,1.13
2012.09.24 07:05:37.196,0.8355,0.83566,1.88,1.13
2012.09.24 07:05:38.854,0.8355,0.83566,1.88,1.13
2012.09.24 07:05:40.171,0.83547,0.83565,2.85,1.13
2012.09.24 07:05:40.946,0.83547,0.83565,1.88,1.73
2012.09.24 07:05:41.385,0.83546,0.83557,1.50,1.13
2012.09.24 07:05:41.534,0.83546,0.83557,1.50,1.13
2012.09.24 07:05:41.686,0.83546,0.83562,2.63,1.32
2012.09.24 07:05:42.124,0.83547,0.83562,1.50,1.32
2012.09.24 07:05:42.625,0.8355,0.83565,1.13,3.38
2012.09.24 07:05:43.354,0.8355,0.83565,1.13,2.07
2012.09.24 07:05:43.504,0.8355,0.83565,1.88,2.07
2012.09.24 07:05:43.864,0.83554,0.8357,1.13,3.11
2012.09.24 07:05:44.012,0.83554,0.83569,1.13,1.13
2012.09.24 07:05:44.589,0.83554,0.8357,1.13,2.36
2012.09.24 07:05:45.982,0.83554,0.8357,1.13,1.13
2012.09.24 07:05:48.662,0.83554,0.8357,1.13,1.35
2012.09.24 07:05:48.745,0.83554,0.83569,1.13,1.35
2012.09.24 07:05:48.828,0.83549,0.83571,1.50,1.35
2012.09.24 07:05:49.330,0.83554,0.83569,1.88,1.13
2012.09.24 07:05:49.488,0.83554,0.83573,1.88,2.48
2012.09.24 07:05:49.649,0.83554,0.83574,1.88,1.13
2012.09.24 07:05:49.976,0.83552,0.83573,1.50,1.43
2012.09.24 07:05:50.059,0.83556,0.83572,1.13,2.10
2012.09.24 07:05:50.296,0.83552,0.83571,1.99,1.73
2012.09.24 07:05:50.374,0.8355,0.83571,1.13,1.73
2012.09.24 07:05:50.668,0.8355,0.83568,1.13,1.43
2012.09.24 07:05:50.976,0.83547,0.83565,1.13,1.13
2012.09.24 07:05:51.589,0.83544,0.83558,1.73,1.13
2012.09.24 07:05:51.766,0.8355,0.83567,1.13,1.88
2012.09.24 07:05:52.696,0.8355,0.83567,1.35,1.88
2012.09.24 07:05:53.246,0.8355,0.83567,1.13,1.88
2012.09.24 07:05:53.958,0.83555,0.83568,1.13,1.13
2012.09.24 07:05:54.252,0.83555,0.8357,1.13,1.88
2012.09.24 07:05:55.435,0.8355,0.8357,1.13,1.13
2012.09.24 07:05:56.724,0.83549,0.83567,1.88,1.50
2012.09.24 07:05:57.344,0.8355,0.83569,1.13,1.13
2012.09.24 07:05:58.365,0.83549,0.83567,1.88,1.50
2012.09.24 07:05:59.418,0.83549,0.83569,2.63,1.13
2012.09.24 07:06:00.049,0.83549,0.83569,1.88,1.13
2012.09.24 07:06:00.912,0.8355,0.83566,1.13,1.13
2012.09.24 07:06:01.134,0.8355,0.83564,1.88,2.25
2012.09.24 07:06:01.354,0.83546,0.83561,1.88,1.13
2012.09.24 07:06:01.716,0.83546,0.83561,2.10,1.13
2012.09.24 07:06:03.878,0.83546,0.83561,2.85,1.13
2012.09.24 07:06:04.032,0.83548,0.83565,2.10,2.44
2012.09.24 07:06:04.613,0.83548,0.83565,1.35,1.69
2012.09.24 07:06:05.123,0.83548,0.83565,1.88,1.69
2012.09.24 07:06:05.398,0.83548,0.83565,1.13,1.69
2012.09.24 07:06:10.233,0.83548,0.83565,1.13,3.19
2012.09.24 07:06:10.752,0.83545,0.8356,1.32,1.13
2012.09.24 07:06:13.724,0.83543,0.8356,2.10,1.88
2012.09.24 07:06:13.808,0.83539,0.83553,1.65,1.13
2012.09.24 07:06:13.966,0.83539,0.83553,1.50,1.13
2012.09.24 07:06:14.196,0.83536,0.83553,2.10,1.69
2012.09.24 07:06:14.419,0.83536,0.83552,2.10,1.50
2012.09.24 07:06:14.508,0.83535,0.83548,1.50,1.13
2012.09.24 07:06:14.664,0.83536,0.83551,1.88,2.44
2012.09.24 07:06:15.677,0.83536,0.83551,2.10,1.69
2012.09.24 07:06:15.764,0.83538,0.83554,1.88,3.00
2012.09.24 07:06:15.915,0.83538,0.83554,1.13,3.00
2012.09.24 07:06:16.140,0.83534,0.83548,1.73,1.13
2012.09.24 07:06:17.222,0.83531,0.83548,2.63,1.13
2012.09.24 07:06:18.375,0.83531,0.83548,1.88,1.13
2012.09.24 07:06:19.735,0.83531,0.83548,1.88,1.13
2012.09.24 07:06:21.095,0.83534,0.83551,1.13,1.17
2012.09.24 07:06:21.665,0.83534,0.83552,2.10,1.69
2012.09.24 07:06:21.969,0.83543,0.83558,1.88,2.10
2012.09.24 07:06:22.057,0.83543,0.83558,2.10,1.13
2012.09.24 07:06:22.697,0.83548,0.83563,3.30,2.17
2012.09.24 07:06:22.912,0.83548,0.83563,3.30,1.69
2012.09.24 07:06:24.477,0.83553,0.83568,1.13,2.18
2012.09.24 07:06:24.835,0.8355,0.83565,1.35,1.13
2012.09.24 07:06:24.916,0.83553,0.83565,1.43,1.13
2012.09.24 07:06:25.491,0.8355,0.83565,2.85,1.13
2012.09.24 07:06:25.859,0.83556,0.83571,1.13,3.34
2012.09.24 07:06:26.170,0.83558,0.83572,1.43,1.69
2012.09.24 07:06:27.572,0.83554,0.83567,2.40,1.13
2012.09.24 07:06:27.672,0.83554,0.83567,1.43,1.13
2012.09.24 07:06:28.185,0.83552,0.83567,2.18,1.13
2012.09.24 07:06:28.545,0.83552,0.83564,2.18,1.13
2012.09.24 07:06:28.978,0.83552,0.83566,2.18,1.69
2012.09.24 07:06:29.743,0.83552,0.83566,1.43,1.69
2012.09.24 07:06:29.895,0.83552,0.83568,1.43,1.43
2012.09.24 07:06:30.463,0.83552,0.83567,1.43,1.13
2012.09.24 07:06:30.965,0.83553,0.83568,1.13,3.12
2012.09.24 07:06:31.649,0.83553,0.83566,1.13,1.43
2012.09.24 07:06:32.573,0.8355,0.8356,1.88,1.43
2012.09.24 07:06:32.654,0.83548,0.83559,2.10,1.43
2012.09.24 07:06:33.224,0.83548,0.83559,1.13,1.43
2012.09.24 07:06:33.303,0.83553,0.83559,1.13,1.43
2012.09.24 07:06:33.384,0.83553,0.83565,1.13,1.43
2012.09.24 07:06:34.167,0.83549,0.83565,2.85,1.43
2012.09.24 07:06:34.338,0.83549,0.83565,5.03,1.43
2012.09.24 07:06:34.432,0.83551,0.83566,2.40,1.13
2012.09.24 07:06:34.726,0.83551,0.83566,2.18,1.13
2012.09.24 07:06:35.396,0.83552,0.83567,2.10,1.43
2012.09.24 07:06:35.683,0.83553,0.8357,2.40,3.87
2012.09.24 07:06:36.667,0.83557,0.83571,1.13,2.18
2012.09.24 07:06:36.760,0.83557,0.83571,1.50,1.43
2012.09.24 07:06:37.266,0.83557,0.83572,1.13,1.13
2012.09.24 07:06:39.970,0.8356,0.83574,1.13,1.99
2012.09.24 07:06:40.406,0.8356,0.83575,1.88,1.69
2012.09.24 07:06:40.843,0.8356,0.83575,1.13,1.69
2012.09.24 07:06:44.062,0.8356,0.83575,1.13,2.44
2012.09.24 07:06:44.215,0.83557,0.83573,4.05,2.74
2012.09.24 07:06:44.435,0.83557,0.8357,1.88,1.43
2012.09.24 07:06:47.213,0.8356,0.8357,1.13,1.99
2012.09.24 07:06:47.575,0.83564,0.83571,1.13,1.43
2012.09.24 07:06:47.655,0.83564,0.83575,1.13,2.07
2012.09.24 07:06:47.734,0.83558,0.83575,1.80,3.64
2012.09.24 07:06:47.818,0.83558,0.83575,1.43,3.64
2012.09.24 07:06:48.491,0.83557,0.83573,2.63,3.68
2012.09.24 07:06:49.354,0.83557,0.83573,1.88,3.95
2012.09.24 07:06:50.396,0.83557,0.83573,1.88,3.20
2012.09.24 07:06:50.733,0.83557,0.83573,1.88,2.74
2012.09.24 07:06:51.102,0.83562,0.83573,1.13,2.18
2012.09.24 07:06:51.605,0.83565,0.83573,1.13,1.43
2012.09.24 07:06:51.684,0.83565,0.83576,1.13,1.99
2012.09.24 07:06:51.906,0.83564,0.83577,2.18,1.88
2012.09.24 07:06:52.524,0.83564,0.83578,1.43,1.32
2012.09.24 07:06:53.196,0.83565,0.83578,1.13,1.32
2012.09.24 07:06:54.161,0.83566,0.8358,1.43,1.32
2012.09.24 07:06:54.249,0.83568,0.8358,1.13,1.32
2012.09.24 07:06:54.474,0.83568,0.83582,1.13,1.54
2012.09.24 07:06:54.554,0.83566,0.83581,2.18,1.69
2012.09.24 07:06:56.713,0.83565,0.8358,1.13,2.18
2012.09.24 07:06:57.601,0.83568,0.8358,1.13,2.18
2012.09.24 07:06:58.025,0.83565,0.8358,1.13,2.18
2012.09.24 07:06:58.581,0.83569,0.8358,1.13,2.18
2012.09.24 07:06:58.921,0.83564,0.8358,3.30,2.18
2012.09.24 07:06:59.444,0.83564,0.83578,2.55,1.32
2012.09.24 07:07:00.516,0.83564,0.83578,1.13,2.18
2012.09.24 07:07:00.666,0.83564,0.83579,2.40,1.88
2012.09.24 07:07:00.884,0.83563,0.83579,2.66,1.13
2012.09.24 07:07:01.452,0.83563,0.83579,1.43,1.88
2012.09.24 07:07:02.058,0.83566,0.83581,1.13,3.30
2012.09.24 07:07:03.636,0.83566,0.83581,1.13,3.53
2012.09.24 07:07:03.792,0.83566,0.83581,1.13,3.53
2012.09.24 07:07:04.534,0.83566,0.83578,1.13,1.43
2012.09.24 07:07:04.687,0.83566,0.83578,1.13,2.22
2012.09.24 07:07:04.775,0.83566,0.83578,1.13,1.99
2012.09.24 07:07:05.368,0.83566,0.83578,1.13,2.22
2012.09.24 07:07:05.462,0.83566,0.83574,1.13,1.43
2012.09.24 07:07:05.684,0.83566,0.83577,1.13,2.22
2012.09.24 07:07:06.421,0.83566,0.83577,1.13,1.99
2012.09.24 07:07:06.785,0.83566,0.83579,1.13,2.74
2012.09.24 07:07:07.533,0.83564,0.8358,1.43,2.18
2012.09.24 07:07:07.686,0.83564,0.83578,1.43,1.73
2012.09.24 07:07:08.042,0.83566,0.83575,1.13,1.43
2012.09.24 07:07:08.265,0.83566,0.83579,1.13,2.66
2012.09.24 07:07:09.238,0.83566,0.83579,1.13,2.18
2012.09.24 07:07:09.536,0.83566,0.83575,1.13,1.43
2012.09.24 07:07:10.124,0.83566,0.83578,1.13,3.98
2012.09.24 07:07:10.632,0.83566,0.83578,1.13,3.03
2012.09.24 07:07:10.805,0.83566,0.83575,1.13,1.43
2012.09.24 07:07:12.566,0.83561,0.83575,1.13,1.43
2012.09.24 07:07:13.515,0.83561,0.83575,1.13,2.66
2012.09.24 07:07:14.223,0.83561,0.83575,1.13,1.91
2012.09.24 07:07:14.444,0.83561,0.83575,1.13,2.66
2012.09.24 07:07:14.663,0.83561,0.83575,1.13,1.91
2012.09.24 07:07:14.881,0.83561,0.83575,1.13,2.66
2012.09.24 07:07:15.101,0.83561,0.83575,1.13,1.91
2012.09.24 07:07:19.172,0.83563,0.83575,1.13,1.43
2012.09.24 07:07:20.054,0.83563,0.83577,2.55,1.43
2012.09.24 07:07:20.137,0.83563,0.83579,2.55,1.65
2012.09.24 07:07:20.220,0.83569,0.83579,1.13,2.13
2012.09.24 07:07:23.933,0.83569,0.83577,1.13,1.43
2012.09.24 07:07:24.304,0.83569,0.8358,1.13,1.23
2012.09.24 07:07:25.625,0.83569,0.83576,1.13,1.43
2012.09.24 07:07:25.773,0.83565,0.83576,1.13,1.43
2012.09.24 07:07:26.202,0.83568,0.83577,1.13,1.91
2012.09.24 07:07:26.493,0.83568,0.8358,1.13,3.03
2012.09.24 07:07:27.384,0.83568,0.8358,1.13,2.28
2012.09.24 07:07:27.464,0.83564,0.83579,1.80,1.43
2012.09.24 07:07:27.613,0.83562,0.83578,1.13,1.43
2012.09.24 07:07:29.194,0.8356,0.83578,2.18,1.80
2012.09.24 07:07:29.273,0.83559,0.83573,3.30,1.43
2012.09.24 07:07:30.046,0.83564,0.83578,1.43,1.08
2012.09.24 07:07:30.196,0.83559,0.83577,3.30,1.65
2012.09.24 07:07:30.344,0.83563,0.83574,1.13,1.43
2012.09.24 07:07:31.161,0.83563,0.83576,1.13,1.43
2012.09.24 07:07:31.245,0.83563,0.83579,1.13,2.13
2012.09.24 07:07:31.914,0.83563,0.83579,1.13,1.43
2012.09.24 07:07:32.506,0.83563,0.83579,1.13,2.18
2012.09.24 07:07:33.312,0.83563,0.83579,1.13,1.43
2012.09.24 07:07:35.122,0.83563,0.83579,1.13,2.18
2012.09.24 07:07:35.274,0.8356,0.83576,1.13,1.43
2012.09.24 07:07:36.851,0.8356,0.83576,1.13,2.40
2012.09.24 07:07:37.164,0.8356,0.83571,1.13,1.43
2012.09.24 07:07:37.488,0.8356,0.83573,1.13,2.18
2012.09.24 07:07:38.533,0.8356,0.83572,1.13,1.43
2012.09.24 07:07:39.044,0.8356,0.83573,2.55,1.61
2012.09.24 07:07:39.554,0.8356,0.83573,1.13,1.83
2012.09.24 07:07:39.635,0.8356,0.83568,1.13,1.65
2012.09.24 07:07:39.717,0.83555,0.83568,1.32,1.65
2012.09.24 07:07:40.397,0.83555,0.83568,1.32,1.91
2012.09.24 07:07:40.632,0.83554,0.83565,1.88,1.43
2012.09.24 07:07:41.624,0.83559,0.83567,1.13,1.91
2012.09.24 07:07:42.125,0.83559,0.83568,1.13,1.43
2012.09.24 07:07:44.950,0.83559,0.83572,1.13,1.99
2012.09.24 07:07:45.936,0.83564,0.83574,1.13,1.05
2012.09.24 07:07:46.473,0.83564,0.83576,1.13,2.13
2012.09.24 07:07:46.702,0.83564,0.83576,1.13,1.65
2012.09.24 07:07:50.003,0.83569,0.83578,1.13,1.80
2012.09.24 07:07:50.673,0.83569,0.83578,1.13,1.32
2012.09.24 07:07:53.125,0.83569,0.8358,1.13,1.43
2012.09.24 07:07:54.022,0.83569,0.83583,1.13,2.22
2012.09.24 07:07:54.592,0.8357,0.83583,1.13,1.65
2012.09.24 07:07:54.815,0.8357,0.83581,1.13,1.65
2012.09.24 07:07:55.185,0.83568,0.83581,1.13,1.65
2012.09.24 07:07:56.064,0.83568,0.8358,1.13,1.43
2012.09.24 07:08:02.667,0.83564,0.83575,1.35,1.43
2012.09.24 07:08:02.745,0.83564,0.83577,1.35,1.43
2012.09.24 07:08:03.253,0.83564,0.83576,1.88,1.43
2012.09.24 07:08:03.394,0.83564,0.8358,3.30,2.22
2012.09.24 07:08:03.775,0.83568,0.83581,1.13,2.22
2012.09.24 07:08:03.852,0.83568,0.83581,1.13,1.99
2012.09.24 07:08:05.239,0.83568,0.83581,1.13,1.43
2012.09.24 07:08:08.063,0.83569,0.83581,1.13,1.65
2012.09.24 07:08:10.106,0.83569,0.83581,1.13,2.22
2012.09.24 07:08:10.183,0.83569,0.83581,1.13,2.22
2012.09.24 07:08:10.686,0.83568,0.83577,1.13,1.43
2012.09.24 07:08:11.102,0.83568,0.83581,1.13,2.22
2012.09.24 07:08:12.067,0.83568,0.83578,1.13,1.43
2012.09.24 07:08:12.725,0.83568,0.83581,1.13,1.65
2012.09.24 07:08:13.759,0.83568,0.83583,1.13,4.47
2012.09.24 07:08:14.164,0.83568,0.83583,1.13,4.57
2012.09.24 07:08:15.027,0.83573,0.83583,1.13,2.97
2012.09.24 07:08:15.327,0.83573,0.83586,1.13,1.43
2012.09.24 07:08:16.427,0.83578,0.83586,1.13,1.43
2012.09.24 07:08:16.524,0.83578,0.83589,1.13,1.65
2012.09.24 07:08:17.564,0.83578,0.83591,1.13,1.43
2012.09.24 07:08:18.524,0.83578,0.83591,1.13,1.65
2012.09.24 07:08:18.675,0.83578,0.83591,1.13,2.40
2012.09.24 07:08:21.005,0.83578,0.83591,1.13,1.65
2012.09.24 07:08:22.170,0.83577,0.83591,1.13,1.65
2012.09.24 07:08:22.952,0.83594,0.83599,1.13,1.92
2012.09.24 07:08:23.060,0.83602,0.83608,3.15,1.50
2012.09.24 07:08:23.150,0.83605,0.8361,2.44,1.50
2012.09.24 07:08:25.245,0.83615,0.83631,1.43,1.43
2012.09.24 07:08:26.371,0.83615,0.83631,1.43,3.30
2012.09.24 07:08:26.873,0.83611,0.83629,2.18,1.99
2012.09.24 07:08:26.954,0.83611,0.83629,1.43,1.99
2012.09.24 07:08:27.584,0.83611,0.83629,2.18,1.99
2012.09.24 07:08:28.220,0.83611,0.83629,3.64,1.99
2012.09.24 07:08:28.808,0.83612,0.83629,1.92,1.43
2012.09.24 07:08:30.116,0.83615,0.83633,1.43,1.99
2012.09.24 07:08:30.283,0.83613,0.83629,2.78,1.43
2012.09.24 07:08:30.713,0.83611,0.83627,2.18,1.43
2012.09.24 07:08:30.935,0.83613,0.83627,1.13,1.43
2012.09.24 07:08:31.472,0.83613,0.83628,2.78,1.43
2012.09.24 07:08:32.085,0.83615,0.8363,1.43,1.13
2012.09.24 07:08:32.925,0.83613,0.83629,1.35,1.99
2012.09.24 07:08:34.018,0.83614,0.83632,1.65,1.43
2012.09.24 07:08:35.034,0.83616,0.83632,1.13,1.43
2012.09.24 07:08:35.395,0.83626,0.83639,1.50,2.93
2012.09.24 07:08:35.544,0.83623,0.83639,1.13,1.43
2012.09.24 07:08:35.625,0.83621,0.83641,4.65,1.43
2012.09.24 07:08:35.706,0.83626,0.83639,1.69,1.43
2012.09.24 07:08:35.993,0.83626,0.83641,1.13,1.43
2012.09.24 07:08:36.142,0.83626,0.83639,1.88,1.43
2012.09.24 07:08:36.574,0.83626,0.83642,1.88,1.43
2012.09.24 07:08:38.513,0.83626,0.83639,1.13,1.43
2012.09.24 07:08:38.996,0.83624,0.83637,1.32,1.13
2012.09.24 07:08:39.355,0.83622,0.83634,1.50,1.13
2012.09.24 07:08:39.505,0.83621,0.83634,1.88,1.13
2012.09.24 07:08:39.722,0.83619,0.83634,1.13,1.13
2012.09.24 07:08:41.368,0.83614,0.83632,1.32,1.13
2012.09.24 07:08:41.674,0.83613,0.83632,1.88,4.32
2012.09.24 07:08:42.653,0.83613,0.83632,1.88,1.69
2012.09.24 07:08:43.086,0.83613,0.83632,1.88,1.13
2012.09.24 07:08:43.661,0.83613,0.83632,3.30,2.78
2012.09.24 07:08:44.984,0.83613,0.83631,3.30,1.13
2012.09.24 07:08:45.493,0.83613,0.83631,2.55,1.13
2012.09.24 07:08:45.995,0.83614,0.83631,1.43,1.13
2012.09.24 07:08:46.511,0.83615,0.8363,1.13,1.69
2012.09.24 07:08:49.483,0.83612,0.83627,1.88,1.13
2012.09.24 07:08:49.843,0.83609,0.83624,2.10,1.13
2012.09.24 07:08:52.471,0.83609,0.83622,2.10,1.43
2012.09.24 07:08:53.643,0.83606,0.83621,1.88,1.13
2012.09.24 07:08:53.936,0.83606,0.83621,1.13,1.13
2012.09.24 07:08:55.605,0.83606,0.83621,2.63,1.13
2012.09.24 07:08:57.243,0.83609,0.83625,1.13,1.32
2012.09.24 07:08:58.276,0.83609,0.83626,1.35,3.12
2012.09.24 07:08:58.835,0.83609,0.83626,2.07,2.55
2012.09.24 07:08:58.982,0.83609,0.83626,2.29,2.55
2012.09.24 07:09:00.384,0.83606,0.8362,1.73,1.13
2012.09.24 07:09:01.055,0.83603,0.8362,1.35,2.55
2012.09.24 07:09:01.607,0.83602,0.83616,2.67,1.43
2012.09.24 07:09:02.803,0.836,0.83614,1.35,1.13
2012.09.24 07:09:02.885,0.836,0.83614,1.13,1.13
2012.09.24 07:09:10.583,0.83601,0.83614,1.50,1.13
2012.09.24 07:09:11.794,0.83601,0.83614,1.50,1.13
2012.09.24 07:09:20.570,0.836,0.83614,1.73,1.13
2012.09.24 07:09:22.682,0.83599,0.83614,3.90,1.13
2012.09.24 07:09:23.501,0.83599,0.83614,1.88,3.57
2012.09.24 07:09:23.726,0.83594,0.8361,2.63,1.13
2012.09.24 07:09:23.813,0.83594,0.83607,1.50,1.13
2012.09.24 07:09:24.382,0.83591,0.83607,1.40,1.88
2012.09.24 07:09:24.674,0.83594,0.8361,1.13,3.87
2012.09.24 07:09:24.765,0.83594,0.8361,1.13,2.44
2012.09.24 07:09:25.689,0.83594,0.8361,3.30,1.69
2012.09.24 07:09:26.106,0.83594,0.8361,1.13,2.25
2012.09.24 07:09:28.906,0.83594,0.8361,1.13,1.69
2012.09.24 07:09:32.863,0.83596,0.83612,1.13,3.60
2012.09.24 07:09:32.945,0.83591,0.83605,2.97,1.13
2012.09.24 07:09:33.310,0.83588,0.83605,2.44,2.55
2012.09.24 07:09:35.698,0.83588,0.83605,1.88,2.55
2012.09.24 07:09:36.209,0.83588,0.83605,1.88,3.30
2012.09.24 07:09:37.060,0.83588,0.83605,1.88,2.55
2012.09.24 07:09:38.413,0.83588,0.83605,1.88,3.30
2012.09.24 07:09:38.630,0.83588,0.83605,1.88,2.55
2012.09.24 07:09:38.713,0.83591,0.83605,1.13,1.43
2012.09.24 07:09:39.238,0.83591,0.83606,1.13,1.13
2012.09.24 07:09:39.562,0.83591,0.83606,1.13,1.88
2012.09.24 07:09:41.622,0.83591,0.83606,1.13,1.92
2012.09.24 07:09:41.703,0.83586,0.83603,4.84,1.88
2012.09.24 07:09:42.376,0.83586,0.836,2.67,1.43
2012.09.24 07:09:42.603,0.83582,0.83599,1.50,1.13
2012.09.24 07:09:44.074,0.83581,0.83599,1.88,1.88
2012.09.24 07:09:44.444,0.83581,0.83599,2.44,3.53
2012.09.24 07:09:44.951,0.83582,0.83599,2.93,1.35
2012.09.24 07:09:45.106,0.83582,0.83599,2.93,1.13
2012.09.24 07:09:46.129,0.83582,0.83599,1.50,1.13
2012.09.24 07:09:46.632,0.83582,0.83599,1.50,1.35
2012.09.24 07:09:47.835,0.83583,0.836,1.88,1.88
2012.09.24 07:09:48.202,0.83583,0.83598,1.13,1.43
2012.09.24 07:09:48.733,0.83583,0.83598,1.88,1.43
2012.09.24 07:09:49.271,0.83583,0.83598,1.13,1.43
2012.09.24 07:09:50.824,0.83583,0.83599,1.88,2.18
2012.09.24 07:09:51.180,0.83588,0.83603,1.13,3.90
2012.09.24 07:09:51.685,0.83588,0.83603,1.88,1.13
2012.09.24 07:09:51.911,0.83591,0.83607,1.13,1.91
2012.09.24 07:09:53.433,0.83591,0.83607,1.13,1.99
2012.09.24 07:09:54.053,0.83591,0.83607,1.13,1.99
2012.09.24 07:09:55.831,0.83591,0.83608,1.13,3.42
2012.09.24 07:09:57.643,0.83591,0.83608,1.88,3.42
2012.09.24 07:09:58.149,0.83591,0.83608,1.88,3.19
2012.09.24 07:09:59.069,0.83594,0.83608,1.13,2.07
2012.09.24 07:09:59.149,0.83591,0.83606,2.44,1.13
2012.09.24 07:09:59.472,0.83591,0.83606,2.44,1.13
2012.09.24 07:10:00.911,0.83591,0.83606,1.13,1.13
2012.09.24 07:10:01.480,0.83591,0.83606,2.74,1.13
2012.09.24 07:10:04.324,0.83591,0.83606,2.93,1.88
2012.09.24 07:10:04.556,0.83588,0.83601,1.32,1.13
2012.09.24 07:10:04.926,0.8359,0.83604,1.13,1.65
2012.09.24 07:10:05.731,0.8359,0.83607,1.13,2.47
2012.09.24 07:10:07.578,0.8359,0.83608,1.88,1.88
2012.09.24 07:10:09.609,0.8359,0.83608,2.63,1.88
2012.09.24 07:10:13.100,0.83598,0.8361,1.13,2.93
2012.09.24 07:10:13.254,0.83598,0.8361,1.13,2.18
2012.09.24 07:10:13.886,0.83604,0.83613,1.13,1.54
2012.09.24 07:10:13.980,0.83604,0.83619,1.13,1.99
2012.09.24 07:10:14.062,0.83604,0.83618,1.13,1.24
2012.09.24 07:10:14.214,0.83601,0.83616,1.88,1.69
2012.09.24 07:10:14.862,0.83601,0.83616,1.13,1.69
2012.09.24 07:10:14.940,0.83601,0.83616,1.13,1.13
2012.09.24 07:10:15.443,0.83602,0.83616,1.43,1.73
2012.09.24 07:10:16.114,0.83601,0.83616,1.13,1.73
2012.09.24 07:10:16.670,0.83601,0.83615,1.13,1.17
2012.09.24 07:10:17.431,0.83601,0.83615,1.13,1.17
2012.09.24 07:10:18.039,0.83601,0.83615,1.13,1.17
2012.09.24 07:10:18.583,0.83601,0.83616,1.13,2.85
2012.09.24 07:10:19.418,0.83602,0.83612,1.43,1.13
2012.09.24 07:10:19.953,0.836,0.83612,1.50,1.35
2012.09.24 07:10:20.390,0.83601,0.83612,1.69,1.13
2012.09.24 07:10:20.891,0.83604,0.83616,1.13,1.13
2012.09.24 07:10:21.393,0.83601,0.83616,1.13,1.73
2012.09.24 07:10:22.213,0.83601,0.83616,1.13,1.73
2012.09.24 07:10:24.998,0.83601,0.83616,1.13,1.13
2012.09.24 07:10:26.227,0.83602,0.83617,1.13,2.03
2012.09.24 07:10:29.050,0.83602,0.83613,1.13,1.43
2012.09.24 07:10:29.879,0.83603,0.83613,1.13,1.43
2012.09.24 07:10:38.589,0.83603,0.83612,1.13,1.43
2012.09.24 07:10:39.157,0.83602,0.83612,1.13,1.43
2012.09.24 07:10:40.680,0.83606,0.83612,1.13,1.43
2012.09.24 07:10:40.832,0.83606,0.83614,1.13,1.43
2012.09.24 07:10:40.912,0.83606,0.83617,1.13,1.43
2012.09.24 07:10:41.128,0.83606,0.83619,1.13,2.55
2012.09.24 07:10:41.821,0.83606,0.83619,1.13,1.73
2012.09.24 07:10:43.577,0.83606,0.83622,1.13,3.34
2012.09.24 07:10:43.912,0.83606,0.83622,1.13,2.97
2012.09.24 07:10:44.060,0.83603,0.83618,2.55,2.55
2012.09.24 07:10:44.632,0.83602,0.83617,2.55,1.73
2012.09.24 07:10:45.422,0.83602,0.83615,1.13,1.65
2012.09.24 07:10:46.994,0.83602,0.83615,1.13,1.43
2012.09.24 07:10:49.654,0.83602,0.83615,1.13,1.65
2012.09.24 07:10:49.814,0.83597,0.83611,3.41,1.13
2012.09.24 07:10:49.961,0.83595,0.83611,2.63,1.35
2012.09.24 07:10:50.044,0.83595,0.83606,1.50,1.13
2012.09.24 07:10:50.132,0.83594,0.83606,3.30,1.13
2012.09.24 07:10:51.001,0.83599,0.83606,1.43,1.13
2012.09.24 07:10:53.030,0.83596,0.83606,1.43,1.13
2012.09.24 07:10:53.116,0.83594,0.83606,1.32,1.13
2012.09.24 07:10:56.331,0.83591,0.83606,4.43,2.55
2012.09.24 07:11:02.551,0.83593,0.83606,1.13,1.43
2012.09.24 07:11:08.021,0.83594,0.83606,1.13,1.43
2012.09.24 07:11:08.100,0.83594,0.83609,1.13,2.25
2012.09.24 07:11:12.177,0.83594,0.83609,1.13,1.50
2012.09.24 07:11:18.685,0.83594,0.83609,1.13,2.48
2012.09.24 07:11:19.762,0.83594,0.83609,1.13,2.48
2012.09.24 07:11:26.739,0.83589,0.836,1.50,1.43
2012.09.24 07:11:26.826,0.83587,0.836,1.13,1.43
2012.09.24 07:11:28.183,0.83587,0.836,1.13,2.18
2012.09.24 07:11:29.380,0.83587,0.836,1.13,1.43
2012.09.24 07:11:29.892,0.83587,0.836,1.13,2.18
2012.09.24 07:11:30.832,0.83583,0.83598,1.13,1.13
2012.09.24 07:11:31.055,0.83583,0.83596,1.13,1.65
2012.09.24 07:11:31.767,0.83584,0.83598,2.18,1.73
2012.09.24 07:11:32.269,0.83584,0.83597,2.18,1.13
2012.09.24 07:11:32.766,0.83584,0.83597,1.43,1.35
2012.09.24 07:11:33.065,0.83582,0.83597,1.13,1.35
2012.09.24 07:11:36.213,0.8358,0.83594,1.43,1.13
2012.09.24 07:11:36.570,0.83576,0.83594,3.53,2.93
2012.09.24 07:11:39.822,0.83576,0.83592,3.30,1.13
2012.09.24 07:11:40.111,0.83576,0.83594,2.55,4.38
2012.09.24 07:11:40.331,0.83576,0.8359,1.13,2.18
2012.09.24 07:11:41.267,0.83576,0.8359,1.13,1.43
2012.09.24 07:11:44.263,0.83579,0.8359,1.13,1.43
2012.09.24 07:11:44.344,0.83579,0.83593,1.13,1.65
2012.09.24 07:11:50.049,0.83579,0.83594,2.55,1.13
2012.09.24 07:11:58.264,0.83576,0.83592,2.97,1.13
2012.09.24 07:12:00.010,0.83578,0.83594,1.88,1.65
2012.09.24 07:12:00.601,0.83576,0.83591,3.30,1.13
2012.09.24 07:12:04.470,0.8358,0.83594,1.13,2.59
2012.09.24 07:12:04.617,0.83576,0.83591,3.30,1.13
2012.09.24 07:12:07.829,0.83576,0.83591,3.30,1.13
2012.09.24 07:12:16.121,0.83579,0.83594,1.13,2.18
2012.09.24 07:12:16.473,0.83579,0.83597,2.55,3.97
2012.09.24 07:12:16.551,0.83579,0.83597,2.55,4.20
2012.09.24 07:12:16.632,0.83579,0.83597,2.55,3.97
2012.09.24 07:12:17.165,0.83579,0.83597,2.55,3.72
2012.09.24 07:12:24.483,0.83582,0.83597,3.30,2.25
2012.09.24 07:12:25.690,0.83582,0.83597,3.30,3.08
2012.09.24 07:12:29.184,0.83582,0.83597,2.55,3.08
2012.09.24 07:12:29.545,0.83582,0.83592,1.13,1.43
2012.09.24 07:12:33.224,0.83582,0.83597,3.30,3.08
2012.09.24 07:12:34.747,0.83582,0.83593,2.18,1.13
2012.09.24 07:12:38.279,0.83582,0.83597,2.18,1.73
2012.09.24 07:12:38.431,0.83585,0.83599,1.43,1.92
2012.09.24 07:12:38.933,0.83583,0.83599,1.13,1.80
2012.09.24 07:12:39.011,0.83583,0.83599,1.13,1.80
2012.09.24 07:12:40.237,0.83583,0.83598,1.13,1.13
2012.09.24 07:12:43.360,0.83583,0.83598,1.13,1.69
2012.09.24 07:12:46.080,0.83583,0.83598,1.13,1.69
2012.09.24 07:12:46.604,0.83583,0.83596,1.13,1.43
2012.09.24 07:12:57.562,0.8358,0.83593,2.55,1.43
2012.09.24 07:12:58.210,0.8358,0.83591,1.13,1.43
2012.09.24 07:13:00.033,0.83582,0.83597,1.13,1.43
2012.09.24 07:13:00.588,0.83594,0.83598,1.13,1.43
2012.09.24 07:13:00.753,0.83594,0.83603,1.13,1.43
2012.09.24 07:13:00.835,0.83594,0.83605,2.55,1.43
2012.09.24 07:13:00.926,0.83594,0.8361,2.55,1.88
2012.09.24 07:13:01.082,0.83594,0.8361,3.30,1.88
2012.09.24 07:13:01.453,0.83599,0.83613,1.13,1.23
2012.09.24 07:13:01.819,0.83605,0.83615,1.13,1.05
2012.09.24 07:13:02.193,0.83609,0.83616,1.13,1.08
2012.09.24 07:13:02.287,0.83609,0.83617,1.13,3.53
2012.09.24 07:13:02.594,0.83609,0.83619,1.88,1.43
2012.09.24 07:13:02.915,0.83609,0.83624,2.55,1.69
2012.09.24 07:13:07.346,0.83609,0.83622,2.55,1.43
2012.09.24 07:13:07.841,0.83609,0.8362,1.13,1.43
2012.09.24 07:13:08.064,0.83603,0.83617,1.69,1.43
2012.09.24 07:13:08.500,0.836,0.83616,1.13,1.50
2012.09.24 07:13:08.974,0.83599,0.83616,2.55,1.73
2012.09.24 07:13:09.664,0.83599,0.83614,1.13,1.43
2012.09.24 07:13:12.572,0.83604,0.83614,1.13,1.43
2012.09.24 07:13:12.723,0.83604,0.83617,1.13,1.43
2012.09.24 07:13:13.226,0.83601,0.83615,1.43,1.13
2012.09.24 07:13:13.383,0.836,0.83612,1.88,1.43
2012.09.24 07:13:14.712,0.836,0.83615,1.13,2.55
2012.09.24 07:13:16.432,0.836,0.83615,1.88,3.12
2012.09.24 07:13:17.291,0.83603,0.83615,1.13,1.99
2012.09.24 07:13:20.945,0.83603,0.83612,1.13,1.43
2012.09.24 07:13:22.139,0.83599,0.83612,1.13,1.43
2012.09.24 07:13:22.219,0.83601,0.83612,1.13,1.43
2012.09.24 07:13:22.816,0.83596,0.83611,2.18,2.55
2012.09.24 07:13:22.966,0.83596,0.83607,1.43,1.43
2012.09.24 07:13:23.255,0.83592,0.83606,2.26,2.29
2012.09.24 07:13:23.416,0.83591,0.83605,1.96,1.65
2012.09.24 07:13:24.280,0.83587,0.83602,1.11,1.43
2012.09.24 07:13:24.439,0.83592,0.83602,1.13,1.43
2012.09.24 07:13:25.452,0.83592,0.83606,1.13,1.43
2012.09.24 07:13:25.741,0.83592,0.83606,3.00,1.43
2012.09.24 07:13:26.396,0.83597,0.83608,1.13,1.43
2012.09.24 07:13:28.331,0.83592,0.83608,4.24,2.55
2012.09.24 07:13:28.412,0.83592,0.83608,3.49,2.55
2012.09.24 07:13:28.495,0.83592,0.83605,2.07,1.43
2012.09.24 07:13:28.934,0.83596,0.83605,1.13,1.43
2012.09.24 07:13:29.026,0.83596,0.83609,1.13,1.43
2012.09.24 07:13:29.325,0.83591,0.83606,1.88,1.43
2012.09.24 07:13:29.407,0.83595,0.83607,1.13,1.43
2012.09.24 07:13:29.494,0.83591,0.83607,4.47,1.43
2012.09.24 07:13:29.791,0.83591,0.83606,1.13,1.99
2012.09.24 07:13:36.572,0.83588,0.83602,2.18,1.13
2012.09.24 07:13:36.929,0.83585,0.836,1.88,1.43
2012.09.24 07:13:37.902,0.83587,0.836,1.13,1.43
2012.09.24 07:13:38.221,0.83588,0.83598,1.13,1.43
2012.09.24 07:13:38.524,0.83588,0.83594,1.88,1.43
2012.09.24 07:13:38.684,0.83583,0.83594,1.13,1.43
2012.09.24 07:13:39.484,0.8358,0.83594,1.69,1.43
2012.09.24 07:13:39.582,0.8358,0.83591,1.69,1.43
2012.09.24 07:13:40.046,0.83575,0.83587,1.88,1.43
2012.09.24 07:13:40.410,0.83575,0.8359,1.13,1.43
2012.09.24 07:13:40.560,0.8358,0.83591,1.13,1.99
2012.09.24 07:13:44.261,0.83584,0.83591,1.13,1.43
2012.09.24 07:13:44.551,0.83584,0.83593,1.13,1.43
2012.09.24 07:13:45.351,0.83584,0.83596,1.13,1.43
2012.09.24 07:13:48.043,0.83584,0.83597,1.13,1.43
2012.09.24 07:13:49.200,0.83584,0.83598,1.13,1.43
2012.09.24 07:13:50.172,0.83584,0.83598,1.88,1.43
2012.09.24 07:13:52.840,0.83587,0.83598,1.13,1.43
2012.09.24 07:13:52.990,0.83587,0.83602,1.13,2.44
2012.09.24 07:13:53.071,0.8359,0.83602,1.13,1.32
2012.09.24 07:13:56.098,0.8359,0.83603,1.13,2.18
2012.09.24 07:14:07.179,0.83589,0.83603,1.13,2.18
2012.09.24 07:14:11.827,0.83588,0.83603,1.13,2.18
2012.09.24 07:14:13.678,0.83587,0.83603,1.13,2.18
2012.09.24 07:14:17.040,0.83587,0.83603,1.88,2.18
2012.09.24 07:14:20.010,0.83587,0.83603,1.88,2.18
2012.09.24 07:14:20.539,0.83587,0.83603,2.63,2.18
2012.09.24 07:14:21.322,0.83587,0.83603,1.88,2.18
2012.09.24 07:14:25.443,0.83587,0.83603,1.88,2.18
2012.09.24 07:14:25.805,0.83602,0.83607,1.13,2.55
2012.09.24 07:14:25.899,0.83602,0.8361,1.13,1.80
2012.09.24 07:14:27.433,0.83602,0.8361,1.13,1.99
2012.09.24 07:14:27.581,0.83602,0.8361,1.13,1.43
2012.09.24 07:14:28.941,0.83602,0.83612,1.13,1.43
2012.09.24 07:14:34.501,0.83596,0.83607,2.74,1.13
2012.09.24 07:14:34.585,0.83594,0.83602,2.66,1.43
2012.09.24 07:14:35.340,0.83594,0.83602,1.32,1.43
2012.09.24 07:14:35.425,0.83594,0.83608,1.32,1.99
2012.09.24 07:14:35.786,0.83594,0.83608,2.07,1.99
2012.09.24 07:14:36.120,0.83594,0.83608,2.07,1.43
2012.09.24 07:14:36.342,0.83595,0.83609,2.18,1.13
2012.09.24 07:14:36.912,0.83596,0.83613,1.88,3.87
2012.09.24 07:14:37.441,0.83595,0.83606,2.18,1.50
2012.09.24 07:14:37.804,0.83577,0.83583,1.88,1.43
2012.09.24 07:14:37.896,0.83575,0.83585,1.13,1.13
2012.09.24 07:14:38.115,0.83579,0.83591,1.43,2.63
2012.09.24 07:14:38.206,0.83581,0.83593,1.13,2.07
2012.09.24 07:14:38.296,0.83582,0.83593,1.43,1.32
2012.09.24 07:14:38.525,0.83582,0.83595,2.66,2.10
2012.09.24 07:14:39.022,0.83582,0.83597,1.99,1.69
2012.09.24 07:14:39.697,0.83584,0.83597,1.50,1.69
2012.09.24 07:14:39.803,0.83584,0.83597,2.18,1.69
2012.09.24 07:14:39.882,0.83584,0.83597,2.18,1.69
2012.09.24 07:14:40.101,0.83584,0.83597,2.18,1.69
2012.09.24 07:14:40.741,0.83584,0.83597,2.93,1.13
2012.09.24 07:14:40.891,0.83584,0.83597,2.93,1.13
2012.09.24 07:14:42.000,0.83584,0.836,4.05,1.43
2012.09.24 07:14:42.086,0.83591,0.836,1.88,1.43
2012.09.24 07:14:42.317,0.83594,0.83606,2.18,1.88
2012.09.24 07:14:42.542,0.83594,0.8361,3.30,1.99
2012.09.24 07:14:43.261,0.83594,0.8361,3.30,1.43
2012.09.24 07:14:44.339,0.83594,0.83607,2.93,1.13
2012.09.24 07:14:44.921,0.83595,0.8361,1.13,1.43
2012.09.24 07:14:45.435,0.83605,0.83621,3.30,2.55
2012.09.24 07:14:45.579,0.83605,0.83621,2.55,2.93
2012.09.24 07:14:45.661,0.83603,0.83619,1.13,2.55
2012.09.24 07:14:45.811,0.83601,0.83617,2.18,1.69
2012.09.24 07:14:46.099,0.83598,0.83614,2.74,2.55
2012.09.24 07:14:46.320,0.83598,0.83612,2.74,1.13
2012.09.24 07:14:46.985,0.83594,0.83612,3.61,2.55
2012.09.24 07:14:47.592,0.83594,0.83612,3.53,2.55
2012.09.24 07:14:50.001,0.83597,0.83612,1.99,2.55
2012.09.24 07:14:50.499,0.836,0.83612,2.18,1.13
2012.09.24 07:14:51.319,0.836,0.83612,2.93,1.13
2012.09.24 07:14:52.366,0.836,0.83606,2.18,1.13
2012.09.24 07:14:52.472,0.83595,0.83608,2.66,1.13
2012.09.24 07:14:52.560,0.83599,0.83611,2.18,1.88
2012.09.24 07:14:52.646,0.83605,0.83619,1.13,2.37
2012.09.24 07:14:52.859,0.83605,0.8362,1.13,1.80
2012.09.24 07:14:54.150,0.83605,0.8362,1.13,2.37
2012.09.24 07:14:54.230,0.83605,0.83616,1.13,1.43
2012.09.24 07:14:54.880,0.83602,0.83616,1.88,1.43
2012.09.24 07:14:54.962,0.83602,0.83613,1.88,1.43
2012.09.24 07:14:55.591,0.83602,0.83613,1.88,1.43
2012.09.24 07:14:55.741,0.83602,0.83616,1.88,1.43
2012.09.24 07:14:55.821,0.83602,0.83616,1.88,1.43
2012.09.24 07:14:55.899,0.83602,0.83616,1.88,1.43
2012.09.24 07:14:56.131,0.83602,0.83616,1.88,1.43
2012.09.24 07:14:56.210,0.83602,0.83616,1.88,1.43
2012.09.24 07:14:56.752,0.83602,0.83614,1.13,1.43
2012.09.24 07:14:58.740,0.83599,0.83612,1.32,1.50
2012.09.24 07:14:59.100,0.83594,0.83606,1.13,1.43
2012.09.24 07:15:00.848,0.83595,0.83611,2.18,2.10
2012.09.24 07:15:01.437,0.83595,0.83609,1.50,1.43
2012.09.24 07:15:01.524,0.83594,0.83609,1.88,1.43
2012.09.24 07:15:01.963,0.83593,0.83609,2.18,1.65
2012.09.24 07:15:02.323,0.83594,0.83603,1.13,1.99
2012.09.24 07:15:02.476,0.83594,0.83609,1.13,1.99
2012.09.24 07:15:04.726,0.83594,0.83609,1.13,1.99
2012.09.24 07:15:07.600,0.83594,0.83609,1.13,1.43
2012.09.24 07:15:08.125,0.83594,0.83609,1.88,1.43
2012.09.24 07:15:09.537,0.83596,0.83609,1.13,1.43
2012.09.24 07:15:10.390,0.83596,0.83605,1.13,1.43
2012.09.24 07:15:10.818,0.83597,0.83611,1.13,1.99
2012.09.24 07:15:10.889,0.83597,0.83608,1.13,1.43
2012.09.24 07:15:11.706,0.83597,0.83606,1.13,1.43
2012.09.24 07:15:12.494,0.83597,0.83608,1.13,1.43
2012.09.24 07:15:13.145,0.83597,0.83606,1.13,1.43
2012.09.24 07:15:13.722,0.83592,0.83606,1.88,1.43
2012.09.24 07:15:13.869,0.83592,0.83606,1.88,1.43
2012.09.24 07:15:14.023,0.83592,0.83606,1.13,1.43
2012.09.24 07:15:16.070,0.83595,0.83606,1.13,1.43
2012.09.24 07:15:16.433,0.83603,0.83612,1.88,2.18
2012.09.24 07:15:16.513,0.83603,0.83616,3.30,1.50
2012.09.24 07:15:16.872,0.83603,0.83615,1.88,1.43
2012.09.24 07:15:17.163,0.83601,0.83615,1.50,1.43
2012.09.24 07:15:17.382,0.836,0.83612,1.88,1.43
2012.09.24 07:15:18.494,0.836,0.83612,1.13,1.43
2012.09.24 07:15:21.661,0.83596,0.83612,3.19,2.93
2012.09.24 07:15:21.816,0.83596,0.83608,1.88,1.43
2012.09.24 07:15:21.973,0.83596,0.83606,1.13,1.43
2012.09.24 07:15:22.135,0.83593,0.83606,1.88,2.22
2012.09.24 07:15:22.291,0.83593,0.83601,1.13,1.43
2012.09.24 07:15:22.676,0.83592,0.836,1.32,1.95
2012.09.24 07:15:22.910,0.83588,0.83597,1.50,1.70
2012.09.24 07:15:22.997,0.83583,0.83597,2.85,2.26
2012.09.24 07:15:26.143,0.83583,0.83597,1.88,2.26
2012.09.24 07:15:26.429,0.83585,0.83597,1.13,2.37
2012.09.24 07:15:27.371,0.83585,0.83597,1.13,1.99
2012.09.24 07:15:31.375,0.83585,0.83597,1.13,2.37
2012.09.24 07:15:31.960,0.83586,0.83597,1.13,1.80
2012.09.24 07:15:32.302,0.8359,0.83601,1.13,1.88
2012.09.24 07:15:34.224,0.83591,0.83604,1.43,1.17
2012.09.24 07:15:34.732,0.8359,0.83604,1.13,2.37
2012.09.24 07:15:36.059,0.83588,0.83604,1.43,3.49
2012.09.24 07:15:36.213,0.83587,0.83601,1.13,1.43
2012.09.24 07:15:38.249,0.83587,0.83601,1.13,2.18
2012.09.24 07:15:38.921,0.83587,0.83601,1.13,1.99
2012.09.24 07:15:39.354,0.83592,0.83603,1.13,1.54
2012.09.24 07:15:39.984,0.83592,0.83603,1.13,1.32
2012.09.24 07:15:42.233,0.83588,0.83604,3.30,2.18
2012.09.24 07:15:42.801,0.83588,0.83604,3.30,2.18
2012.09.24 07:15:45.021,0.83588,0.83604,3.30,2.18
2012.09.24 07:15:47.564,0.83588,0.83604,3.30,2.18
2012.09.24 07:15:47.872,0.83588,0.83604,3.30,2.18
2012.09.24 07:15:51.047,0.83588,0.83603,3.30,1.69
2012.09.24 07:15:51.123,0.83587,0.83598,1.88,1.43
2012.09.24 07:15:51.718,0.83589,0.83603,1.88,1.54
2012.09.24 07:15:51.806,0.83589,0.83603,2.55,1.32
2012.09.24 07:15:53.135,0.83589,0.83604,1.13,3.30
2012.09.24 07:15:53.685,0.83589,0.83603,1.13,1.13
2012.09.24 07:15:53.764,0.83586,0.83598,1.24,1.69
2012.09.24 07:15:53.843,0.83585,0.83598,2.18,2.07
2012.09.24 07:15:53.990,0.83583,0.83598,1.88,2.29
2012.09.24 07:15:54.533,0.83581,0.83595,2.66,1.13
2012.09.24 07:15:54.748,0.83581,0.83595,2.18,1.13
2012.09.24 07:15:55.249,0.83584,0.83599,1.88,4.28
2012.09.24 07:15:55.541,0.83584,0.83602,3.30,3.34
2012.09.24 07:15:55.619,0.83587,0.83602,1.43,1.92
2012.09.24 07:15:55.699,0.83587,0.83602,1.43,1.69
2012.09.24 07:15:56.471,0.83587,0.83602,2.18,1.69
2012.09.24 07:16:02.272,0.83587,0.83602,2.18,1.13
2012.09.24 07:16:03.845,0.83587,0.83602,2.18,1.88
2012.09.24 07:16:03.934,0.83585,0.836,2.18,2.40
2012.09.24 07:16:04.499,0.83584,0.83599,1.88,2.18
2012.09.24 07:16:05.551,0.83584,0.83597,1.13,1.43
2012.09.24 07:16:06.186,0.83584,0.83596,1.13,1.43
2012.09.24 07:16:07.046,0.83578,0.83593,4.05,1.32
2012.09.24 07:16:07.401,0.83583,0.83595,1.13,1.43
2012.09.24 07:16:07.945,0.83583,0.836,1.13,3.87
2012.09.24 07:16:08.527,0.83583,0.836,1.13,2.55
2012.09.24 07:16:09.035,0.83583,0.836,1.13,3.30
2012.09.24 07:16:09.322,0.83583,0.836,1.13,2.78
2012.09.24 07:16:09.511,0.83583,0.83596,1.13,1.43
2012.09.24 07:16:09.733,0.83583,0.836,1.88,2.55
2012.09.24 07:16:10.270,0.83583,0.836,1.88,3.57
2012.09.24 07:16:10.647,0.83583,0.836,1.88,2.55
2012.09.24 07:16:11.241,0.83583,0.836,1.88,3.57
2012.09.24 07:16:14.052,0.83583,0.83595,1.13,1.43
2012.09.24 07:16:14.830,0.83582,0.83595,1.13,1.43
2012.09.24 07:16:22.729,0.8358,0.83593,1.43,1.13
2012.09.24 07:16:23.091,0.83574,0.83588,1.88,1.43
2012.09.24 07:16:23.658,0.83574,0.83588,1.13,1.65
2012.09.24 07:16:25.112,0.83574,0.83586,1.13,1.43
2012.09.24 07:16:25.470,0.83572,0.83584,1.88,1.43
2012.09.24 07:16:25.553,0.83572,0.83588,1.88,1.43
2012.09.24 07:16:25.884,0.83575,0.83588,1.13,1.43
2012.09.24 07:16:26.102,0.83575,0.8359,1.13,1.43
2012.09.24 07:16:26.777,0.83575,0.83587,1.13,1.43
2012.09.24 07:16:27.071,0.83572,0.83587,4.05,2.55
2012.09.24 07:16:27.431,0.83576,0.83587,1.13,1.43
2012.09.24 07:16:31.732,0.83571,0.83586,3.30,1.13
2012.09.24 07:16:32.004,0.83571,0.83584,1.88,1.43
2012.09.24 07:16:32.869,0.83568,0.8358,3.23,1.69
2012.09.24 07:16:32.983,0.83562,0.83576,1.88,1.43
2012.09.24 07:16:33.146,0.83565,0.83579,1.88,1.43
2012.09.24 07:16:33.514,0.83571,0.83583,1.13,2.74
2012.09.24 07:16:33.663,0.83571,0.83583,1.13,2.18
2012.09.24 07:16:34.360,0.83575,0.83583,1.13,2.18
2012.09.24 07:16:36.171,0.83573,0.83583,1.13,1.43
2012.09.24 07:16:40.418,0.83576,0.83583,1.13,1.43
2012.09.24 07:16:53.143,0.83578,0.83587,1.13,1.43
2012.09.24 07:17:03.940,0.83578,0.83591,1.13,2.18
2012.09.24 07:17:04.019,0.83578,0.83591,1.13,1.43
2012.09.24 07:17:08.880,0.83578,0.83591,1.13,2.18
2012.09.24 07:17:08.960,0.83578,0.83591,1.13,1.43
2012.09.24 07:17:09.819,0.83578,0.83591,1.13,2.40
2012.09.24 07:17:13.065,0.8358,0.8359,1.13,1.46
2012.09.24 07:17:13.154,0.8358,0.83591,1.13,2.13
2012.09.24 07:17:13.653,0.8358,0.83593,1.13,1.32
2012.09.24 07:17:14.159,0.8358,0.83594,1.13,3.01
2012.09.24 07:17:17.371,0.8358,0.83594,1.88,1.92
2012.09.24 07:17:22.221,0.8358,0.83594,1.88,2.26
2012.09.24 07:17:22.302,0.83576,0.83591,2.18,1.13
2012.09.24 07:17:22.385,0.83576,0.83591,2.18,1.13
2012.09.24 07:17:22.914,0.83574,0.8359,3.30,1.43
2012.09.24 07:17:25.717,0.83573,0.83587,1.88,1.99
2012.09.24 07:17:25.789,0.83573,0.83587,1.88,1.99
2012.09.24 07:17:30.901,0.83569,0.83586,2.18,1.13
2012.09.24 07:17:31.193,0.83569,0.83586,2.18,4.25
2012.09.24 07:17:31.344,0.83569,0.83586,2.18,4.25
2012.09.24 07:17:31.433,0.83568,0.83583,2.44,1.43
2012.09.24 07:17:32.276,0.83568,0.83579,2.44,1.43
2012.09.24 07:17:33.012,0.83568,0.83579,1.13,1.43
2012.09.24 07:17:34.912,0.83568,0.8358,1.13,1.43
2012.09.24 07:17:35.540,0.83568,0.83581,1.13,1.43
2012.09.24 07:17:35.763,0.83568,0.83584,3.68,2.85
2012.09.24 07:17:35.910,0.83571,0.83584,1.13,1.43
2012.09.24 07:17:41.622,0.83569,0.83584,2.10,1.43
2012.09.24 07:17:41.925,0.83569,0.83582,1.88,1.43
2012.09.24 07:17:42.442,0.83569,0.83582,1.13,1.43
2012.09.24 07:17:47.289,0.83569,0.83584,1.13,3.60
2012.09.24 07:17:47.442,0.83571,0.83584,1.13,2.18
2012.09.24 07:17:49.769,0.83571,0.83587,3.30,1.43
2012.09.24 07:17:49.934,0.83571,0.83587,3.30,1.43
2012.09.24 07:17:50.521,0.83571,0.83585,1.88,1.43
2012.09.24 07:17:55.010,0.83572,0.83585,1.13,1.43
2012.09.24 07:17:58.920,0.83572,0.83585,1.50,1.43
2012.09.24 07:17:59.003,0.83577,0.8359,1.43,3.08
2012.09.24 07:17:59.082,0.83581,0.83586,1.13,1.43
2012.09.24 07:17:59.171,0.83581,0.8359,1.13,1.77
2012.09.24 07:17:59.254,0.83581,0.83597,1.13,3.30
2012.09.24 07:17:59.476,0.83579,0.83593,1.32,1.43
2012.09.24 07:17:59.842,0.83578,0.8359,1.88,1.43
2012.09.24 07:18:00.007,0.83578,0.8359,1.13,1.43
2012.09.24 07:18:00.315,0.83578,0.8359,1.88,1.43
2012.09.24 07:18:00.674,0.83578,0.83588,1.88,1.43
2012.09.24 07:18:01.682,0.83573,0.83588,1.88,1.43
2012.09.24 07:18:01.908,0.83573,0.83584,1.88,1.43
2012.09.24 07:18:02.203,0.83573,0.83584,1.13,1.43
2012.09.24 07:18:03.819,0.8357,0.83581,1.32,1.43
2012.09.24 07:18:03.908,0.83568,0.83581,1.88,1.43
2012.09.24 07:18:04.132,0.83568,0.83578,1.88,1.43
2012.09.24 07:18:04.279,0.83568,0.83578,1.13,1.43
2012.09.24 07:18:05.423,0.83568,0.83582,1.88,1.99
2012.09.24 07:18:10.014,0.83568,0.83582,1.88,1.99
2012.09.24 07:18:10.372,0.83562,0.83578,2.18,2.18
2012.09.24 07:18:10.455,0.83562,0.83578,2.18,2.18
2012.09.24 07:18:10.613,0.83562,0.83578,2.18,2.74
2012.09.24 07:18:10.764,0.83562,0.83578,1.43,2.93
2012.09.24 07:18:10.841,0.83561,0.83574,1.88,1.43
2012.09.24 07:18:11.402,0.83561,0.83574,1.88,2.18
2012.09.24 07:18:13.510,0.83561,0.83576,1.88,1.32
2012.09.24 07:18:14.135,0.83564,0.83576,1.13,1.32
2012.09.24 07:18:14.422,0.83564,0.83578,1.13,3.53
2012.09.24 07:18:15.319,0.83565,0.83578,1.13,3.53
2012.09.24 07:18:15.401,0.83565,0.83578,1.13,1.99
2012.09.24 07:18:15.625,0.83569,0.83581,1.13,1.99
2012.09.24 07:18:15.771,0.83567,0.83582,2.93,1.13
2012.09.24 07:18:15.921,0.83567,0.83582,2.93,1.13
2012.09.24 07:18:16.864,0.83567,0.83582,3.15,1.13
2012.09.24 07:18:16.945,0.83568,0.83583,1.46,1.13
2012.09.24 07:18:17.435,0.83567,0.83582,2.93,1.88
2012.09.24 07:18:17.681,0.8357,0.83582,2.18,1.13
2012.09.24 07:18:18.252,0.83568,0.83582,2.18,1.13
2012.09.24 07:18:18.823,0.83568,0.83583,3.30,1.13
2012.09.24 07:18:19.746,0.83568,0.83583,3.30,1.13
2012.09.24 07:18:20.110,0.83571,0.83586,2.18,1.69
2012.09.24 07:18:20.192,0.83571,0.83586,2.18,1.69
2012.09.24 07:18:22.016,0.83572,0.83587,1.88,1.43
2012.09.24 07:18:22.691,0.83579,0.83591,1.13,1.32
2012.09.24 07:18:23.074,0.83579,0.83594,1.88,3.12
2012.09.24 07:18:24.700,0.83579,0.83594,1.88,3.30
2012.09.24 07:18:25.810,0.83579,0.83594,1.88,3.87
2012.09.24 07:18:26.100,0.83579,0.83592,1.13,2.18
2012.09.24 07:18:29.745,0.83579,0.83592,1.13,1.43
2012.09.24 07:18:32.978,0.83579,0.83592,1.13,2.18
2012.09.24 07:18:33.299,0.83579,0.83592,1.13,1.43
2012.09.24 07:18:33.378,0.83579,0.83592,1.13,2.18
2012.09.24 07:18:33.610,0.83579,0.83592,1.13,1.43
2012.09.24 07:18:34.429,0.83579,0.83594,1.13,2.71
2012.09.24 07:18:35.778,0.83579,0.83592,1.13,1.43
2012.09.24 07:18:37.189,0.83575,0.83591,1.88,1.13
2012.09.24 07:18:39.240,0.83575,0.83591,1.88,1.13
2012.09.24 07:18:39.321,0.83575,0.83591,1.88,1.88
2012.09.24 07:18:40.942,0.83575,0.83591,1.88,1.88
2012.09.24 07:18:41.021,0.83575,0.83591,1.88,1.13
2012.09.24 07:18:41.104,0.83575,0.83591,1.88,1.88
2012.09.24 07:18:41.448,0.83575,0.83591,1.88,1.13
2012.09.24 07:18:42.360,0.83575,0.83591,1.88,1.88
2012.09.24 07:18:43.018,0.83574,0.83588,2.18,1.88
2012.09.24 07:18:43.767,0.83573,0.83584,1.88,1.43
2012.09.24 07:18:45.142,0.83573,0.83588,1.88,3.30
2012.09.24 07:18:47.850,0.83573,0.83588,1.13,2.55
2012.09.24 07:18:48.016,0.83573,0.83586,1.13,1.65
2012.09.24 07:18:49.856,0.83573,0.83588,1.13,2.78
2012.09.24 07:18:51.794,0.83573,0.83588,1.88,2.55
2012.09.24 07:18:52.272,0.83573,0.83588,1.88,2.55
2012.09.24 07:18:52.357,0.83573,0.83585,1.88,1.43
2012.09.24 07:18:52.722,0.83573,0.83588,1.88,4.09
2012.09.24 07:18:53.239,0.83573,0.83588,1.88,3.34
2012.09.24 07:18:53.933,0.83573,0.83588,1.88,3.34
2012.09.24 07:18:56.616,0.83571,0.83586,1.24,1.35
2012.09.24 07:19:00.235,0.83573,0.83588,1.88,1.43
2012.09.24 07:19:05.172,0.83573,0.83588,1.88,1.43
2012.09.24 07:19:05.403,0.83571,0.83585,1.24,1.13
2012.09.24 07:19:05.621,0.83571,0.83588,1.88,3.12
2012.09.24 07:19:06.753,0.83574,0.83588,1.43,1.69
2012.09.24 07:19:06.831,0.83574,0.83588,2.18,1.69
2012.09.24 07:19:09.219,0.83576,0.8359,1.88,1.99
2012.09.24 07:19:09.981,0.83576,0.8359,1.88,1.43
2012.09.24 07:19:11.092,0.83576,0.8359,1.88,1.43
2012.09.24 07:19:11.312,0.83577,0.83593,3.79,1.43
2012.09.24 07:19:11.394,0.83577,0.83593,4.54,2.18
2012.09.24 07:19:12.014,0.83577,0.83593,3.79,2.18
2012.09.24 07:19:12.924,0.83577,0.83593,3.79,1.43
2012.09.24 07:19:13.694,0.83577,0.83593,4.35,2.18
2012.09.24 07:19:18.543,0.83577,0.83593,3.87,2.18
2012.09.24 07:19:25.904,0.83577,0.83593,3.30,2.18
2012.09.24 07:19:26.191,0.83575,0.8359,2.44,1.43
2012.09.24 07:19:26.483,0.83576,0.8359,1.24,2.18
2012.09.24 07:19:27.481,0.83573,0.83586,1.24,1.69
2012.09.24 07:19:27.562,0.83573,0.83586,1.24,1.69
2012.09.24 07:19:27.852,0.83571,0.83583,1.88,1.43
2012.09.24 07:19:28.080,0.83571,0.83582,1.88,1.43
2012.09.24 07:19:29.047,0.83567,0.83582,1.88,2.55
2012.09.24 07:19:29.412,0.83565,0.83578,1.32,1.43
2012.09.24 07:19:30.903,0.83565,0.83579,2.18,1.13
2012.09.24 07:19:31.466,0.83564,0.83578,1.88,1.43
2012.09.24 07:19:31.623,0.83564,0.83578,1.88,1.43
2012.09.24 07:19:32.333,0.83562,0.83575,2.18,1.13
2012.09.24 07:19:32.695,0.8356,0.83575,1.88,4.47
2012.09.24 07:19:32.772,0.83558,0.83573,2.18,2.10
2012.09.24 07:19:32.919,0.83558,0.83573,2.18,2.10
2012.09.24 07:19:33.142,0.83556,0.8357,1.88,1.43
2012.09.24 07:19:33.289,0.83556,0.8357,1.88,1.43
2012.09.24 07:19:33.513,0.83556,0.8357,1.69,1.43
2012.09.24 07:19:33.660,0.83556,0.83568,1.13,1.43
2012.09.24 07:19:37.490,0.83557,0.83571,2.18,1.13
2012.09.24 07:19:37.992,0.83557,0.8357,2.18,1.43
2012.09.24 07:19:38.351,0.83556,0.83568,1.88,1.43
2012.09.24 07:19:38.433,0.83556,0.83568,1.88,1.43
2012.09.24 07:19:39.530,0.83554,0.83568,1.32,2.18
2012.09.24 07:19:39.749,0.83553,0.83568,1.88,2.18
2012.09.24 07:19:41.232,0.83556,0.83571,1.88,1.06
2012.09.24 07:19:41.800,0.83556,0.83568,1.13,1.43
2012.09.24 07:19:42.022,0.83556,0.83572,1.88,2.37
2012.09.24 07:19:42.101,0.83556,0.83568,1.88,1.43
2012.09.24 07:19:42.930,0.83555,0.83569,3.30,1.65
2012.09.24 07:19:43.572,0.83555,0.83571,3.30,1.99
2012.09.24 07:19:44.141,0.83555,0.83571,3.30,1.43
2012.09.24 07:19:44.807,0.83558,0.83572,2.18,1.35
2012.09.24 07:19:45.009,0.83555,0.83571,3.30,1.43
2012.09.24 07:19:47.319,0.83558,0.83571,1.13,1.43
2012.09.24 07:19:47.671,0.83558,0.8357,1.13,1.65
2012.09.24 07:19:48.172,0.83555,0.8357,1.24,1.13
2012.09.24 07:19:48.531,0.8356,0.83571,1.13,1.43
2012.09.24 07:19:48.964,0.8356,0.83572,1.13,2.18
2012.09.24 07:19:49.182,0.83556,0.83571,1.88,3.30
2012.09.24 07:19:49.477,0.83559,0.83568,1.13,1.43
2012.09.24 07:19:49.994,0.83557,0.83569,1.88,2.18
2012.09.24 07:19:50.356,0.83552,0.83566,1.50,1.65
2012.09.24 07:19:50.445,0.83551,0.83566,2.36,1.65
2012.09.24 07:19:50.534,0.83551,0.83561,1.88,1.43
2012.09.24 07:19:51.103,0.83551,0.83561,1.13,1.43
2012.09.24 07:19:56.665,0.83544,0.83561,3.79,2.55
2012.09.24 07:19:58.281,0.83545,0.83559,1.32,1.43
2012.09.24 07:19:58.876,0.83545,0.83557,1.32,1.43
2012.09.24 07:20:00.601,0.83542,0.83553,1.80,1.13
2012.09.24 07:20:00.827,0.83543,0.83556,2.44,1.43
2012.09.24 07:20:00.913,0.83543,0.83558,1.69,1.43
2012.09.24 07:20:01.131,0.83543,0.83558,2.44,1.43
2012.09.24 07:20:01.640,0.83543,0.83558,2.44,1.43
2012.09.24 07:20:02.421,0.83543,0.83558,1.88,1.43
2012.09.24 07:20:04.670,0.83543,0.83557,1.88,1.43
2012.09.24 07:20:05.614,0.83542,0.83555,2.18,1.13
2012.09.24 07:20:10.381,0.83543,0.83557,1.88,1.43
2012.09.24 07:20:10.461,0.83543,0.83557,1.88,1.43
2012.09.24 07:20:11.002,0.83542,0.83556,2.74,1.13
2012.09.24 07:20:11.935,0.83542,0.83556,2.18,1.13
2012.09.24 07:20:12.970,0.83539,0.83553,2.18,1.13
2012.09.24 07:20:14.142,0.8354,0.83555,1.88,2.55
2012.09.24 07:20:14.221,0.83542,0.83555,2.18,1.13
2012.09.24 07:20:14.800,0.83542,0.83555,2.18,1.13
2012.09.24 07:20:21.082,0.8354,0.83548,3.30,1.88
2012.09.24 07:20:21.166,0.8354,0.83546,2.18,1.54
2012.09.24 07:20:21.260,0.83537,0.83546,1.50,1.40
2012.09.24 07:20:21.484,0.83536,0.8355,1.88,1.99
2012.09.24 07:20:21.714,0.83537,0.83552,2.18,2.70
2012.09.24 07:20:22.074,0.8354,0.83552,1.88,1.28
2012.09.24 07:20:22.573,0.83535,0.83552,3.30,1.13
2012.09.24 07:20:23.492,0.83535,0.83553,3.87,2.55
2012.09.24 07:20:23.712,0.8354,0.83553,1.43,1.13
2012.09.24 07:20:25.752,0.8354,0.83553,2.18,1.35
2012.09.24 07:20:25.973,0.8354,0.83553,2.18,1.13
2012.09.24 07:20:27.688,0.83538,0.83553,2.18,1.13
2012.09.24 07:20:28.613,0.83538,0.83553,2.18,2.44
2012.09.24 07:20:29.182,0.83538,0.83553,2.18,1.13
2012.09.24 07:20:30.344,0.83539,0.83556,1.88,1.43
2012.09.24 07:20:30.491,0.83542,0.83557,2.18,1.13
2012.09.24 07:20:30.870,0.83548,0.83561,3.30,1.13
2012.09.24 07:20:32.210,0.83554,0.83566,2.18,1.13
2012.09.24 07:20:35.332,0.83558,0.8357,1.88,2.89
2012.09.24 07:20:35.553,0.83554,0.83569,2.18,1.92
2012.09.24 07:20:35.773,0.83554,0.83569,2.18,1.13
2012.09.24 07:20:36.281,0.83554,0.83569,2.18,3.00
2012.09.24 07:20:41.171,0.83554,0.83569,2.18,3.57
2012.09.24 07:20:42.149,0.83557,0.83569,1.50,1.69
2012.09.24 07:20:42.853,0.83559,0.8357,1.88,1.99
2012.09.24 07:20:43.362,0.83559,0.83572,3.30,2.44
2012.09.24 07:20:45.613,0.83559,0.83574,2.18,2.48
2012.09.24 07:20:46.138,0.83559,0.83574,2.18,1.92
2012.09.24 07:20:46.659,0.8356,0.83574,1.13,1.69
2012.09.24 07:20:50.849,0.83561,0.83576,1.13,1.43
2012.09.24 07:20:54.749,0.83563,0.83576,1.13,1.43
2012.09.24 07:20:55.111,0.83563,0.83576,2.07,1.43
2012.09.24 07:20:55.545,0.83567,0.83579,1.88,1.43
2012.09.24 07:20:56.669,0.83564,0.83577,1.99,2.55
2012.09.24 07:20:56.971,0.83562,0.8357,1.92,1.13
2012.09.24 07:20:57.192,0.83552,0.83568,2.71,2.55
2012.09.24 07:20:58.412,0.83552,0.83568,2.63,2.55
2012.09.24 07:20:58.491,0.83552,0.83568,2.63,2.55
2012.09.24 07:20:58.574,0.83553,0.83568,1.50,2.55
2012.09.24 07:20:58.650,0.83552,0.83568,1.88,2.55
2012.09.24 07:20:59.330,0.83552,0.83568,2.36,2.55
2012.09.24 07:20:59.552,0.83555,0.83568,2.18,1.13
2012.09.24 07:20:59.707,0.83553,0.83568,1.13,2.55
2012.09.24 07:21:00.073,0.83555,0.83568,2.18,1.13
2012.09.24 07:21:00.505,0.83556,0.83573,1.88,3.05
2012.09.24 07:21:00.581,0.83556,0.83573,1.88,3.05
2012.09.24 07:21:01.151,0.83556,0.83573,1.88,2.55
2012.09.24 07:21:04.829,0.83556,0.83573,1.88,2.55
2012.09.24 07:21:05.580,0.83556,0.83573,1.88,2.55
2012.09.24 07:21:08.004,0.83556,0.83573,1.88,2.55
2012.09.24 07:21:08.222,0.83555,0.8357,3.30,1.13
2012.09.24 07:21:08.372,0.83555,0.8357,1.88,2.55
2012.09.24 07:21:09.483,0.83555,0.83566,1.88,1.43
2012.09.24 07:21:10.593,0.83555,0.83566,1.88,1.43
2012.09.24 07:21:11.934,0.8355,0.83566,3.87,1.43
2012.09.24 07:21:16.304,0.83557,0.83566,1.13,1.43
2012.09.24 07:21:16.662,0.83558,0.83566,2.18,1.43
2012.09.24 07:21:16.745,0.83558,0.83572,2.18,1.92
2012.09.24 07:21:19.512,0.8356,0.83575,2.18,1.13
2012.09.24 07:21:21.334,0.83562,0.83576,1.69,2.55
2012.09.24 07:21:22.493,0.83564,0.8358,2.82,1.43
2012.09.24 07:21:22.574,0.83566,0.83582,2.18,1.88
2012.09.24 07:21:23.244,0.83566,0.83582,2.18,1.13
2012.09.24 07:21:24.261,0.83566,0.83582,2.18,1.13
2012.09.24 07:21:24.342,0.83564,0.83577,2.82,1.43
2012.09.24 07:21:25.125,0.83564,0.83577,2.82,1.43
2012.09.24 07:21:25.341,0.83565,0.8358,1.24,1.43
2012.09.24 07:21:25.420,0.83565,0.83582,1.24,2.55
2012.09.24 07:21:29.752,0.83565,0.83582,1.24,2.55
2012.09.24 07:21:29.986,0.83573,0.83585,1.13,1.35
2012.09.24 07:21:30.131,0.83573,0.83588,2.93,1.43
2012.09.24 07:21:30.209,0.83576,0.8359,1.43,1.69
2012.09.24 07:21:31.545,0.83576,0.8359,2.18,1.13
2012.09.24 07:21:33.335,0.83578,0.83592,1.88,1.43
2012.09.24 07:21:33.624,0.83581,0.83594,2.18,1.61
2012.09.24 07:21:35.253,0.83578,0.83594,2.18,1.43
2012.09.24 07:21:37.860,0.83578,0.83594,2.18,1.43
2012.09.24 07:21:41.188,0.83578,0.83594,2.18,2.18
2012.09.24 07:21:43.502,0.83578,0.83592,2.66,1.13
2012.09.24 07:21:53.818,0.83578,0.83592,2.18,1.13
2012.09.24 07:21:54.120,0.83578,0.8359,2.18,1.13
2012.09.24 07:21:57.131,0.83576,0.83588,2.18,1.13
2012.09.24 07:21:57.569,0.83572,0.83588,2.18,1.13
2012.09.24 07:22:01.101,0.83572,0.83588,2.18,1.88
2012.09.24 07:22:01.320,0.83572,0.83588,2.18,1.88
2012.09.24 07:22:03.697,0.83572,0.83588,2.18,2.63
2012.09.24 07:22:03.934,0.83576,0.83591,1.88,1.88
2012.09.24 07:22:04.432,0.83576,0.83591,2.36,1.88
2012.09.24 07:22:04.932,0.83576,0.83592,1.24,1.69
2012.09.24 07:22:06.035,0.83576,0.83592,1.24,1.69
2012.09.24 07:22:06.392,0.83577,0.83592,1.13,1.13
2012.09.24 07:22:07.026,0.8358,0.83595,1.88,1.32
2012.09.24 07:22:07.625,0.8358,0.83595,1.88,1.32
2012.09.24 07:22:08.135,0.83581,0.83596,1.13,1.88
2012.09.24 07:22:09.210,0.83581,0.83596,1.13,1.13
2012.09.24 07:22:11.699,0.83581,0.83596,1.13,1.13
2012.09.24 07:22:12.484,0.83586,0.83601,2.18,1.13
2012.09.24 07:22:13.614,0.83586,0.83601,2.18,1.88
2012.09.24 07:22:14.432,0.83586,0.83601,2.18,1.13
2012.09.24 07:22:24.310,0.83587,0.83603,1.88,1.88
2012.09.24 07:22:24.878,0.83591,0.83604,1.13,1.43
2012.09.24 07:22:25.245,0.83591,0.83606,1.88,1.99
2012.09.24 07:22:27.562,0.83591,0.83606,1.88,1.99
2012.09.24 07:22:28.762,0.83591,0.83606,1.88,1.43
2012.09.24 07:22:29.122,0.83598,0.83611,2.18,1.92
2012.09.24 07:22:29.693,0.83598,0.83612,2.18,1.13
2012.09.24 07:22:30.168,0.83598,0.83612,2.18,1.13
2012.09.24 07:22:30.549,0.83598,0.83614,2.18,3.30
2012.09.24 07:22:30.702,0.83598,0.83614,2.18,3.30
2012.09.24 07:22:31.218,0.83602,0.83614,1.88,1.43
2012.09.24 07:22:31.523,0.83611,0.83619,1.13,1.99
2012.09.24 07:22:32.091,0.83608,0.83622,1.88,1.24
2012.09.24 07:22:32.937,0.83608,0.83623,1.88,1.43
2012.09.24 07:22:33.014,0.83608,0.83623,1.88,1.43
2012.09.24 07:22:39.823,0.83608,0.83623,2.36,1.43
2012.09.24 07:22:40.111,0.83608,0.83623,2.36,1.43
2012.09.24 07:22:40.190,0.83609,0.83625,2.18,3.30
2012.09.24 07:22:40.914,0.83609,0.83625,2.18,3.30
2012.09.24 07:22:41.614,0.83609,0.83625,2.18,3.30
2012.09.24 07:22:42.172,0.83609,0.83623,2.18,1.13
2012.09.24 07:22:43.089,0.83606,0.83622,2.18,1.43
2012.09.24 07:22:43.176,0.83606,0.83614,2.18,1.13
2012.09.24 07:22:43.269,0.83606,0.83614,2.18,1.13
2012.09.24 07:22:43.497,0.83602,0.83614,2.18,1.13
2012.09.24 07:22:44.003,0.83601,0.83614,1.32,2.55
2012.09.24 07:22:49.245,0.83596,0.83608,2.18,1.13
2012.09.24 07:22:49.329,0.83595,0.83608,1.32,1.13
2012.09.24 07:22:49.417,0.83594,0.83601,2.18,1.13
2012.09.24 07:22:49.506,0.83594,0.83601,1.43,1.13
2012.09.24 07:22:49.734,0.83594,0.83601,1.43,3.11
2012.09.24 07:22:50.045,0.83591,0.83596,1.32,1.43
2012.09.24 07:22:50.493,0.83585,0.83596,1.20,2.18
2012.09.24 07:22:50.642,0.83585,0.83596,1.77,1.43
2012.09.24 07:22:51.156,0.83584,0.83592,1.02,1.43
2012.09.24 07:22:51.391,0.8358,0.83592,1.88,1.43
2012.09.24 07:22:58.872,0.8358,0.83595,1.88,2.18
2012.09.24 07:22:59.582,0.83579,0.83592,1.50,1.13
2012.09.24 07:23:06.110,0.83578,0.8359,2.18,1.13
2012.09.24 07:23:06.195,0.83575,0.8359,3.26,1.13
2012.09.24 07:23:06.286,0.83575,0.8359,2.18,1.88
2012.09.24 07:23:06.645,0.83571,0.83586,1.88,3.34
2012.09.24 07:23:06.722,0.83571,0.83586,1.88,3.34
2012.09.24 07:23:07.971,0.83573,0.83586,2.25,1.99
2012.09.24 07:23:08.124,0.83574,0.83588,2.18,1.50
2012.09.24 07:23:08.271,0.83578,0.83589,1.88,1.50
2012.09.24 07:23:08.491,0.83578,0.83594,1.88,2.07
2012.09.24 07:23:10.194,0.83577,0.83591,2.18,1.13
2012.09.24 07:23:10.552,0.83579,0.83591,1.88,1.43
2012.09.24 07:23:11.450,0.83579,0.83591,1.13,1.43
2012.09.24 07:23:13.611,0.83576,0.83591,1.32,1.43
2012.09.24 07:23:15.400,0.83575,0.83588,2.18,1.13
2012.09.24 07:23:15.694,0.83573,0.83588,1.88,2.55
2012.09.24 07:23:16.280,0.83572,0.83587,2.44,1.13
2012.09.24 07:23:17.485,0.83574,0.83588,1.88,1.43
2012.09.24 07:23:17.579,0.83572,0.83586,1.88,1.43
2012.09.24 07:23:17.913,0.83572,0.83588,1.88,1.69
2012.09.24 07:23:17.992,0.83572,0.83588,1.88,1.69
2012.09.24 07:23:19.830,0.83572,0.83586,1.88,1.43
2012.09.24 07:23:19.981,0.83572,0.83586,1.13,1.43
2012.09.24 07:23:20.500,0.83572,0.83586,1.88,1.43
2012.09.24 07:23:20.674,0.83569,0.83584,2.36,1.13
2012.09.24 07:23:21.031,0.83568,0.83582,1.32,1.13
2012.09.24 07:23:21.532,0.83569,0.83583,1.88,1.43
2012.09.24 07:23:22.944,0.83569,0.83583,1.88,1.43
2012.09.24 07:23:23.023,0.83569,0.83585,4.80,2.85
2012.09.24 07:23:23.176,0.83574,0.83588,1.13,2.97
2012.09.24 07:23:23.253,0.83575,0.8359,1.13,1.99
2012.09.24 07:23:23.332,0.83579,0.8359,1.13,1.99
2012.09.24 07:23:23.412,0.83579,0.8359,1.13,1.43
2012.09.24 07:23:23.493,0.83579,0.83593,1.13,2.40
2012.09.24 07:23:24.569,0.83582,0.83594,1.13,1.13
2012.09.24 07:23:25.173,0.83577,0.83593,3.30,1.43
2012.09.24 07:23:27.265,0.8358,0.83593,1.88,1.43
2012.09.24 07:23:27.351,0.8358,0.83597,1.88,3.90
2012.09.24 07:23:28.841,0.83584,0.83597,2.18,1.13
2012.09.24 07:23:29.719,0.83585,0.836,1.13,1.43
2012.09.24 07:23:30.666,0.83585,0.836,1.88,2.18
2012.09.24 07:23:30.748,0.83591,0.83602,1.13,1.70
2012.09.24 07:23:30.916,0.83591,0.83607,1.88,3.90
2012.09.24 07:23:31.008,0.83591,0.83607,1.88,2.40
2012.09.24 07:23:31.095,0.83591,0.83607,1.88,2.18
2012.09.24 07:23:31.687,0.83591,0.83607,1.88,2.18
2012.09.24 07:23:32.955,0.83591,0.83607,1.88,2.40
2012.09.24 07:23:34.041,0.83591,0.83604,1.88,1.43
2012.09.24 07:23:34.551,0.83591,0.83607,1.88,2.40
2012.09.24 07:23:35.201,0.83591,0.83607,1.88,2.40
2012.09.24 07:23:35.279,0.83591,0.83603,1.88,1.43
2012.09.24 07:23:35.819,0.83591,0.83607,1.88,2.40
2012.09.24 07:23:36.092,0.8359,0.83606,2.18,2.63
2012.09.24 07:23:36.643,0.83587,0.83603,2.18,2.10
2012.09.24 07:23:37.183,0.83589,0.83602,1.13,1.43
2012.09.24 07:23:37.812,0.83586,0.83602,2.82,2.55
2012.09.24 07:23:38.227,0.83586,0.83602,1.88,3.30
2012.09.24 07:23:38.524,0.83589,0.83602,1.13,1.43
2012.09.24 07:23:38.601,0.83589,0.83602,1.88,1.43
2012.09.24 07:23:40.720,0.83589,0.83602,1.88,1.43
2012.09.24 07:23:41.627,0.83589,0.83602,1.88,1.43
2012.09.24 07:23:42.709,0.83589,0.83602,1.88,1.43
2012.09.24 07:23:44.291,0.83589,0.83602,1.88,2.18
2012.09.24 07:23:52.350,0.83589,0.83602,1.88,1.43
2012.09.24 07:23:52.871,0.83589,0.83602,1.88,1.43
2012.09.24 07:23:53.094,0.83589,0.83604,3.30,1.88
2012.09.24 07:23:53.678,0.83589,0.83604,3.30,1.88
2012.09.24 07:23:54.048,0.83584,0.83594,1.88,1.13
2012.09.24 07:23:54.136,0.83584,0.83594,1.32,1.13
2012.09.24 07:23:54.228,0.83584,0.83592,1.32,1.13
2012.09.24 07:23:54.386,0.83582,0.83592,1.20,1.13
2012.09.24 07:23:54.606,0.83582,0.83587,1.20,1.13
2012.09.24 07:23:54.765,0.83579,0.83587,1.35,1.13
2012.09.24 07:23:54.842,0.83575,0.83587,1.35,2.55
2012.09.24 07:23:55.209,0.83573,0.83587,1.32,2.55
2012.09.24 07:23:56.380,0.83572,0.83587,3.30,2.55
2012.09.24 07:23:58.419,0.83572,0.83586,3.30,1.88
2012.09.24 07:23:58.783,0.83572,0.83581,2.18,1.13
2012.09.24 07:23:59.339,0.83572,0.83582,2.18,1.13
2012.09.24 07:24:01.454,0.83572,0.83586,2.18,1.13
2012.09.24 07:24:01.892,0.83572,0.83586,2.18,2.44
2012.09.24 07:24:02.252,0.83569,0.83575,2.18,1.13
2012.09.24 07:24:02.334,0.83569,0.83575,1.43,1.13
2012.09.24 07:24:02.554,0.83567,0.83579,2.18,1.13
2012.09.24 07:24:02.842,0.83568,0.83579,2.18,1.13
2012.09.24 07:24:06.614,0.83565,0.83579,2.18,1.92
2012.09.24 07:24:06.977,0.83561,0.83571,2.18,1.13
2012.09.24 07:24:12.501,0.83562,0.83571,2.18,1.13
2012.09.24 07:24:21.178,0.83562,0.83571,2.18,1.13
2012.09.24 07:24:22.188,0.83558,0.83569,2.18,1.13
2012.09.24 07:24:22.694,0.83556,0.83569,1.20,1.13
2012.09.24 07:24:23.064,0.83555,0.83569,1.20,1.88
2012.09.24 07:24:23.603,0.83553,0.83569,3.30,1.88
2012.09.24 07:24:26.552,0.83553,0.83569,3.30,1.88
2012.09.24 07:24:27.313,0.83561,0.83569,2.18,1.13
2012.09.24 07:24:34.435,0.83554,0.83567,2.18,1.13
2012.09.24 07:24:34.825,0.83554,0.83567,2.18,1.13
2012.09.24 07:24:35.045,0.83555,0.83567,2.18,1.13
2012.09.24 07:24:35.570,0.83556,0.83567,2.66,1.13
2012.09.24 07:24:35.656,0.83556,0.83571,2.66,1.13
2012.09.24 07:24:36.183,0.83556,0.83571,2.66,1.50
2012.09.24 07:24:36.330,0.83556,0.83571,2.66,1.13
2012.09.24 07:24:36.584,0.83558,0.83573,1.88,1.32
2012.09.24 07:24:36.821,0.83563,0.83578,1.69,2.18
2012.09.24 07:24:36.985,0.83565,0.83579,1.32,1.13
2012.09.24 07:24:37.582,0.83568,0.83579,1.43,1.13
2012.09.24 07:24:38.118,0.83568,0.83573,1.43,1.13
2012.09.24 07:24:38.275,0.83564,0.83573,2.66,1.13
2012.09.24 07:24:38.494,0.83561,0.83575,2.18,1.13
2012.09.24 07:24:38.990,0.83563,0.83575,2.18,1.13
2012.09.24 07:24:43.390,0.83563,0.83575,2.18,1.13
2012.09.24 07:24:44.642,0.83563,0.83575,2.18,1.13
2012.09.24 07:24:44.791,0.83563,0.83575,2.18,1.13
2012.09.24 07:24:45.334,0.83563,0.83574,2.18,1.13
2012.09.24 07:24:45.848,0.83559,0.83575,2.74,2.18
2012.09.24 07:24:46.371,0.83559,0.83575,2.18,2.18
2012.09.24 07:24:46.898,0.83565,0.83575,1.43,1.73
2012.09.24 07:24:47.845,0.83565,0.8357,1.43,1.13
2012.09.24 07:24:47.934,0.83562,0.8357,2.18,1.13
2012.09.24 07:24:48.153,0.83557,0.8357,2.18,1.13
2012.09.24 07:24:48.373,0.83555,0.8357,2.48,1.69
2012.09.24 07:24:48.975,0.83555,0.83566,1.35,1.13
2012.09.24 07:24:49.073,0.83558,0.8357,2.18,2.07
2012.09.24 07:24:49.889,0.83558,0.83573,2.18,1.13
2012.09.24 07:24:49.974,0.83561,0.83572,1.13,1.13
2012.09.24 07:24:50.352,0.83561,0.83576,1.88,2.44
2012.09.24 07:24:50.504,0.83561,0.83576,1.88,2.07
2012.09.24 07:24:50.582,0.83561,0.83576,1.88,1.69
2012.09.24 07:24:51.531,0.8356,0.83578,2.18,1.21
2012.09.24 07:24:51.613,0.8356,0.83574,1.88,1.80
2012.09.24 07:24:51.692,0.83562,0.83577,2.18,2.15
2012.09.24 07:24:51.774,0.83562,0.83577,1.43,1.13
2012.09.24 07:24:51.854,0.83562,0.83577,1.43,1.35
2012.09.24 07:24:51.932,0.83562,0.83577,1.43,1.13
2012.09.24 07:24:52.534,0.83563,0.83577,2.18,3.98
2012.09.24 07:24:52.772,0.83565,0.83579,1.88,1.32
2012.09.24 07:24:53.060,0.83567,0.8358,1.43,1.99
2012.09.24 07:24:53.423,0.8357,0.83581,1.43,1.69
2012.09.24 07:24:54.009,0.83569,0.83581,1.43,1.69
2012.09.24 07:24:54.953,0.83567,0.83581,2.93,1.69
2012.09.24 07:24:56.731,0.83567,0.83579,2.18,1.32
2012.09.24 07:24:58.753,0.83567,0.83581,2.18,1.69
2012.09.24 07:24:58.838,0.8357,0.83583,1.13,1.69
2012.09.24 07:24:59.426,0.83571,0.83585,2.18,2.07
2012.09.24 07:25:00.127,0.83571,0.83585,2.18,2.07
2012.09.24 07:25:00.717,0.83571,0.83585,2.18,1.13
2012.09.24 07:25:03.481,0.83574,0.83585,1.43,1.13
2012.09.24 07:25:03.773,0.83574,0.83589,3.30,2.10
2012.09.24 07:25:05.113,0.83574,0.8359,3.87,2.10
2012.09.24 07:25:06.743,0.83578,0.8359,2.18,2.10
2012.09.24 07:25:06.827,0.8358,0.8359,1.32,1.13
2012.09.24 07:25:06.914,0.83581,0.83594,1.88,2.18
2012.09.24 07:25:07.669,0.83585,0.83596,1.43,1.50
2012.09.24 07:25:08.184,0.83583,0.83596,2.18,1.13
2012.09.24 07:25:08.542,0.83583,0.83596,2.18,1.13
2012.09.24 07:25:09.965,0.83583,0.83596,2.18,1.13
2012.09.24 07:25:12.644,0.83583,0.83594,2.18,1.13
2012.09.24 07:25:13.469,0.83583,0.83594,2.18,1.13
2012.09.24 07:25:14.980,0.83584,0.83594,2.18,1.13
2012.09.24 07:25:24.224,0.83581,0.83594,2.18,2.18
2012.09.24 07:25:24.439,0.83581,0.83596,3.30,1.73
2012.09.24 07:25:24.523,0.83581,0.83596,3.30,1.13
2012.09.24 07:25:25.219,0.83581,0.83596,3.30,1.13
2012.09.24 07:25:29.435,0.83583,0.83596,2.18,1.13
2012.09.24 07:25:29.753,0.83583,0.83596,2.18,1.13
2012.09.24 07:25:40.373,0.83584,0.83596,2.18,1.88
2012.09.24 07:25:40.520,0.83584,0.83596,2.18,1.13
2012.09.24 07:25:41.205,0.83582,0.83597,2.18,1.13
2012.09.24 07:25:41.432,0.83582,0.83597,2.18,1.88
2012.09.24 07:25:41.710,0.83583,0.83597,1.50,1.88
2012.09.24 07:25:43.013,0.8358,0.83591,2.18,1.13
2012.09.24 07:25:43.301,0.83578,0.83591,1.50,1.88
2012.09.24 07:25:43.561,0.83577,0.83591,3.30,1.13
2012.09.24 07:25:48.433,0.83579,0.83593,1.50,3.30
2012.09.24 07:25:53.291,0.83581,0.83595,1.50,1.88
2012.09.24 07:25:53.374,0.83581,0.83595,1.50,1.88
2012.09.24 07:25:53.990,0.83584,0.83591,1.43,1.13
2012.09.24 07:25:54.155,0.83581,0.83591,2.18,1.88
2012.09.24 07:25:55.149,0.83578,0.83591,2.18,1.88
2012.09.24 07:25:55.889,0.83578,0.83591,2.18,2.25
2012.09.24 07:25:55.979,0.83575,0.83587,1.50,1.13
2012.09.24 07:25:57.759,0.83574,0.83587,2.18,1.13
2012.09.24 07:25:58.899,0.83574,0.83587,2.18,1.88
2012.09.24 07:25:59.499,0.83574,0.83587,2.18,1.88
2012.09.24 07:25:59.583,0.83574,0.83587,2.18,1.13
2012.09.24 07:26:00.151,0.83575,0.83587,1.50,1.13
2012.09.24 07:26:14.040,0.83573,0.83587,2.18,1.13
2012.09.24 07:26:14.550,0.83572,0.83587,2.93,1.13
2012.09.24 07:26:21.122,0.83574,0.83587,1.50,1.13
2012.09.24 07:26:21.216,0.83576,0.83591,1.88,4.36
2012.09.24 07:26:21.303,0.83577,0.83591,2.25,1.69
2012.09.24 07:26:21.740,0.83582,0.83593,1.88,1.23
2012.09.24 07:26:22.146,0.83584,0.83598,2.18,2.36
2012.09.24 07:26:22.629,0.83585,0.83598,1.50,1.88
2012.09.24 07:26:23.129,0.83587,0.83602,2.18,2.44
2012.09.24 07:26:23.529,0.83584,0.83597,1.50,1.13
2012.09.24 07:26:23.748,0.83582,0.83597,2.74,1.13
2012.09.24 07:26:24.322,0.83586,0.83599,1.88,1.32
2012.09.24 07:26:24.482,0.83586,0.83599,1.88,1.32
2012.09.24 07:26:25.426,0.83586,0.83601,1.88,1.88
2012.09.24 07:26:25.789,0.83586,0.83601,2.63,1.88
2012.09.24 07:26:26.377,0.83586,0.83601,2.63,1.13
2012.09.24 07:26:26.879,0.83589,0.83601,2.18,1.13
2012.09.24 07:26:29.120,0.83589,0.83603,2.93,1.88
2012.09.24 07:26:29.199,0.83592,0.83603,1.88,1.13
2012.09.24 07:26:29.350,0.83596,0.83606,1.13,2.03
2012.09.24 07:26:29.509,0.83599,0.83607,1.43,3.42
2012.09.24 07:26:30.213,0.83599,0.83607,2.18,2.67
2012.09.24 07:26:30.302,0.83599,0.83612,2.18,1.72
2012.09.24 07:26:32.935,0.83599,0.83609,2.18,1.13
2012.09.24 07:26:33.720,0.83595,0.83609,2.18,2.25
2012.09.24 07:26:34.601,0.83597,0.83609,1.43,1.88
2012.09.24 07:26:35.296,0.83595,0.83609,2.18,1.88
2012.09.24 07:26:35.669,0.83596,0.83611,1.50,1.13
2012.09.24 07:26:36.507,0.83598,0.83612,2.18,1.88
2012.09.24 07:26:36.817,0.83594,0.83602,1.43,1.13
2012.09.24 07:26:38.382,0.83592,0.836,1.43,1.88
2012.09.24 07:26:38.681,0.8359,0.836,1.43,2.44
2012.09.24 07:26:38.761,0.83585,0.83598,1.35,1.69
2012.09.24 07:26:38.840,0.83587,0.83598,1.43,1.69
2012.09.24 07:26:45.429,0.83587,0.83596,1.43,1.13
2012.09.24 07:26:45.719,0.83585,0.83596,3.60,1.13
2012.09.24 07:26:46.356,0.83588,0.83596,1.43,1.13
2012.09.24 07:26:47.050,0.83588,0.83602,1.43,2.92
2012.09.24 07:26:47.280,0.83592,0.83602,1.43,1.61
2012.09.24 07:26:48.630,0.83587,0.83602,2.18,1.13
2012.09.24 07:26:49.592,0.83587,0.83603,2.18,1.69
2012.09.24 07:26:50.596,0.8359,0.83603,1.43,1.69
2012.09.24 07:26:51.668,0.83589,0.83603,1.43,1.88
2012.09.24 07:26:51.826,0.83586,0.83601,1.13,1.43
2012.09.24 07:26:54.425,0.83585,0.83601,3.30,1.43
2012.09.24 07:26:55.785,0.83588,0.83603,1.43,2.18
2012.09.24 07:26:56.377,0.83583,0.836,3.87,1.13
2012.09.24 07:26:56.709,0.83584,0.83598,1.88,2.63
2012.09.24 07:26:57.075,0.83579,0.83592,1.32,1.13
2012.09.24 07:26:57.157,0.83579,0.83592,1.32,1.13
2012.09.24 07:26:58.745,0.83578,0.83592,1.43,1.69
2012.09.24 07:27:01.310,0.83578,0.83592,2.18,1.69
2012.09.24 07:27:02.228,0.83578,0.83593,2.18,1.13
2012.09.24 07:27:02.803,0.83581,0.83593,2.18,1.13
2012.09.24 07:27:03.597,0.83578,0.83592,2.18,1.69
2012.09.24 07:27:04.382,0.83578,0.83591,2.18,1.13
2012.09.24 07:27:07.622,0.83581,0.83596,3.75,1.43
2012.09.24 07:27:07.781,0.83584,0.83599,1.32,1.13
2012.09.24 07:27:08.345,0.83583,0.83599,2.18,1.13
2012.09.24 07:27:08.933,0.83583,0.83599,3.23,1.13
2012.09.24 07:27:14.118,0.83583,0.83599,2.18,1.88
2012.09.24 07:27:14.972,0.83581,0.8359,2.18,1.13
2012.09.24 07:27:15.057,0.83581,0.8359,2.18,1.13
2012.09.24 07:27:15.487,0.83578,0.8359,3.72,1.13
2012.09.24 07:27:18.579,0.83578,0.83591,2.18,1.13
2012.09.24 07:27:27.444,0.83585,0.83595,1.13,1.43
2012.09.24 07:27:27.600,0.83585,0.83599,1.13,2.18
2012.09.24 07:27:27.967,0.83585,0.83599,1.88,2.18
2012.09.24 07:27:28.515,0.83585,0.83599,1.88,1.43
2012.09.24 07:27:38.528,0.83586,0.83602,1.50,1.88
2012.09.24 07:27:41.696,0.83589,0.83603,1.13,2.18
2012.09.24 07:27:46.621,0.83592,0.83605,1.43,1.88
2012.09.24 07:27:46.706,0.83589,0.83605,1.88,1.88
2012.09.24 07:27:46.926,0.83589,0.83605,1.88,1.88
2012.09.24 07:27:47.136,0.83589,0.83605,1.88,1.13
2012.09.24 07:27:47.492,0.83589,0.83605,1.88,1.88
2012.09.24 07:27:47.922,0.83589,0.83605,1.88,1.13
2012.09.24 07:27:48.155,0.83589,0.83605,2.70,1.13
2012.09.24 07:27:48.463,0.83595,0.83608,2.55,1.69
2012.09.24 07:27:48.880,0.83597,0.83611,1.43,2.25
2012.09.24 07:27:50.201,0.83597,0.83608,1.43,1.88
2012.09.24 07:27:50.513,0.83597,0.83608,1.43,1.32
2012.09.24 07:27:50.655,0.83597,0.83608,2.18,1.32
2012.09.24 07:27:51.060,0.83597,0.83612,2.18,1.88
2012.09.24 07:27:51.607,0.83601,0.83612,2.18,1.13
2012.09.24 07:27:51.702,0.83601,0.83614,2.18,2.44
2012.09.24 07:27:52.479,0.83601,0.83614,2.18,1.13
2012.09.24 07:27:52.563,0.83605,0.83618,2.18,2.25
2012.09.24 07:27:52.860,0.83603,0.83616,2.18,1.13
2012.09.24 07:27:53.030,0.83605,0.8362,2.18,2.44
2012.09.24 07:27:53.182,0.83606,0.8362,3.60,2.82
2012.09.24 07:27:53.492,0.83611,0.83621,1.13,1.32
2012.09.24 07:27:53.585,0.83606,0.83621,4.35,1.32
2012.09.24 07:27:53.742,0.83606,0.83621,1.88,1.32
2012.09.24 07:27:53.824,0.83604,0.83618,2.97,1.13
2012.09.24 07:27:54.328,0.83605,0.83619,1.88,1.43
2012.09.24 07:27:54.690,0.83604,0.83618,2.74,1.13
2012.09.24 07:27:55.376,0.83604,0.83618,1.32,1.13
2012.09.24 07:27:55.463,0.83606,0.83618,2.18,1.13
2012.09.24 07:27:55.692,0.83608,0.83623,3.60,4.24
2012.09.24 07:27:55.779,0.83608,0.83623,2.18,4.43
2012.09.24 07:27:56.599,0.83608,0.83623,2.18,4.43
2012.09.24 07:28:01.910,0.83611,0.83626,1.13,2.74
2012.09.24 07:28:02.657,0.83611,0.83626,1.88,1.99
2012.09.24 07:28:03.898,0.83611,0.83626,1.88,2.18
2012.09.24 07:28:04.048,0.83611,0.83626,1.88,2.18
2012.09.24 07:28:04.960,0.83611,0.83626,1.88,1.43
2012.09.24 07:28:07.142,0.8361,0.83626,1.43,2.18
2012.09.24 07:28:07.248,0.83598,0.83608,1.59,1.13
2012.09.24 07:28:07.337,0.83594,0.83608,3.54,1.13
2012.09.24 07:28:07.888,0.83594,0.83608,1.35,1.13
2012.09.24 07:28:08.831,0.83595,0.83611,1.88,1.43
2012.09.24 07:28:09.120,0.83598,0.83612,2.18,1.13
2012.09.24 07:28:11.624,0.83605,0.83616,2.18,1.32
2012.09.24 07:28:11.853,0.83605,0.83618,2.18,1.69
2012.09.24 07:28:12.651,0.83606,0.83618,1.50,1.69
2012.09.24 07:28:13.157,0.83602,0.83618,1.50,2.07
2012.09.24 07:28:14.379,0.83602,0.83615,1.50,1.43
2012.09.24 07:28:14.598,0.83601,0.83613,1.50,1.13
2012.09.24 07:28:15.228,0.83601,0.83613,2.25,1.13
2012.09.24 07:28:16.000,0.83601,0.83615,3.38,1.43
2012.09.24 07:28:16.092,0.83602,0.83618,2.18,2.82
2012.09.24 07:28:16.179,0.83602,0.83618,2.93,2.55
2012.09.24 07:28:16.608,0.83602,0.83614,2.93,1.13
2012.09.24 07:28:16.896,0.83602,0.83614,1.50,1.13
2012.09.24 07:28:17.146,0.83602,0.83614,1.50,1.13
2012.09.24 07:28:20.060,0.83601,0.83614,2.25,1.13
2012.09.24 07:28:20.950,0.83601,0.83614,1.50,1.13
2012.09.24 07:28:24.289,0.83602,0.8362,4.80,3.68
2012.09.24 07:28:24.371,0.83604,0.8362,1.32,3.12
2012.09.24 07:28:25.557,0.83605,0.83618,2.25,1.43
2012.09.24 07:28:25.932,0.83605,0.8362,3.68,3.12
2012.09.24 07:28:27.183,0.83605,0.8362,3.68,1.69
2012.09.24 07:28:28.904,0.83607,0.8362,2.25,1.13
2012.09.24 07:28:29.545,0.83609,0.83622,1.50,1.69
2012.09.24 07:28:30.208,0.8361,0.83622,1.50,1.69
2012.09.24 07:28:30.358,0.83613,0.83626,1.73,2.18
2012.09.24 07:28:30.441,0.83613,0.83626,2.48,2.18
2012.09.24 07:28:30.810,0.83617,0.83629,1.50,1.43
2012.09.24 07:28:30.889,0.83617,0.83632,1.50,3.03
2012.09.24 07:28:31.338,0.83616,0.83628,1.50,1.43
2012.09.24 07:28:32.951,0.8362,0.8363,1.43,1.13
2012.09.24 07:28:33.043,0.8362,0.83634,1.43,1.32
2012.09.24 07:28:33.470,0.8362,0.83635,2.74,2.55
2012.09.24 07:28:33.551,0.8362,0.83635,2.74,2.55
2012.09.24 07:28:33.848,0.8362,0.83634,1.32,1.88
2012.09.24 07:28:34.139,0.83618,0.83632,1.32,1.43
2012.09.24 07:28:34.690,0.83621,0.83634,1.50,1.88
2012.09.24 07:28:34.980,0.83624,0.83637,1.13,3.49
2012.09.24 07:28:35.967,0.83624,0.83637,1.13,1.43
2012.09.24 07:28:36.612,0.83626,0.8364,1.50,2.78
2012.09.24 07:28:37.380,0.83628,0.8364,1.88,1.43
2012.09.24 07:28:37.474,0.83627,0.83644,4.05,3.00
2012.09.24 07:28:37.562,0.83627,0.83641,2.63,1.43
2012.09.24 07:28:39.106,0.83628,0.83639,1.50,1.13
2012.09.24 07:28:39.192,0.83627,0.83639,1.50,1.13
2012.09.24 07:28:39.628,0.83626,0.83633,1.50,1.13
2012.09.24 07:28:39.850,0.83625,0.83638,2.18,1.69
2012.09.24 07:28:40.558,0.83625,0.83631,2.18,1.13
2012.09.24 07:28:40.709,0.83625,0.83639,1.43,2.85
2012.09.24 07:28:40.791,0.83627,0.83639,1.50,2.52
2012.09.24 07:28:41.077,0.83625,0.8364,3.49,1.88
2012.09.24 07:28:42.247,0.83626,0.83635,1.50,1.13
2012.09.24 07:28:42.858,0.83625,0.83635,2.18,1.13
2012.09.24 07:28:44.687,0.83625,0.83639,2.18,1.88
2012.09.24 07:28:44.769,0.83627,0.83639,1.50,1.88
2012.09.24 07:28:44.849,0.83626,0.83639,1.50,1.88
2012.09.24 07:28:44.996,0.83625,0.83633,2.18,1.13
2012.09.24 07:28:45.080,0.83623,0.83633,2.93,1.13
2012.09.24 07:28:45.782,0.83624,0.83633,1.50,1.88
2012.09.24 07:28:47.897,0.83625,0.83633,2.25,1.13
2012.09.24 07:28:48.416,0.83627,0.83633,1.43,1.13
2012.09.24 07:28:48.568,0.83625,0.83633,2.93,1.13
2012.09.24 07:28:50.114,0.83623,0.83633,1.50,1.13
2012.09.24 07:28:51.141,0.83625,0.83633,2.18,1.13
2012.09.24 07:28:51.368,0.83625,0.83635,2.18,1.13
2012.09.24 07:28:54.142,0.83625,0.83635,2.93,1.13
2012.09.24 07:28:54.784,0.83625,0.83635,2.18,1.13
2012.09.24 07:28:55.989,0.83625,0.83638,2.18,1.13
2012.09.24 07:28:56.070,0.83624,0.83638,1.50,2.55
2012.09.24 07:28:56.584,0.83625,0.83638,2.93,1.13
2012.09.24 07:28:56.808,0.83628,0.83643,4.05,2.55
2012.09.24 07:28:57.027,0.83628,0.83643,4.05,2.25
2012.09.24 07:28:57.247,0.83628,0.83641,2.93,1.13
2012.09.24 07:29:01.878,0.83628,0.83641,1.50,1.88
2012.09.24 07:29:02.536,0.83628,0.8364,1.50,1.88
2012.09.24 07:29:02.759,0.83628,0.8364,1.50,1.88
2012.09.24 07:29:04.296,0.83629,0.8364,2.93,1.88
2012.09.24 07:29:04.518,0.83627,0.8364,1.50,1.13
2012.09.24 07:29:05.512,0.83629,0.8364,1.50,1.13
2012.09.24 07:29:05.739,0.83629,0.8364,1.50,1.88
2012.09.24 07:29:06.371,0.83625,0.83638,1.50,1.43
2012.09.24 07:29:07.452,0.83625,0.83638,1.50,2.18
2012.09.24 07:29:07.667,0.83625,0.83638,1.50,2.18
2012.09.24 07:29:08.399,0.83625,0.83638,1.50,2.18
2012.09.24 07:29:12.478,0.83625,0.83632,1.50,1.13
2012.09.24 07:29:12.842,0.83619,0.83632,1.50,2.55
2012.09.24 07:29:15.785,0.83618,0.83632,1.50,2.55
2012.09.24 07:29:19.031,0.83618,0.83632,1.50,2.55
2012.09.24 07:29:19.192,0.83622,0.83636,1.13,2.74
2012.09.24 07:29:19.559,0.83625,0.83639,2.63,2.47
2012.09.24 07:29:19.778,0.83627,0.83641,1.50,1.69
2012.09.24 07:29:19.858,0.83626,0.83641,2.93,1.69
2012.09.24 07:29:20.079,0.83628,0.83642,2.63,1.99
2012.09.24 07:29:20.869,0.83633,0.83643,1.43,1.69
2012.09.24 07:29:22.301,0.83633,0.83643,2.18,1.13
2012.09.24 07:29:23.054,0.8363,0.83643,2.18,1.13
2012.09.24 07:29:26.703,0.83631,0.83645,1.88,1.06
2012.09.24 07:29:27.220,0.83631,0.83644,1.13,2.22
2012.09.24 07:29:27.587,0.83628,0.83642,2.18,1.13
2012.09.24 07:29:27.814,0.83625,0.83642,2.48,3.34
2012.09.24 07:29:27.969,0.83625,0.83638,2.48,1.43
2012.09.24 07:29:28.651,0.83625,0.83638,1.88,1.43
2012.09.24 07:29:28.731,0.83625,0.83641,1.88,1.17
2012.09.24 07:29:28.809,0.83625,0.83641,1.88,1.17
2012.09.24 07:29:30.173,0.83628,0.83642,2.18,1.13
2012.09.24 07:29:30.856,0.83625,0.83641,3.30,1.43
2012.09.24 07:29:32.977,0.83631,0.83641,1.13,1.43
2012.09.24 07:29:33.827,0.83631,0.83644,1.13,1.43
2012.09.24 07:29:37.607,0.83631,0.83644,1.88,1.43
2012.09.24 07:29:38.128,0.83631,0.83646,3.30,1.13
2012.09.24 07:29:38.630,0.83632,0.83648,1.88,1.43
2012.09.24 07:29:39.021,0.83632,0.83645,1.88,1.43
2012.09.24 07:29:39.557,0.83632,0.83647,1.88,1.17
2012.09.24 07:29:40.858,0.83636,0.83647,1.13,1.17
2012.09.24 07:29:41.078,0.83637,0.83652,2.18,1.32
2012.09.24 07:29:41.632,0.83636,0.8365,3.30,1.43
2012.09.24 07:29:41.718,0.83636,0.8365,1.88,1.43
2012.09.24 07:29:42.292,0.83636,0.8365,1.88,1.43
2012.09.24 07:29:42.605,0.83636,0.83652,3.30,1.99
2012.09.24 07:29:43.412,0.83636,0.83653,3.30,2.67
2012.09.24 07:29:44.988,0.83636,0.83653,3.30,1.88
2012.09.24 07:29:45.067,0.83636,0.83653,3.30,1.88
2012.09.24 07:29:47.786,0.83636,0.83653,3.30,1.13
2012.09.24 07:29:48.630,0.83636,0.8365,1.88,1.65
2012.09.24 07:29:49.149,0.83636,0.8365,1.88,1.43
2012.09.24 07:29:54.321,0.83639,0.8365,1.88,1.43
2012.09.24 07:29:54.608,0.83639,0.83654,1.88,2.67
2012.09.24 07:29:58.218,0.83639,0.83654,3.30,1.35
2012.09.24 07:29:58.578,0.8364,0.83656,2.18,1.69
2012.09.24 07:29:59.148,0.83644,0.83657,2.55,3.04
2012.09.24 07:29:59.439,0.8364,0.83655,1.88,1.92
2012.09.24 07:30:00.009,0.83642,0.83655,2.18,1.13
2012.09.24 07:30:00.687,0.83643,0.83657,1.13,1.35
2012.09.24 07:30:00.839,0.83643,0.8366,1.88,4.39
2012.09.24 07:30:01.202,0.83648,0.8366,1.88,1.43
2012.09.24 07:30:01.430,0.83648,0.83665,1.88,1.43
2012.09.24 07:30:02.081,0.83648,0.83662,1.88,1.43
2012.09.24 07:30:02.238,0.83653,0.83665,1.13,2.14
2012.09.24 07:30:02.389,0.83653,0.83665,1.88,2.14
2012.09.24 07:30:02.557,0.83657,0.83669,1.88,2.02
2012.09.24 07:30:03.188,0.83657,0.83669,1.88,1.46
2012.09.24 07:30:03.272,0.83657,0.83669,1.88,1.46
2012.09.24 07:30:03.797,0.83657,0.83672,1.88,1.83
2012.09.24 07:30:04.017,0.83657,0.83672,1.88,1.35
2012.09.24 07:30:04.452,0.83657,0.83672,1.88,1.83
2012.09.24 07:30:04.811,0.83657,0.8367,1.88,2.10
2012.09.24 07:30:05.238,0.83661,0.83673,1.88,1.58
2012.09.24 07:30:06.850,0.83657,0.83672,1.88,1.13
2012.09.24 07:30:07.139,0.83657,0.83671,1.88,1.32
2012.09.24 07:30:08.119,0.83657,0.83671,1.88,1.54
2012.09.24 07:30:08.562,0.83657,0.83672,1.88,1.35
2012.09.24 07:30:08.640,0.8366,0.83672,2.18,1.35
2012.09.24 07:30:09.211,0.83657,0.83672,3.30,1.13
2012.09.24 07:30:09.360,0.83661,0.83675,1.88,1.35
2012.09.24 07:30:09.888,0.83661,0.83678,1.88,2.81
2012.09.24 07:30:10.039,0.83661,0.83673,1.88,1.88
2012.09.24 07:30:10.260,0.83658,0.8367,2.18,1.92
2012.09.24 07:30:11.462,0.83652,0.83667,1.88,1.35
2012.09.24 07:30:14.019,0.83651,0.83667,2.18,4.28
2012.09.24 07:30:15.215,0.83649,0.83665,1.88,1.43
2012.09.24 07:30:15.373,0.83649,0.83661,1.88,1.43
2012.09.24 07:30:15.597,0.83649,0.83661,1.88,1.43
2012.09.24 07:30:15.838,0.83649,0.83661,1.88,1.43
2012.09.24 07:30:17.227,0.83649,0.83661,1.88,1.43
2012.09.24 07:30:17.375,0.83649,0.83665,3.30,1.43
2012.09.24 07:30:19.190,0.83649,0.83665,3.30,1.43
2012.09.24 07:30:19.481,0.83654,0.83669,1.88,2.22
2012.09.24 07:30:19.560,0.83654,0.83668,1.88,1.32
2012.09.24 07:30:19.848,0.83654,0.83665,1.13,1.43
2012.09.24 07:30:23.266,0.83651,0.83665,1.88,1.43
2012.09.24 07:30:26.735,0.83651,0.83668,1.88,3.61
2012.09.24 07:30:27.024,0.83651,0.83663,1.88,1.43
2012.09.24 07:30:29.471,0.83652,0.83663,1.88,1.43
2012.09.24 07:30:29.619,0.83655,0.8367,1.43,2.67
2012.09.24 07:30:29.700,0.83655,0.8367,2.18,2.44
2012.09.24 07:30:30.263,0.83656,0.83671,1.88,1.43
2012.09.24 07:30:30.353,0.83655,0.83668,2.18,1.13
2012.09.24 07:30:30.850,0.83651,0.83666,2.74,1.13
2012.09.24 07:30:31.138,0.83649,0.83665,1.32,1.43
2012.09.24 07:30:32.105,0.83648,0.83665,3.30,1.43
2012.09.24 07:30:34.727,0.83648,0.83665,2.55,1.43
2012.09.24 07:30:36.088,0.8365,0.83665,1.13,1.43
2012.09.24 07:30:36.226,0.83651,0.83667,1.43,1.65
2012.09.24 07:30:36.305,0.83654,0.83668,1.43,2.40
2012.09.24 07:30:38.470,0.8365,0.83668,2.55,3.82
2012.09.24 07:30:38.685,0.8365,0.83667,2.55,1.46
2012.09.24 07:30:40.257,0.8365,0.83662,1.43,1.13
2012.09.24 07:30:40.412,0.83647,0.83662,1.43,1.13
2012.09.24 07:30:40.568,0.8365,0.83665,1.13,4.84
2012.09.24 07:30:41.071,0.8365,0.83663,1.13,1.32
2012.09.24 07:30:41.158,0.83647,0.83662,1.43,1.88
2012.09.24 07:30:41.310,0.83644,0.83655,2.18,1.13
2012.09.24 07:30:41.672,0.83644,0.83655,1.80,1.13
2012.09.24 07:30:41.775,0.83644,0.83655,1.43,1.13
2012.09.24 07:30:42.539,0.83645,0.83659,1.13,1.83
2012.09.24 07:30:42.848,0.83647,0.83659,1.43,1.23
2012.09.24 07:30:43.320,0.83645,0.8366,1.13,2.18
2012.09.24 07:30:44.089,0.83647,0.8366,1.13,2.74
2012.09.24 07:30:44.449,0.83647,0.8366,1.13,3.22
2012.09.24 07:30:45.415,0.83644,0.83658,1.43,2.44
2012.09.24 07:30:46.308,0.83644,0.83658,1.43,2.67
2012.09.24 07:30:46.388,0.83642,0.83655,2.55,1.43
2012.09.24 07:30:46.473,0.83638,0.83653,3.30,2.55
2012.09.24 07:30:47.043,0.83638,0.8365,1.13,1.43
2012.09.24 07:30:47.199,0.83641,0.83654,1.13,1.43
2012.09.24 07:30:47.279,0.83638,0.83654,2.78,2.55
2012.09.24 07:30:47.359,0.83637,0.83651,2.25,1.43
2012.09.24 07:30:47.508,0.83635,0.83651,1.32,2.55
2012.09.24 07:30:48.035,0.83635,0.83651,1.32,2.55
2012.09.24 07:30:48.450,0.83636,0.83653,2.55,1.13
2012.09.24 07:30:49.578,0.83636,0.83653,3.30,1.13
2012.09.24 07:30:50.265,0.83646,0.83654,1.13,1.65
2012.09.24 07:30:50.361,0.83646,0.83657,1.13,1.99
2012.09.24 07:30:52.889,0.83646,0.83661,1.13,1.13
2012.09.24 07:30:53.182,0.83649,0.83662,1.43,1.13
2012.09.24 07:30:53.918,0.83647,0.83662,1.13,2.55
2012.09.24 07:30:56.388,0.83648,0.83663,1.13,1.43
2012.09.24 07:30:57.047,0.83648,0.83662,1.13,1.43
2012.09.24 07:30:59.939,0.83648,0.83664,1.13,4.73
2012.09.24 07:31:00.018,0.83648,0.83661,1.13,1.43
2012.09.24 07:31:00.678,0.83648,0.83659,1.13,1.43
2012.09.24 07:31:01.327,0.83648,0.83661,1.13,1.43
2012.09.24 07:31:06.419,0.83648,0.83661,1.88,1.43
2012.09.24 07:31:06.496,0.83648,0.83663,1.88,2.85
2012.09.24 07:31:07.979,0.83648,0.83663,1.13,2.18
2012.09.24 07:31:08.280,0.83648,0.83661,1.13,1.43
2012.09.24 07:31:09.349,0.83648,0.83663,1.88,1.43
2012.09.24 07:31:09.877,0.83648,0.83664,1.88,2.55
2012.09.24 07:31:10.662,0.83646,0.83656,2.40,1.13
2012.09.24 07:31:10.740,0.83646,0.83656,1.43,1.13
2012.09.24 07:31:10.822,0.83644,0.83655,2.18,1.43
2012.09.24 07:31:10.909,0.8364,0.83655,3.30,1.43
2012.09.24 07:31:11.058,0.83641,0.83658,2.18,1.43
2012.09.24 07:31:11.281,0.83646,0.83659,1.13,1.73
2012.09.24 07:31:12.634,0.83646,0.83659,1.13,2.18
2012.09.24 07:31:13.137,0.83646,0.83659,1.13,1.43
2012.09.24 07:31:13.359,0.83646,0.83662,2.55,1.43
2012.09.24 07:31:13.951,0.83649,0.83664,1.43,2.78
2012.09.24 07:31:20.568,0.83647,0.83663,2.18,1.43
2012.09.24 07:31:20.807,0.83647,0.83663,1.43,1.50
2012.09.24 07:31:21.207,0.83647,0.83663,1.43,1.43
2012.09.24 07:31:21.937,0.8365,0.83664,1.43,1.35
2012.09.24 07:31:22.089,0.83646,0.83664,2.55,2.78
2012.09.24 07:31:23.301,0.8365,0.83664,1.43,1.35
2012.09.24 07:31:24.112,0.8365,0.83665,1.43,1.13
2012.09.24 07:31:25.277,0.83649,0.83663,1.13,1.43
2012.09.24 07:31:30.627,0.83647,0.83663,1.13,1.43
2012.09.24 07:31:32.944,0.83649,0.83664,1.43,1.13
2012.09.24 07:31:33.087,0.83647,0.83663,1.13,1.43
2012.09.24 07:31:49.100,0.8365,0.83664,1.43,1.13
2012.09.24 07:31:49.627,0.83647,0.83662,1.43,1.43
2012.09.24 07:31:50.293,0.83646,0.83662,4.05,1.43
2012.09.24 07:32:04.035,0.83647,0.83662,1.13,1.43
2012.09.24 07:32:05.285,0.83647,0.83658,1.13,1.43
2012.09.24 07:32:05.443,0.83642,0.83656,4.16,1.13
2012.09.24 07:32:05.602,0.83646,0.83658,1.13,1.43
2012.09.24 07:32:06.169,0.83646,0.83662,1.13,2.22
2012.09.24 07:32:06.722,0.83646,0.83662,1.88,2.22
2012.09.24 07:32:07.148,0.83647,0.83664,2.18,1.35
2012.09.24 07:32:07.370,0.83646,0.83661,1.13,1.43
2012.09.24 07:32:11.716,0.83646,0.83661,1.88,1.43
2012.09.24 07:32:12.259,0.83646,0.83661,1.13,1.43
2012.09.24 07:32:14.579,0.83646,0.83658,1.32,1.13
2012.09.24 07:32:15.134,0.83643,0.83658,1.32,1.13
2012.09.24 07:32:16.420,0.83642,0.83658,2.18,1.13
2012.09.24 07:32:17.148,0.83646,0.8366,1.13,1.43
2012.09.24 07:32:17.439,0.83646,0.83662,3.87,3.98
2012.09.24 07:32:21.389,0.83646,0.83662,3.30,2.55
2012.09.24 07:32:24.201,0.83647,0.83662,1.13,1.43
2012.09.24 07:32:24.420,0.83647,0.83662,2.25,1.43
2012.09.24 07:32:25.157,0.83647,0.83662,2.25,1.43
2012.09.24 07:32:27.451,0.83647,0.83659,1.13,1.13
2012.09.24 07:32:28.632,0.83644,0.83659,2.82,1.13
2012.09.24 07:32:30.088,0.83646,0.83659,1.32,1.13
2012.09.24 07:32:30.968,0.8365,0.83663,1.43,1.13
2012.09.24 07:32:31.058,0.83647,0.83663,3.12,2.55
2012.09.24 07:32:32.318,0.83648,0.83663,2.74,2.55
2012.09.24 07:32:32.856,0.8365,0.83663,1.43,1.13
2012.09.24 07:32:34.557,0.83648,0.83663,1.32,1.13
2012.09.24 07:32:36.764,0.83647,0.83663,1.13,1.13
2012.09.24 07:32:36.986,0.83647,0.83663,1.13,1.88
2012.09.24 07:32:37.843,0.83647,0.83663,1.13,1.88
2012.09.24 07:32:43.199,0.83646,0.83662,2.18,1.88
2012.09.24 07:32:43.747,0.83644,0.8366,3.30,2.18
2012.09.24 07:32:45.142,0.83646,0.8366,1.69,1.43
2012.09.24 07:32:45.725,0.83646,0.8366,1.92,1.43
