2012.09.10 21:00:00.158,0.82694,0.82746,0.75,1.43
2012.09.10 21:00:00.465,0.82699,0.8275,1.43,1.43
2012.09.10 21:00:00.525,0.82701,0.82754,1.43,0.75
2012.09.10 21:00:02.915,0.827,0.82754,1.05,0.75
2012.09.10 21:00:03.176,0.827,0.82749,1.05,0.75
2012.09.10 21:00:03.494,0.827,0.82743,1.80,0.75
2012.09.10 21:00:10.875,0.827,0.82744,1.80,0.75
2012.09.10 21:00:12.636,0.827,0.82738,1.80,0.75
2012.09.10 21:00:13.293,0.827,0.82739,1.80,0.75
2012.09.10 21:00:22.623,0.827,0.82743,0.75,0.75
2012.09.10 21:00:23.716,0.827,0.82744,0.75,0.75
2012.09.10 21:00:49.115,0.827,0.82748,0.75,0.75
2012.09.10 21:00:55.315,0.827,0.82753,0.75,0.75
2012.09.10 21:00:56.204,0.827,0.82754,0.75,1.50
2012.09.10 21:00:57.986,0.827,0.82753,0.75,0.75
2012.09.10 21:01:00.293,0.82701,0.82754,0.75,1.50
2012.09.10 21:01:00.454,0.82704,0.82754,1.05,1.50
2012.09.10 21:01:20.495,0.82703,0.82754,1.05,1.50
2012.09.10 21:01:31.154,0.82701,0.82754,1.05,0.75
2012.09.10 21:01:31.214,0.82691,0.82754,0.75,0.75
2012.09.10 21:01:43.084,0.82696,0.82755,0.75,0.75
2012.09.10 21:01:45.638,0.82686,0.82754,0.75,0.75
2012.09.10 21:01:45.795,0.82694,0.82754,0.23,0.75
2012.09.10 21:01:46.604,0.82694,0.82753,0.23,0.75
2012.09.10 21:01:52.673,0.82694,0.82754,0.23,0.75
2012.09.10 21:01:53.496,0.82699,0.82754,0.23,0.75
2012.09.10 21:01:55.425,0.82699,0.82755,0.23,0.75
2012.09.10 21:01:58.009,0.82699,0.82753,0.23,0.75
2012.09.10 21:01:58.567,0.82699,0.82755,0.23,0.75
2012.09.10 21:01:59.155,0.82699,0.82754,0.23,0.75
2012.09.10 21:02:03.565,0.82701,0.82755,0.75,0.75
2012.09.10 21:02:04.345,0.82699,0.82753,0.23,0.75
2012.09.10 21:02:05.879,0.82702,0.82748,0.75,0.75
2012.09.10 21:02:13.725,0.82697,0.82744,0.23,0.75
2012.09.10 21:02:13.983,0.82701,0.82749,0.75,0.75
2012.09.10 21:02:20.049,0.82697,0.82744,0.23,0.75
2012.09.10 21:02:23.577,0.82707,0.82753,0.75,0.75
2012.09.10 21:02:24.259,0.82706,0.82754,0.75,0.75
2012.09.10 21:02:26.446,0.82703,0.82755,0.23,0.75
2012.09.10 21:02:26.624,0.827,0.82754,0.23,0.75
2012.09.10 21:02:29.854,0.82707,0.82753,0.75,0.75
2012.09.10 21:02:29.925,0.82702,0.82755,0.75,0.75
2012.09.10 21:02:30.043,0.82707,0.82753,0.75,0.75
2012.09.10 21:02:54.555,0.82712,0.82753,0.75,0.75
2012.09.10 21:03:16.460,0.82711,0.82754,0.75,1.50
2012.09.10 21:03:25.194,0.82716,0.82754,0.75,0.75
2012.09.10 21:03:35.573,0.82716,0.82759,0.75,0.75
2012.09.10 21:03:45.536,0.82708,0.82759,0.23,0.75
2012.09.10 21:03:45.764,0.82701,0.82759,0.75,0.75
2012.09.10 21:03:45.983,0.82697,0.82753,0.75,0.75
2012.09.10 21:03:46.894,0.82697,0.82741,0.75,1.05
2012.09.10 21:03:49.647,0.82701,0.82741,0.75,1.05
2012.09.10 21:03:53.964,0.82697,0.82741,0.75,1.05
2012.09.10 21:03:55.246,0.82702,0.82741,0.75,1.05
2012.09.10 21:03:58.503,0.82697,0.82741,0.75,1.05
2012.09.10 21:03:58.986,0.82692,0.82741,0.75,1.05
2012.09.10 21:04:06.905,0.82674,0.82742,2.03,1.05
2012.09.10 21:04:09.228,0.82674,0.82742,2.03,1.05
2012.09.10 21:04:09.464,0.82674,0.82742,2.03,1.05
2012.09.10 21:04:10.115,0.82674,0.82742,2.03,1.05
2012.09.10 21:04:12.224,0.82696,0.82742,5.25,1.05
2012.09.10 21:04:12.586,0.82699,0.82742,1.50,1.05
2012.09.10 21:04:15.157,0.82696,0.82742,5.48,1.05
2012.09.10 21:04:17.939,0.82691,0.82742,1.73,1.05
2012.09.10 21:04:26.024,0.82691,0.82742,1.50,1.05
2012.09.10 21:04:26.966,0.82691,0.82741,1.73,1.05
2012.09.10 21:04:30.395,0.82691,0.82741,1.73,1.05
2012.09.10 21:04:32.540,0.82691,0.82741,1.73,1.05
2012.09.10 21:04:32.605,0.82691,0.82741,1.73,1.05
2012.09.10 21:04:54.882,0.82685,0.82741,1.50,1.80
2012.09.10 21:04:59.448,0.82685,0.82741,1.73,1.05
2012.09.10 21:05:07.026,0.82685,0.82743,1.50,1.80
2012.09.10 21:05:19.790,0.82697,0.82743,1.50,1.50
2012.09.10 21:05:27.188,0.82697,0.82746,1.50,1.35
2012.09.10 21:05:31.671,0.82701,0.82743,1.50,1.50
2012.09.10 21:05:31.928,0.82696,0.82746,1.50,1.35
2012.09.10 21:05:33.738,0.82696,0.82746,1.50,1.35
2012.09.10 21:05:42.268,0.82696,0.82746,1.50,1.35
2012.09.10 21:05:42.348,0.82697,0.82746,1.50,1.35
2012.09.10 21:05:46.889,0.827,0.82746,1.50,1.35
2012.09.10 21:05:46.958,0.82698,0.82753,1.50,1.50
2012.09.10 21:05:51.639,0.82696,0.82749,1.50,1.50
2012.09.10 21:05:58.397,0.82695,0.82749,1.50,1.50
2012.09.10 21:06:00.406,0.82696,0.82749,1.50,1.50
2012.09.10 21:06:19.518,0.82699,0.82753,1.50,1.50
2012.09.10 21:06:30.987,0.82699,0.82753,1.50,1.50
2012.09.10 21:06:35.277,0.82695,0.82753,1.50,1.50
2012.09.10 21:06:35.347,0.827,0.82753,1.50,1.50
2012.09.10 21:06:52.741,0.82702,0.8275,1.50,1.50
2012.09.10 21:06:53.478,0.82701,0.8275,1.50,1.50
2012.09.10 21:06:53.550,0.82701,0.8275,1.50,1.50
2012.09.10 21:06:54.314,0.82704,0.82748,1.50,1.50
2012.09.10 21:06:54.627,0.82704,0.82748,1.50,1.50
2012.09.10 21:07:02.037,0.82701,0.82744,1.50,1.50
2012.09.10 21:07:02.367,0.82701,0.82744,1.50,1.50
2012.09.10 21:07:04.577,0.82698,0.82744,1.50,1.50
2012.09.10 21:07:04.648,0.82692,0.82748,1.73,2.25
2012.09.10 21:07:07.437,0.82692,0.82744,1.50,2.25
2012.09.10 21:07:09.718,0.82689,0.8274,1.73,1.50
2012.09.10 21:07:11.011,0.82689,0.82744,1.73,2.25
2012.09.10 21:07:15.765,0.82691,0.82744,1.73,2.25
2012.09.10 21:07:21.267,0.82691,0.82743,1.73,1.50
2012.09.10 21:07:21.337,0.82691,0.82743,1.73,2.25
2012.09.10 21:07:22.348,0.8269,0.82743,1.50,2.25
2012.09.10 21:07:22.417,0.8269,0.82743,1.50,1.50
2012.09.10 21:07:22.618,0.82692,0.82743,1.50,1.50
2012.09.10 21:07:23.368,0.82692,0.82742,1.50,1.50
2012.09.10 21:07:27.497,0.82692,0.82742,1.50,1.50
2012.09.10 21:07:33.357,0.82692,0.82742,1.50,1.50
2012.09.10 21:07:33.600,0.82692,0.82743,1.50,1.50
2012.09.10 21:07:37.400,0.82692,0.82742,1.50,1.50
2012.09.10 21:07:47.598,0.8269,0.82738,1.73,1.50
2012.09.10 21:07:52.348,0.8269,0.82738,1.73,1.50
2012.09.10 21:07:55.269,0.8269,0.82738,1.73,1.50
2012.09.10 21:08:17.297,0.82693,0.82737,1.50,1.50
2012.09.10 21:08:18.779,0.82693,0.82737,1.50,1.50
2012.09.10 21:08:18.967,0.82693,0.82737,1.50,1.50
2012.09.10 21:08:26.240,0.82693,0.82739,1.50,1.50
2012.09.10 21:08:26.628,0.82693,0.82738,1.50,1.50
2012.09.10 21:08:26.898,0.82694,0.82738,1.50,1.50
2012.09.10 21:08:27.890,0.82694,0.82739,1.50,1.50
2012.09.10 21:08:31.869,0.82693,0.82739,1.50,1.50
2012.09.10 21:08:47.977,0.82693,0.82738,1.50,1.50
2012.09.10 21:09:02.216,0.82693,0.82738,1.50,1.50
2012.09.10 21:09:07.847,0.82693,0.82739,1.50,1.50
2012.09.10 21:09:28.149,0.82691,0.8274,1.50,1.50
2012.09.10 21:09:41.649,0.82688,0.82739,1.73,1.50
2012.09.10 21:10:07.942,0.82685,0.82739,2.03,1.50
2012.09.10 21:10:12.064,0.82685,0.82739,2.03,1.50
2012.09.10 21:10:48.269,0.82688,0.82734,1.73,1.50
2012.09.10 21:11:00.400,0.82688,0.82734,1.73,1.50
2012.09.10 21:11:14.163,0.82689,0.82734,1.20,1.50
2012.09.10 21:11:21.117,0.82695,0.82734,1.05,1.50
2012.09.10 21:11:27.237,0.82689,0.82731,1.20,1.50
2012.09.10 21:11:27.307,0.82689,0.8273,1.20,1.50
2012.09.10 21:11:27.377,0.82689,0.8273,1.20,1.50
2012.09.10 21:11:27.508,0.82685,0.8273,2.03,1.50
2012.09.10 21:11:28.336,0.82684,0.8273,2.78,1.50
2012.09.10 21:11:28.707,0.82684,0.8273,2.78,1.50
2012.09.10 21:11:30.037,0.82684,0.8273,2.78,1.50
2012.09.10 21:11:30.109,0.82684,0.82738,2.78,1.50
2012.09.10 21:11:30.178,0.82693,0.82738,1.13,1.50
2012.09.10 21:11:37.198,0.82696,0.82739,1.05,1.50
2012.09.10 21:11:48.557,0.82696,0.82739,1.05,1.50
2012.09.10 21:11:49.081,0.82686,0.82738,2.03,1.50
2012.09.10 21:11:56.299,0.82684,0.82728,1.13,1.50
2012.09.10 21:11:56.429,0.82684,0.82728,1.13,1.50
2012.09.10 21:11:57.170,0.82681,0.82733,1.73,1.50
2012.09.10 21:11:57.538,0.82681,0.82732,2.38,1.50
2012.09.10 21:11:57.848,0.82684,0.82738,1.73,2.25
2012.09.10 21:11:58.820,0.82688,0.82738,1.73,2.25
2012.09.10 21:12:00.299,0.82697,0.82739,1.13,1.50
2012.09.10 21:12:00.372,0.82697,0.82739,1.05,2.25
2012.09.10 21:12:00.558,0.82701,0.82739,1.05,1.50
2012.09.10 21:12:01.060,0.82701,0.82738,1.05,1.50
2012.09.10 21:12:01.369,0.82698,0.82734,1.05,1.50
2012.09.10 21:12:02.109,0.82694,0.82734,1.20,1.50
2012.09.10 21:12:02.659,0.82692,0.82733,1.05,1.50
2012.09.10 21:12:02.728,0.82692,0.82733,1.05,2.25
2012.09.10 21:12:13.859,0.82692,0.82737,1.13,1.50
2012.09.10 21:12:14.719,0.82693,0.82737,1.05,1.50
2012.09.10 21:12:22.567,0.82684,0.82733,1.73,1.50
2012.09.10 21:12:45.310,0.82692,0.82734,1.13,1.50
2012.09.10 21:12:58.588,0.82692,0.82735,1.88,1.50
2012.09.10 21:13:22.732,0.82692,0.82738,1.05,1.50
2012.09.10 21:13:28.988,0.82692,0.82737,1.88,1.50
2012.09.10 21:13:49.880,0.82692,0.82734,1.73,1.50
2012.09.10 21:13:59.639,0.82692,0.82733,1.73,1.50
2012.09.10 21:14:00.980,0.82692,0.82733,1.73,1.50
2012.09.10 21:14:02.848,0.82692,0.82733,1.50,2.25
2012.09.10 21:14:16.161,0.82691,0.82733,1.05,1.50
2012.09.10 21:14:16.662,0.8269,0.8273,1.73,1.50
2012.09.10 21:14:16.910,0.8269,0.8273,1.73,2.25
2012.09.10 21:14:17.443,0.8269,0.8273,1.73,2.25
2012.09.10 21:14:17.860,0.8269,0.8273,1.50,1.50
2012.09.10 21:14:18.050,0.8269,0.82729,1.50,1.50
2012.09.10 21:14:18.480,0.82687,0.82729,1.05,1.50
2012.09.10 21:14:18.993,0.82687,0.82725,1.05,1.50
2012.09.10 21:14:19.740,0.82686,0.82725,1.13,1.50
2012.09.10 21:14:21.142,0.82686,0.82729,1.13,1.50
2012.09.10 21:14:23.289,0.82688,0.82729,1.13,1.50
2012.09.10 21:14:24.829,0.82687,0.82729,1.05,1.50
2012.09.10 21:14:25.291,0.82685,0.82723,1.05,1.50
2012.09.10 21:14:25.901,0.82685,0.82723,1.05,1.50
2012.09.10 21:14:28.698,0.82685,0.82724,1.05,1.50
2012.09.10 21:14:28.920,0.82685,0.82724,1.05,1.50
2012.09.10 21:14:33.244,0.82684,0.8272,1.73,1.50
2012.09.10 21:14:33.370,0.82684,0.82723,1.73,1.50
2012.09.10 21:14:39.442,0.82686,0.8272,1.13,1.50
2012.09.10 21:14:41.803,0.82686,0.82723,1.13,1.50
2012.09.10 21:14:41.871,0.82686,0.82723,1.13,1.50
2012.09.10 21:14:41.943,0.82688,0.82728,1.50,1.50
2012.09.10 21:14:42.191,0.82688,0.82728,1.50,1.50
2012.09.10 21:14:42.540,0.82687,0.82724,1.05,1.50
2012.09.10 21:14:43.150,0.82687,0.82729,1.05,1.50
2012.09.10 21:14:43.491,0.82684,0.82729,1.73,1.50
2012.09.10 21:14:44.370,0.82684,0.82729,1.73,1.50
2012.09.10 21:14:44.930,0.82684,0.82729,1.73,1.50
2012.09.10 21:14:45.280,0.82689,0.82727,1.13,1.50
2012.09.10 21:14:45.469,0.82689,0.82728,1.13,2.25
2012.09.10 21:14:45.752,0.82689,0.82727,1.13,1.50
2012.09.10 21:14:48.831,0.82688,0.82729,1.05,1.50
2012.09.10 21:14:49.350,0.82688,0.82729,1.13,1.50
2012.09.10 21:14:51.369,0.82688,0.8273,1.05,1.50
2012.09.10 21:14:51.581,0.82688,0.82729,1.05,1.50
2012.09.10 21:14:52.110,0.82688,0.82728,1.05,1.50
2012.09.10 21:14:53.176,0.82688,0.82726,1.05,1.50
2012.09.10 21:14:56.085,0.82688,0.82728,1.05,1.50
2012.09.10 21:14:57.822,0.82688,0.82726,1.05,1.50
2012.09.10 21:14:57.892,0.82687,0.82723,1.05,1.50
2012.09.10 21:14:58.139,0.82678,0.82725,1.53,1.50
2012.09.10 21:14:58.449,0.82689,0.82726,1.13,1.50
2012.09.10 21:15:02.842,0.82688,0.82728,1.05,1.50
2012.09.10 21:15:03.369,0.82691,0.82729,1.05,1.50
2012.09.10 21:15:03.579,0.82691,0.82732,1.05,1.50
2012.09.10 21:15:03.772,0.82689,0.82732,1.13,2.25
2012.09.10 21:15:04.316,0.82689,0.82729,1.13,1.50
2012.09.10 21:15:04.450,0.82689,0.82733,1.13,2.25
2012.09.10 21:15:09.892,0.82688,0.82732,1.13,1.50
2012.09.10 21:15:09.962,0.82688,0.82733,1.13,2.25
2012.09.10 21:15:10.770,0.82688,0.82732,1.13,1.50
2012.09.10 21:15:11.019,0.82688,0.82733,1.13,1.50
2012.09.10 21:15:11.291,0.82688,0.82732,1.13,1.50
2012.09.10 21:15:13.332,0.82687,0.82729,1.50,1.50
2012.09.10 21:15:13.755,0.82687,0.82724,1.50,1.50
2012.09.10 21:15:13.996,0.82687,0.82724,1.50,1.50
2012.09.10 21:15:17.060,0.82687,0.82724,1.50,1.50
2012.09.10 21:15:17.130,0.82687,0.82724,1.50,1.50
2012.09.10 21:15:19.541,0.82692,0.82723,1.50,1.50
2012.09.10 21:15:23.001,0.82692,0.82723,1.50,1.50
2012.09.10 21:15:24.420,0.82692,0.82723,1.50,1.50
2012.09.10 21:15:27.577,0.82692,0.82723,1.50,1.50
2012.09.10 21:15:29.004,0.82692,0.82723,1.50,1.50
2012.09.10 21:15:31.308,0.82692,0.82723,1.50,1.50
2012.09.10 21:15:32.683,0.8269,0.82723,1.50,1.50
2012.09.10 21:15:36.262,0.82689,0.82719,1.50,1.50
2012.09.10 21:15:37.198,0.82689,0.82715,1.50,1.50
2012.09.10 21:15:38.198,0.82689,0.82718,1.50,1.50
2012.09.10 21:15:38.641,0.82689,0.82719,1.50,1.50
2012.09.10 21:15:38.710,0.82692,0.82719,1.50,1.50
2012.09.10 21:15:39.229,0.82692,0.82719,1.50,1.50
2012.09.10 21:15:43.975,0.82692,0.82723,1.50,1.50
2012.09.10 21:15:44.329,0.82692,0.82723,1.50,1.50
2012.09.10 21:15:47.772,0.82692,0.82723,1.50,1.50
2012.09.10 21:15:48.351,0.82692,0.82723,1.50,1.50
2012.09.10 21:15:48.430,0.82692,0.82723,1.50,1.50
2012.09.10 21:15:48.934,0.82692,0.82723,1.50,1.50
2012.09.10 21:15:53.643,0.82692,0.82723,1.50,1.50
2012.09.10 21:15:53.711,0.82692,0.82723,1.50,1.50
2012.09.10 21:15:58.180,0.82681,0.82719,1.50,1.50
2012.09.10 21:15:58.310,0.82681,0.82719,1.50,1.50
2012.09.10 21:16:01.831,0.82679,0.82716,1.50,1.50
2012.09.10 21:16:01.973,0.82679,0.82714,1.50,1.50
2012.09.10 21:16:02.160,0.82679,0.82714,1.50,1.50
2012.09.10 21:16:05.340,0.82679,0.82714,1.50,1.50
2012.09.10 21:16:14.551,0.82679,0.82712,1.50,1.50
2012.09.10 21:16:14.800,0.82678,0.82712,1.50,1.50
2012.09.10 21:16:21.757,0.82678,0.82712,1.50,1.50
2012.09.10 21:16:24.371,0.82678,0.82712,1.50,1.50
2012.09.10 21:16:28.670,0.82678,0.82713,1.50,1.50
2012.09.10 21:16:32.883,0.82678,0.82712,1.50,1.50
2012.09.10 21:16:34.871,0.82678,0.82714,1.50,1.50
2012.09.10 21:16:38.259,0.82678,0.82714,1.50,1.50
2012.09.10 21:16:38.331,0.82678,0.82701,1.50,4.50
2012.09.10 21:16:38.693,0.82671,0.82701,1.50,4.50
2012.09.10 21:16:39.300,0.82671,0.82702,1.50,1.35
2012.09.10 21:16:42.391,0.82671,0.82702,1.50,5.10
2012.09.10 21:16:42.521,0.82671,0.82699,1.50,1.35
2012.09.10 21:16:42.590,0.82669,0.82699,1.80,1.35
2012.09.10 21:16:43.602,0.82669,0.82699,1.80,1.35
2012.09.10 21:16:52.170,0.82669,0.82699,1.80,1.35
2012.09.10 21:16:54.283,0.82675,0.8271,1.50,1.80
2012.09.10 21:16:58.277,0.82675,0.8271,1.50,1.80
2012.09.10 21:17:00.301,0.82675,0.82708,1.50,1.80
2012.09.10 21:17:10.320,0.82675,0.82708,1.50,1.80
2012.09.10 21:17:10.390,0.82675,0.82708,1.50,1.80
2012.09.10 21:17:14.651,0.82666,0.827,1.50,1.80
2012.09.10 21:17:17.767,0.82666,0.82703,1.50,1.80
2012.09.10 21:17:17.843,0.82666,0.82703,1.50,1.80
2012.09.10 21:17:18.271,0.82666,0.82705,1.50,1.80
2012.09.10 21:17:18.462,0.82666,0.82706,1.50,1.80
2012.09.10 21:17:19.461,0.82666,0.82706,1.50,1.80
2012.09.10 21:17:19.721,0.8267,0.82708,1.80,1.50
2012.09.10 21:17:19.910,0.82676,0.82713,1.50,1.80
2012.09.10 21:17:50.431,0.82681,0.82711,1.05,1.50
2012.09.10 21:17:50.561,0.82681,0.82718,1.05,1.50
2012.09.10 21:17:50.633,0.82681,0.82716,1.80,1.50
2012.09.10 21:17:50.941,0.82681,0.82715,1.80,1.50
2012.09.10 21:17:59.482,0.82681,0.82715,1.80,1.50
2012.09.10 21:18:04.603,0.82681,0.82715,1.80,1.50
2012.09.10 21:18:10.461,0.82682,0.82715,1.80,1.50
2012.09.10 21:18:26.650,0.82682,0.82719,1.80,1.50
2012.09.10 21:18:26.951,0.82682,0.82722,1.80,1.50
2012.09.10 21:18:27.939,0.82682,0.82722,1.80,1.50
2012.09.10 21:18:30.720,0.82687,0.82722,1.80,1.50
2012.09.10 21:18:45.039,0.82687,0.82722,1.80,1.50
2012.09.10 21:18:50.489,0.82687,0.82722,1.80,1.50
2012.09.10 21:19:08.351,0.82684,0.82723,1.80,1.50
2012.09.10 21:19:10.639,0.82684,0.82723,1.80,1.50
2012.09.10 21:19:59.469,0.82683,0.82721,1.80,1.50
2012.09.10 21:20:02.229,0.82683,0.82721,1.80,1.50
2012.09.10 21:20:08.929,0.82683,0.82721,1.80,1.50
2012.09.10 21:20:10.855,0.82683,0.82721,1.80,1.50
2012.09.10 21:20:11.074,0.82683,0.82721,1.80,1.50
2012.09.10 21:20:19.018,0.82683,0.82721,1.80,1.50
2012.09.10 21:20:35.567,0.82685,0.82723,1.80,1.50
2012.09.10 21:21:18.938,0.82682,0.82724,1.05,2.55
2012.09.10 21:21:30.739,0.82682,0.82724,1.05,2.55
2012.09.10 21:21:31.325,0.82684,0.82725,1.05,2.55
2012.09.10 21:21:51.113,0.82684,0.82725,1.80,2.55
2012.09.10 21:22:20.296,0.82682,0.82724,1.80,1.80
2012.09.10 21:22:21.151,0.82682,0.82724,2.55,1.80
2012.09.10 21:23:05.309,0.82686,0.82726,1.80,1.80
2012.09.10 21:23:09.999,0.82686,0.8272,1.80,2.63
2012.09.10 21:23:11.350,0.82686,0.8272,1.80,2.63
2012.09.10 21:23:15.129,0.82684,0.8272,1.80,2.63
2012.09.10 21:23:16.020,0.82684,0.8272,1.80,2.63
2012.09.10 21:23:20.161,0.82684,0.8272,1.80,2.63
2012.09.10 21:23:26.440,0.82684,0.8272,1.80,2.63
2012.09.10 21:23:31.450,0.82684,0.8272,1.80,2.63
2012.09.10 21:23:40.219,0.82687,0.8272,1.80,2.63
2012.09.10 21:23:51.621,0.82687,0.82721,1.80,2.63
2012.09.10 21:24:00.159,0.82685,0.82721,1.80,2.63
2012.09.10 21:24:01.871,0.82685,0.82721,1.80,1.88
2012.09.10 21:24:11.583,0.82685,0.82721,1.80,1.88
2012.09.10 21:24:14.126,0.8269,0.8272,1.80,1.88
2012.09.10 21:24:20.273,0.8269,0.8272,1.80,1.88
2012.09.10 21:24:20.493,0.8269,0.8272,1.80,1.88
2012.09.10 21:24:25.811,0.8269,0.8272,1.80,2.63
2012.09.10 21:24:25.942,0.82681,0.82719,1.80,1.50
2012.09.10 21:24:26.370,0.82681,0.82719,1.80,1.50
2012.09.10 21:24:26.801,0.82688,0.82719,1.80,1.50
2012.09.10 21:24:26.871,0.8269,0.8272,1.80,2.63
2012.09.10 21:25:18.581,0.82692,0.82718,1.80,1.88
2012.09.10 21:25:18.652,0.82692,0.82718,1.80,1.88
2012.09.10 21:25:26.840,0.82692,0.82718,1.80,1.88
2012.09.10 21:25:36.203,0.82693,0.8272,1.80,1.88
2012.09.10 21:25:46.901,0.82689,0.8272,1.80,1.88
2012.09.10 21:25:51.550,0.82689,0.82729,1.80,1.50
2012.09.10 21:25:51.682,0.82689,0.82732,1.80,1.80
2012.09.10 21:25:54.466,0.82689,0.82732,1.80,1.80
2012.09.10 21:26:02.795,0.82689,0.82731,1.80,1.50
2012.09.10 21:26:03.113,0.82689,0.82729,1.80,1.50
2012.09.10 21:26:06.991,0.82691,0.82728,1.80,1.50
2012.09.10 21:26:17.972,0.82691,0.82728,1.80,1.50
2012.09.10 21:26:27.080,0.82691,0.82728,1.05,1.50
2012.09.10 21:26:28.494,0.82688,0.82728,1.80,1.50
2012.09.10 21:26:43.341,0.82688,0.82725,1.80,1.50
2012.09.10 21:26:45.614,0.82688,0.82725,1.80,1.50
2012.09.10 21:26:46.131,0.82688,0.82725,1.80,1.50
2012.09.10 21:26:47.251,0.82685,0.82725,1.80,1.50
2012.09.10 21:26:57.322,0.82685,0.82725,1.80,1.50
2012.09.10 21:26:57.392,0.82685,0.82724,1.05,1.50
2012.09.10 21:27:06.962,0.82685,0.82722,1.80,2.63
2012.09.10 21:27:08.881,0.82684,0.82722,2.55,2.63
2012.09.10 21:27:09.312,0.82684,0.82722,2.55,2.63
2012.09.10 21:27:14.371,0.82684,0.82722,2.55,2.63
2012.09.10 21:27:15.953,0.82684,0.8272,2.55,1.50
2012.09.10 21:27:16.202,0.82684,0.8272,2.55,1.50
2012.09.10 21:27:21.231,0.82684,0.82715,1.80,2.25
2012.09.10 21:27:23.703,0.82684,0.82715,1.80,2.25
2012.09.10 21:27:24.821,0.82684,0.82715,1.80,2.25
2012.09.10 21:27:25.372,0.82684,0.82715,1.80,2.25
2012.09.10 21:27:26.582,0.82684,0.82715,1.80,2.25
2012.09.10 21:27:29.802,0.82682,0.82715,2.55,2.25
2012.09.10 21:27:43.805,0.82687,0.82714,1.50,1.50
2012.09.10 21:27:50.372,0.82689,0.82714,1.50,1.50
2012.09.10 21:27:53.283,0.82689,0.82714,1.50,1.50
2012.09.10 21:27:53.471,0.82689,0.82714,1.50,1.50
2012.09.10 21:27:55.422,0.82689,0.82714,1.50,1.50
2012.09.10 21:27:58.271,0.82689,0.82714,1.50,1.50
2012.09.10 21:28:00.693,0.82689,0.82714,1.50,1.50
2012.09.10 21:28:04.352,0.82689,0.82714,1.50,1.50
2012.09.10 21:28:05.103,0.82692,0.82715,1.50,1.50
2012.09.10 21:28:05.233,0.82694,0.82718,1.50,2.25
2012.09.10 21:28:05.552,0.82693,0.82724,1.50,2.63
2012.09.10 21:28:08.960,0.82688,0.82724,1.50,2.63
2012.09.10 21:28:26.380,0.8269,0.82725,1.50,2.78
2012.09.10 21:28:29.790,0.8269,0.82725,1.50,2.78
2012.09.10 21:28:39.051,0.8269,0.82725,1.50,2.78
2012.09.10 21:28:39.571,0.8269,0.82725,1.50,2.63
2012.09.10 21:28:39.705,0.82693,0.8273,1.50,1.50
2012.09.10 21:28:39.832,0.8269,0.8273,1.50,1.50
2012.09.10 21:28:47.893,0.8269,0.82729,1.50,1.50
2012.09.10 21:28:48.026,0.82689,0.82728,1.80,1.50
2012.09.10 21:28:48.361,0.8269,0.82728,1.50,1.50
2012.09.10 21:28:56.162,0.8269,0.82728,1.50,1.50
2012.09.10 21:28:56.236,0.8269,0.82727,1.50,1.50
2012.09.10 21:28:56.755,0.82689,0.82727,1.80,1.50
2012.09.10 21:29:20.382,0.82689,0.82728,1.80,1.50
2012.09.10 21:29:49.857,0.82687,0.82728,1.50,2.25
2012.09.10 21:29:50.264,0.82687,0.82728,1.50,2.25
2012.09.10 21:30:00.645,0.82685,0.82728,1.80,2.25
2012.09.10 21:30:00.973,0.82685,0.82729,1.80,1.50
2012.09.10 21:31:02.176,0.8269,0.82731,1.50,1.50
2012.09.10 21:31:05.956,0.8269,0.82731,1.50,1.50
2012.09.10 21:31:21.714,0.82688,0.82726,1.80,1.50
2012.09.10 21:31:26.353,0.82687,0.82724,1.50,1.50
2012.09.10 21:31:31.652,0.82687,0.82728,1.50,2.25
2012.09.10 21:31:51.324,0.82685,0.82728,1.80,1.50
2012.09.10 21:31:51.834,0.82687,0.82728,1.50,1.50
2012.09.10 21:32:11.382,0.8269,0.82728,1.50,2.25
2012.09.10 21:32:14.639,0.82691,0.82728,1.05,2.25
2012.09.10 21:32:22.150,0.82691,0.82728,1.05,1.50
2012.09.10 21:32:31.651,0.82686,0.82728,1.80,1.50
2012.09.10 21:32:36.561,0.82693,0.82728,1.05,1.50
2012.09.10 21:32:36.634,0.8269,0.82728,1.05,1.50
2012.09.10 21:32:37.263,0.82686,0.82728,1.80,1.50
2012.09.10 21:32:42.773,0.82686,0.82728,1.80,2.25
2012.09.10 21:32:45.657,0.82686,0.82724,1.80,1.50
2012.09.10 21:32:46.176,0.82689,0.82724,1.50,1.50
2012.09.10 21:32:49.001,0.82689,0.82724,1.50,1.50
2012.09.10 21:33:05.293,0.82689,0.82724,1.50,1.50
2012.09.10 21:33:15.451,0.82689,0.82724,1.50,1.50
2012.09.10 21:33:34.505,0.8269,0.82725,1.50,1.50
2012.09.10 21:33:41.171,0.8269,0.82725,1.50,1.50
2012.09.10 21:33:48.003,0.82688,0.8272,1.50,1.50
2012.09.10 21:33:48.794,0.82688,0.8272,1.50,1.50
2012.09.10 21:33:57.322,0.82688,0.8272,1.50,1.50
2012.09.10 21:34:18.998,0.82688,0.8272,1.50,1.50
2012.09.10 21:34:23.362,0.82688,0.8272,1.50,1.50
2012.09.10 21:34:29.453,0.82688,0.8272,1.50,1.50
2012.09.10 21:34:51.483,0.82688,0.82722,1.50,1.50
2012.09.10 21:34:52.006,0.82688,0.82722,1.50,1.50
2012.09.10 21:34:53.822,0.82688,0.82722,1.50,1.50
2012.09.10 21:35:03.324,0.82688,0.82722,1.50,1.50
2012.09.10 21:35:03.861,0.82688,0.82722,1.50,1.50
2012.09.10 21:35:10.351,0.82688,0.82722,1.50,1.50
2012.09.10 21:35:10.673,0.82686,0.8271,1.80,1.50
2012.09.10 21:35:11.957,0.82686,0.8271,1.80,1.50
2012.09.10 21:35:14.022,0.82686,0.82712,1.80,1.50
2012.09.10 21:35:14.152,0.82688,0.82722,1.50,1.50
2012.09.10 21:35:20.098,0.82688,0.8272,2.55,1.50
2012.09.10 21:35:29.186,0.82688,0.8272,2.55,1.50
2012.09.10 21:35:33.796,0.82688,0.8272,2.55,1.50
2012.09.10 21:35:43.301,0.82688,0.8272,1.50,1.50
2012.09.10 21:35:44.203,0.82688,0.8272,1.50,1.50
2012.09.10 21:35:47.501,0.82689,0.82721,1.50,1.50
2012.09.10 21:35:47.573,0.82689,0.82721,1.50,1.50
2012.09.10 21:35:54.761,0.82689,0.82721,1.50,1.50
2012.09.10 21:35:56.197,0.82689,0.82721,1.50,1.50
2012.09.10 21:35:56.321,0.82689,0.82721,1.50,1.50
2012.09.10 21:35:57.497,0.82689,0.82721,1.50,1.50
2012.09.10 21:35:59.201,0.82689,0.82721,1.50,1.50
2012.09.10 21:36:00.592,0.82689,0.82721,1.50,1.50
2012.09.10 21:36:01.694,0.82689,0.82721,1.50,1.50
2012.09.10 21:36:10.632,0.82689,0.82721,1.50,1.50
2012.09.10 21:36:33.401,0.82691,0.82725,1.50,1.50
2012.09.10 21:36:42.522,0.82691,0.82725,1.50,1.50
2012.09.10 21:36:53.791,0.82689,0.82723,1.50,2.25
2012.09.10 21:37:00.412,0.82689,0.82723,1.50,2.25
2012.09.10 21:37:00.482,0.82689,0.82723,1.50,1.50
2012.09.10 21:37:00.733,0.82691,0.82723,1.50,1.50
2012.09.10 21:37:01.042,0.82693,0.82724,1.50,1.50
2012.09.10 21:37:02.054,0.82694,0.82724,1.35,1.50
2012.09.10 21:37:03.113,0.82703,0.82722,1.50,4.50
2012.09.10 21:37:03.542,0.82703,0.82722,1.50,5.07
2012.09.10 21:37:04.334,0.82706,0.82724,1.50,1.50
2012.09.10 21:37:04.734,0.82706,0.82724,1.50,1.50
2012.09.10 21:37:14.222,0.82706,0.82724,1.50,1.50
2012.09.10 21:37:16.344,0.82706,0.82724,1.50,1.50
2012.09.10 21:37:16.673,0.82706,0.82724,1.50,1.50
2012.09.10 21:37:26.292,0.82706,0.82724,1.50,1.50
2012.09.10 21:37:26.626,0.82706,0.82724,1.50,1.50
2012.09.10 21:37:28.313,0.82706,0.82724,1.50,1.50
2012.09.10 21:37:28.788,0.82706,0.82724,1.50,1.50
2012.09.10 21:37:32.566,0.82706,0.82725,1.50,1.32
2012.09.10 21:37:34.801,0.82706,0.82724,1.50,1.50
2012.09.10 21:37:38.323,0.82706,0.82724,1.50,1.50
2012.09.10 21:37:38.456,0.82706,0.82724,1.50,1.50
2012.09.10 21:37:41.022,0.82706,0.82725,1.50,1.32
2012.09.10 21:37:41.096,0.82707,0.82728,6.00,1.32
2012.09.10 21:37:41.223,0.82709,0.82729,1.32,1.32
2012.09.10 21:37:41.362,0.8271,0.82729,1.50,1.32
2012.09.10 21:37:45.152,0.82708,0.82728,1.50,1.32
2012.09.10 21:37:50.116,0.82708,0.82728,1.50,1.32
2012.09.10 21:37:50.392,0.82708,0.82728,1.50,1.32
2012.09.10 21:37:50.934,0.82708,0.82726,1.50,1.32
2012.09.10 21:37:51.005,0.82707,0.82726,1.50,5.07
2012.09.10 21:37:51.134,0.82707,0.82726,1.50,5.07
2012.09.10 21:37:53.174,0.82707,0.82727,1.50,1.32
2012.09.10 21:37:53.919,0.82707,0.82725,1.50,1.50
2012.09.10 21:37:55.029,0.82707,0.82725,1.50,1.50
2012.09.10 21:38:00.457,0.82707,0.82725,1.50,1.50
2012.09.10 21:38:02.104,0.82707,0.82727,1.50,1.32
2012.09.10 21:38:02.293,0.82707,0.82727,2.25,1.32
2012.09.10 21:38:08.817,0.8271,0.82733,1.50,1.50
2012.09.10 21:38:08.885,0.82713,0.82737,1.50,1.50
2012.09.10 21:38:09.134,0.82713,0.8274,1.50,1.35
2012.09.10 21:38:09.205,0.82709,0.82753,1.50,2.07
2012.09.10 21:38:09.554,0.82716,0.82763,1.05,1.35
2012.09.10 21:38:09.685,0.82715,0.82763,1.05,2.10
2012.09.10 21:38:09.876,0.82715,0.82763,1.05,1.35
2012.09.10 21:38:10.845,0.82713,0.82762,1.13,1.50
2012.09.10 21:38:10.915,0.82713,0.82757,1.13,1.35
2012.09.10 21:38:11.332,0.82695,0.82757,1.50,1.35
2012.09.10 21:38:18.829,0.82691,0.82755,1.50,1.50
2012.09.10 21:38:21.462,0.82698,0.82746,1.50,1.50
2012.09.10 21:38:27.723,0.82693,0.82746,1.50,1.50
2012.09.10 21:38:27.793,0.82693,0.82746,1.50,1.50
2012.09.10 21:38:28.133,0.82693,0.82746,1.50,1.50
2012.09.10 21:38:38.403,0.82694,0.8275,2.78,2.25
2012.09.10 21:38:38.714,0.82703,0.82748,1.50,2.63
2012.09.10 21:38:39.043,0.82703,0.82748,1.73,2.63
2012.09.10 21:38:39.367,0.82703,0.82748,1.50,3.38
2012.09.10 21:38:42.005,0.82703,0.82748,1.50,2.63
2012.09.10 21:38:47.199,0.82703,0.8274,1.50,1.50
2012.09.10 21:38:52.481,0.82704,0.82743,1.13,1.50
2012.09.10 21:38:53.123,0.8271,0.82739,1.35,1.35
2012.09.10 21:38:53.193,0.8271,0.82738,1.35,1.50
2012.09.10 21:38:59.337,0.8271,0.82738,1.35,2.25
2012.09.10 21:39:00.045,0.8271,0.82738,1.35,1.50
2012.09.10 21:39:02.163,0.8271,0.82738,1.35,1.50
2012.09.10 21:39:06.626,0.8271,0.82739,1.35,2.10
2012.09.10 21:39:06.704,0.8271,0.82738,1.35,1.50
2012.09.10 21:39:07.222,0.8271,0.82738,1.35,1.50
2012.09.10 21:39:08.409,0.82701,0.82734,3.38,1.50
2012.09.10 21:39:12.146,0.82701,0.82734,3.00,1.50
2012.09.10 21:39:17.273,0.82701,0.82734,3.00,1.50
2012.09.10 21:39:17.462,0.82701,0.82734,3.00,1.50
2012.09.10 21:39:19.026,0.82701,0.82734,3.00,1.50
2012.09.10 21:39:20.024,0.82701,0.82734,3.00,1.50
2012.09.10 21:39:20.344,0.82701,0.82734,3.00,1.50
2012.09.10 21:39:25.524,0.82701,0.82734,3.00,1.50
2012.09.10 21:39:28.334,0.82701,0.82733,3.00,1.50
2012.09.10 21:39:28.582,0.82701,0.82733,3.00,1.50
2012.09.10 21:39:30.193,0.82701,0.82734,3.00,1.50
2012.09.10 21:39:32.521,0.82701,0.82734,3.00,1.50
2012.09.10 21:39:37.514,0.82701,0.82733,3.00,1.50
2012.09.10 21:39:38.795,0.82701,0.82733,3.00,1.50
2012.09.10 21:39:39.303,0.82701,0.82733,3.00,1.50
2012.09.10 21:39:41.403,0.82701,0.82733,3.00,1.50
2012.09.10 21:39:45.215,0.82699,0.82733,1.50,1.50
2012.09.10 21:39:45.343,0.82693,0.82733,1.50,1.50
2012.09.10 21:39:49.144,0.82692,0.82729,1.50,1.50
2012.09.10 21:39:49.213,0.82688,0.82733,1.50,1.50
2012.09.10 21:39:50.833,0.82688,0.82728,1.50,1.50
2012.09.10 21:39:57.284,0.82685,0.82727,1.50,1.50
2012.09.10 21:39:57.592,0.82685,0.82729,1.50,1.50
2012.09.10 21:39:58.205,0.82685,0.82729,1.50,2.25
2012.09.10 21:40:08.148,0.82685,0.82727,1.50,1.50
2012.09.10 21:40:23.841,0.82684,0.82727,1.50,1.35
2012.09.10 21:40:24.153,0.82683,0.82721,1.50,2.63
2012.09.10 21:40:29.282,0.82683,0.82721,1.50,2.63
2012.09.10 21:40:31.902,0.82684,0.82721,1.50,2.63
2012.09.10 21:40:58.944,0.82689,0.82719,1.50,1.35
2012.09.10 21:40:59.374,0.82696,0.82722,1.50,2.48
2012.09.10 21:40:59.563,0.82699,0.82722,1.50,2.48
2012.09.10 21:40:59.872,0.82699,0.82722,1.50,2.48
2012.09.10 21:41:07.025,0.82703,0.82724,1.50,1.35
2012.09.10 21:41:07.345,0.82705,0.8272,1.50,1.32
2012.09.10 21:41:07.653,0.82707,0.8272,1.50,1.32
2012.09.10 21:41:08.825,0.82708,0.82727,2.07,1.32
2012.09.10 21:41:09.075,0.82708,0.82727,2.82,1.32
2012.09.10 21:41:10.843,0.82708,0.8273,2.07,1.17
2012.09.10 21:41:10.914,0.82711,0.8274,1.35,1.50
2012.09.10 21:41:10.984,0.82713,0.82742,1.50,1.35
2012.09.10 21:41:11.293,0.82715,0.82746,1.35,1.35
2012.09.10 21:41:15.063,0.82717,0.82746,1.50,1.35
2012.09.10 21:41:18.443,0.82717,0.82746,1.50,1.35
2012.09.10 21:41:20.232,0.82717,0.82746,1.50,1.35
2012.09.10 21:41:22.334,0.82717,0.82746,1.50,1.35
2012.09.10 21:41:24.463,0.82717,0.82746,1.50,1.35
2012.09.10 21:41:24.786,0.82717,0.82746,1.50,1.35
2012.09.10 21:41:29.734,0.82717,0.82741,1.50,1.35
2012.09.10 21:41:29.865,0.82717,0.8274,1.50,2.44
2012.09.10 21:41:29.934,0.82713,0.8274,1.50,3.19
2012.09.10 21:41:30.264,0.82709,0.82738,1.50,2.10
2012.09.10 21:41:39.382,0.82709,0.82738,1.50,2.10
2012.09.10 21:41:39.511,0.82709,0.82738,1.50,2.10
2012.09.10 21:41:40.013,0.82709,0.82738,1.50,2.10
2012.09.10 21:41:49.522,0.82704,0.82737,1.50,1.35
2012.09.10 21:41:50.295,0.82704,0.82737,1.50,1.35
2012.09.10 21:41:53.489,0.82712,0.82733,1.50,1.35
2012.09.10 21:41:53.793,0.82713,0.82733,1.50,1.92
2012.09.10 21:41:56.375,0.82713,0.82733,1.50,1.92
2012.09.10 21:41:56.446,0.82713,0.82733,1.50,1.92
2012.09.10 21:42:06.224,0.82713,0.82733,1.50,1.92
2012.09.10 21:42:06.812,0.82713,0.82733,1.50,1.92
2012.09.10 21:42:07.868,0.82713,0.82733,1.50,1.92
2012.09.10 21:42:23.064,0.82712,0.82733,1.50,1.92
2012.09.10 21:42:29.122,0.82713,0.82733,1.50,1.92
2012.09.10 21:42:31.822,0.82715,0.82734,1.32,4.50
2012.09.10 21:42:32.115,0.82713,0.82734,1.50,4.50
2012.09.10 21:42:32.201,0.82718,0.82738,2.07,1.32
2012.09.10 21:42:55.418,0.82717,0.82734,1.32,4.50
2012.09.10 21:42:55.943,0.82713,0.82733,1.50,1.32
2012.09.10 21:42:56.122,0.82712,0.82733,3.00,1.32
2012.09.10 21:42:57.637,0.82713,0.82733,1.50,1.32
2012.09.10 21:42:58.035,0.82712,0.82733,3.00,1.32
2012.09.10 21:42:59.422,0.82713,0.82733,1.50,1.32
2012.09.10 21:43:01.701,0.82713,0.82733,1.50,1.32
2012.09.10 21:43:02.014,0.82713,0.82733,2.25,1.32
2012.09.10 21:43:02.645,0.82718,0.82737,1.32,1.35
2012.09.10 21:43:02.895,0.82719,0.82738,1.35,1.32
2012.09.10 21:43:03.415,0.82719,0.82738,1.50,1.32
2012.09.10 21:43:03.780,0.8272,0.82738,1.50,1.32
2012.09.10 21:43:04.376,0.8272,0.82738,1.50,1.32
2012.09.10 21:43:05.292,0.8272,0.82738,1.50,1.32
2012.09.10 21:43:05.978,0.82722,0.82742,1.50,1.32
2012.09.10 21:43:06.053,0.82723,0.82743,1.32,1.32
2012.09.10 21:43:06.123,0.82721,0.82747,1.50,1.35
2012.09.10 21:43:07.596,0.82713,0.82747,2.25,2.63
2012.09.10 21:43:07.967,0.82713,0.82742,2.48,1.88
2012.09.10 21:43:09.056,0.82712,0.82742,1.50,1.88
2012.09.10 21:43:09.965,0.82713,0.82742,1.50,1.88
2012.09.10 21:43:10.860,0.82713,0.82742,1.50,1.88
2012.09.10 21:43:17.516,0.82709,0.82734,1.50,2.10
2012.09.10 21:43:17.896,0.82711,0.82734,1.50,2.10
2012.09.10 21:43:17.965,0.82711,0.82741,1.50,2.10
2012.09.10 21:43:21.424,0.82709,0.82741,1.50,2.10
2012.09.10 21:43:21.495,0.82699,0.82745,1.88,1.50
2012.09.10 21:43:22.264,0.82699,0.82747,1.35,1.50
2012.09.10 21:43:25.503,0.82699,0.82747,1.35,1.50
2012.09.10 21:43:31.397,0.82698,0.82747,2.63,1.50
2012.09.10 21:43:38.942,0.82698,0.82747,2.63,2.25
2012.09.10 21:43:42.715,0.82698,0.82747,2.63,1.50
2012.09.10 21:43:43.013,0.82698,0.82747,2.63,1.50
2012.09.10 21:43:52.086,0.82698,0.82747,2.63,1.50
2012.09.10 21:44:02.914,0.82698,0.82747,2.63,1.50
2012.09.10 21:44:08.862,0.82698,0.82747,2.63,1.50
2012.09.10 21:44:19.234,0.82695,0.82748,1.95,3.38
2012.09.10 21:44:19.305,0.82695,0.82747,1.95,1.50
2012.09.10 21:44:19.983,0.82694,0.82746,3.60,1.50
2012.09.10 21:44:23.473,0.82695,0.82745,1.13,1.50
2012.09.10 21:44:25.932,0.82695,0.82746,1.13,1.50
2012.09.10 21:44:42.893,0.82695,0.82746,2.63,1.50
2012.09.10 21:44:50.165,0.82695,0.82746,2.63,1.50
2012.09.10 21:45:18.792,0.82694,0.82745,4.35,1.50
2012.09.10 21:45:42.943,0.82694,0.82745,4.13,1.50
2012.09.10 21:45:48.840,0.82694,0.82745,4.13,1.50
2012.09.10 21:45:52.161,0.82697,0.82745,1.05,1.50
2012.09.10 21:45:52.251,0.82697,0.82745,1.05,1.50
2012.09.10 21:45:58.912,0.82695,0.82745,1.73,1.50
2012.09.10 21:46:01.421,0.82695,0.82745,1.73,1.50
2012.09.10 21:46:03.043,0.82695,0.82745,1.73,1.50
2012.09.10 21:46:19.104,0.82697,0.82745,1.73,1.50
2012.09.10 21:46:22.182,0.82697,0.82745,1.73,1.50
2012.09.10 21:46:23.074,0.82697,0.82745,1.73,1.50
2012.09.10 21:46:39.211,0.82697,0.82745,1.73,1.50
2012.09.10 21:46:43.015,0.82697,0.82745,1.73,1.50
2012.09.10 21:46:43.201,0.82697,0.82745,1.73,1.50
2012.09.10 21:47:03.112,0.82702,0.82745,1.05,1.50
2012.09.10 21:47:08.821,0.82702,0.82746,1.13,1.50
2012.09.10 21:47:12.383,0.82697,0.82746,1.50,1.50
2012.09.10 21:47:12.591,0.82694,0.82746,2.63,1.50
2012.09.10 21:47:19.844,0.82694,0.82746,2.63,1.50
2012.09.10 21:47:38.375,0.82696,0.82746,1.50,1.50
2012.09.10 21:47:39.405,0.82696,0.82746,1.50,1.50
2012.09.10 21:47:43.456,0.82698,0.82746,2.63,1.50
2012.09.10 21:47:43.529,0.827,0.82746,1.50,1.50
2012.09.10 21:47:43.666,0.82698,0.82749,3.38,1.50
2012.09.10 21:47:46.545,0.82702,0.8275,1.50,2.63
2012.09.10 21:47:53.401,0.82704,0.82747,1.32,1.32
2012.09.10 21:47:53.596,0.82728,0.82746,1.32,1.50
2012.09.10 21:48:09.263,0.82727,0.82744,1.32,5.25
2012.09.10 21:48:09.666,0.82725,0.82743,1.50,1.32
2012.09.10 21:48:18.986,0.82713,0.82741,1.50,1.50
2012.09.10 21:48:19.307,0.82707,0.82741,1.05,1.50
2012.09.10 21:48:23.364,0.82706,0.82741,1.05,1.50
2012.09.10 21:48:35.965,0.82704,0.82743,1.50,1.50
2012.09.10 21:48:36.625,0.82704,0.82743,1.50,1.50
2012.09.10 21:48:40.923,0.82704,0.82743,1.73,1.50
2012.09.10 21:48:57.724,0.82705,0.82741,1.13,1.50
2012.09.10 21:49:06.204,0.82699,0.8274,2.85,1.50
2012.09.10 21:49:08.883,0.82699,0.8274,2.85,1.50
2012.09.10 21:49:09.071,0.82702,0.8274,1.05,1.50
2012.09.10 21:49:18.043,0.82702,0.8274,1.05,1.50
2012.09.10 21:49:24.003,0.82705,0.82741,1.05,1.50
2012.09.10 21:49:24.155,0.82705,0.82741,1.05,1.50
2012.09.10 21:49:26.034,0.82705,0.82741,1.05,1.50
2012.09.10 21:49:26.353,0.82703,0.8274,1.13,1.50
2012.09.10 21:49:37.703,0.82692,0.82738,3.60,2.63
2012.09.10 21:49:39.467,0.82699,0.82738,1.05,2.63
2012.09.10 21:49:48.334,0.82702,0.82738,1.05,2.63
2012.09.10 21:49:58.084,0.82701,0.82738,1.05,3.38
2012.09.10 21:50:08.084,0.82696,0.82738,2.85,1.50
2012.09.10 21:50:30.556,0.82696,0.82738,2.85,1.50
2012.09.10 21:50:46.734,0.82697,0.82735,1.13,1.50
2012.09.10 21:50:49.044,0.82695,0.82735,2.85,1.50
2012.09.10 21:50:49.174,0.827,0.82735,1.05,1.50
2012.09.10 21:50:59.020,0.827,0.82735,1.05,1.50
2012.09.10 21:51:10.254,0.82698,0.82735,2.85,1.50
2012.09.10 21:51:10.324,0.82708,0.82742,1.50,1.88
2012.09.10 21:51:10.978,0.82708,0.82742,1.50,1.88
2012.09.10 21:51:11.305,0.827,0.82742,1.20,2.63
2012.09.10 21:51:13.110,0.82697,0.8275,1.50,1.50
2012.09.10 21:51:13.375,0.82697,0.8275,1.50,1.50
2012.09.10 21:51:19.895,0.82697,0.8275,1.88,1.50
2012.09.10 21:51:20.253,0.82705,0.8275,1.13,1.50
2012.09.10 21:51:25.973,0.82705,0.8275,1.13,1.50
2012.09.10 21:51:26.047,0.82697,0.8275,2.12,1.50
2012.09.10 21:51:26.463,0.82697,0.8275,2.12,1.50
2012.09.10 21:51:28.944,0.82704,0.8275,1.05,1.50
2012.09.10 21:51:57.238,0.82697,0.8275,1.73,1.50
2012.09.10 21:52:17.548,0.82705,0.82739,1.05,1.50
2012.09.10 21:52:23.873,0.82698,0.82739,1.73,1.50
2012.09.10 21:52:31.213,0.82702,0.82739,1.13,1.50
2012.09.10 21:52:49.986,0.82698,0.82739,1.50,1.50
2012.09.10 21:52:55.815,0.82698,0.82739,1.50,1.50
2012.09.10 21:52:55.883,0.82698,0.82738,1.50,1.50
2012.09.10 21:52:56.219,0.82698,0.8274,1.50,1.50
2012.09.10 21:52:56.296,0.82698,0.8274,1.50,1.50
2012.09.10 21:52:56.482,0.82698,0.8274,1.50,1.50
2012.09.10 21:52:56.696,0.82699,0.8274,1.50,1.50
2012.09.10 21:53:02.825,0.82699,0.82738,1.50,1.50
2012.09.10 21:53:06.704,0.82699,0.82738,1.50,1.50
2012.09.10 21:53:10.834,0.82699,0.82738,1.50,1.50
2012.09.10 21:53:14.172,0.82702,0.8274,1.88,1.50
2012.09.10 21:53:14.244,0.82703,0.8274,1.50,1.50
2012.09.10 21:53:16.418,0.82703,0.8274,1.50,1.50
2012.09.10 21:53:17.056,0.82703,0.82748,1.50,1.50
2012.09.10 21:53:18.654,0.82703,0.82743,1.50,1.50
2012.09.10 21:53:33.944,0.82709,0.82744,1.88,1.50
2012.09.10 21:53:34.238,0.82709,0.82744,1.88,1.50
2012.09.10 21:53:42.537,0.82709,0.82744,2.63,1.50
2012.09.10 21:53:45.108,0.82709,0.82744,2.63,1.50
2012.09.10 21:53:46.654,0.82709,0.82744,2.63,1.50
2012.09.10 21:53:47.418,0.82709,0.82743,2.63,1.50
2012.09.10 21:53:47.973,0.82709,0.82746,2.63,1.50
2012.09.10 21:53:52.235,0.82716,0.82747,1.50,1.50
2012.09.10 21:53:52.303,0.82716,0.82747,1.50,1.50
2012.09.10 21:53:59.541,0.82717,0.82748,1.50,1.50
2012.09.10 21:53:59.616,0.82718,0.82749,1.50,1.50
2012.09.10 21:53:59.854,0.82718,0.82749,1.50,1.50
2012.09.10 21:54:00.516,0.82718,0.82749,1.50,1.50
2012.09.10 21:54:03.448,0.82718,0.82747,1.50,1.50
2012.09.10 21:54:03.998,0.82718,0.82748,1.50,1.50
2012.09.10 21:54:06.563,0.82718,0.82748,1.50,1.50
2012.09.10 21:54:12.444,0.82716,0.82746,1.50,1.50
2012.09.10 21:54:12.945,0.82709,0.82751,3.00,1.50
2012.09.10 21:54:13.264,0.82709,0.82753,3.00,1.50
2012.09.10 21:54:14.127,0.82709,0.82753,2.63,1.50
2012.09.10 21:54:18.050,0.82709,0.82751,2.63,1.50
2012.09.10 21:54:19.038,0.82709,0.82752,2.63,1.50
2012.09.10 21:54:19.655,0.82709,0.82751,2.63,1.50
2012.09.10 21:54:23.765,0.82709,0.82746,2.63,1.50
2012.09.10 21:54:24.304,0.82709,0.82749,2.63,1.50
2012.09.10 21:54:24.675,0.82709,0.82749,2.63,1.50
2012.09.10 21:54:24.857,0.82709,0.82747,2.63,1.50
2012.09.10 21:54:25.044,0.82709,0.82749,2.63,1.50
2012.09.10 21:54:29.034,0.82709,0.82747,2.63,1.50
2012.09.10 21:54:32.493,0.82709,0.82747,2.63,1.50
2012.09.10 21:54:37.215,0.82708,0.82751,3.38,1.50
2012.09.10 21:54:40.748,0.82719,0.82751,1.88,1.50
2012.09.10 21:54:40.995,0.82719,0.82751,1.88,1.50
2012.09.10 21:54:46.725,0.82719,0.82753,2.63,1.50
2012.09.10 21:54:47.066,0.82719,0.82755,3.38,1.50
2012.09.10 21:54:48.056,0.82719,0.82753,3.38,1.50
2012.09.10 21:54:48.597,0.82719,0.82754,3.38,1.50
2012.09.10 21:54:57.417,0.82719,0.82754,3.38,1.50
2012.09.10 21:54:58.047,0.82719,0.82754,3.38,1.50
2012.09.10 21:54:59.015,0.8272,0.82754,2.63,1.50
2012.09.10 21:54:59.396,0.8272,0.82754,2.63,1.50
2012.09.10 21:55:01.617,0.82715,0.82752,1.50,1.50
2012.09.10 21:55:02.148,0.82714,0.82744,2.63,1.50
2012.09.10 21:55:02.220,0.82712,0.82746,1.50,1.50
2012.09.10 21:55:02.427,0.82709,0.82747,4.50,1.50
2012.09.10 21:55:02.947,0.82707,0.82747,2.63,1.50
2012.09.10 21:55:04.009,0.82707,0.82742,2.63,1.50
2012.09.10 21:55:18.525,0.82709,0.82742,1.88,1.50
2012.09.10 21:55:23.266,0.82709,0.82745,2.63,1.50
2012.09.10 21:55:23.514,0.82709,0.82743,2.63,2.25
2012.09.10 21:55:32.797,0.82709,0.82745,2.63,1.50
2012.09.10 21:55:38.836,0.82703,0.82744,1.50,2.25
2012.09.10 21:55:38.965,0.82703,0.82744,1.50,2.25
2012.09.10 21:55:42.896,0.82707,0.82744,1.88,2.25
2012.09.10 21:55:43.088,0.82707,0.82744,1.88,2.25
2012.09.10 21:55:44.355,0.82707,0.82744,2.63,1.50
2012.09.10 21:55:51.327,0.82707,0.82744,1.88,1.50
2012.09.10 21:55:59.189,0.82707,0.82743,2.63,1.50
2012.09.10 21:56:04.334,0.82707,0.82743,2.63,1.50
2012.09.10 21:56:05.527,0.82701,0.82743,1.32,1.50
2012.09.10 21:56:07.549,0.82701,0.82743,1.32,1.50
2012.09.10 21:56:09.096,0.82701,0.82741,1.32,1.50
2012.09.10 21:56:09.419,0.82701,0.82742,1.32,1.50
2012.09.10 21:56:11.215,0.82701,0.82741,1.32,1.50
2012.09.10 21:56:24.495,0.82701,0.82744,1.32,1.50
2012.09.10 21:56:32.249,0.82699,0.82742,2.63,1.50
2012.09.10 21:56:42.418,0.82699,0.82746,2.63,2.25
2012.09.10 21:56:49.193,0.82699,0.82746,2.63,1.50
2012.09.10 21:56:50.015,0.82699,0.82746,2.63,1.50
2012.09.10 21:56:57.965,0.82695,0.82746,1.50,1.50
2012.09.10 21:56:58.034,0.82695,0.82746,1.50,2.25
2012.09.10 21:56:58.886,0.82695,0.82746,1.50,2.25
2012.09.10 21:57:04.318,0.82694,0.82743,1.50,1.50
2012.09.10 21:57:06.375,0.82694,0.82745,1.50,1.50
2012.09.10 21:57:16.595,0.82694,0.82742,1.50,1.50
2012.09.10 21:57:17.198,0.82694,0.82738,3.38,2.63
2012.09.10 21:57:18.368,0.82694,0.82742,1.50,1.50
2012.09.10 21:57:18.505,0.82694,0.82744,1.50,1.50
2012.09.10 21:57:25.314,0.82694,0.82746,1.50,1.50
2012.09.10 21:57:40.075,0.82694,0.82745,1.50,1.50
2012.09.10 21:57:46.066,0.82697,0.82752,2.55,1.50
2012.09.10 21:57:56.486,0.827,0.82753,1.50,1.50
2012.09.10 21:58:05.297,0.827,0.82753,1.50,1.50
2012.09.10 21:58:08.503,0.827,0.82753,1.50,1.50
2012.09.10 21:58:09.088,0.82705,0.82753,1.50,1.50
2012.09.10 21:58:16.390,0.82705,0.82753,1.50,1.50
2012.09.10 21:58:17.298,0.82705,0.82753,1.50,1.50
2012.09.10 21:58:17.646,0.82701,0.82753,1.50,1.50
2012.09.10 21:58:23.445,0.827,0.82753,1.50,1.50
2012.09.10 21:58:23.515,0.827,0.82753,1.50,1.50
2012.09.10 21:58:28.589,0.827,0.82753,1.50,1.50
2012.09.10 21:58:55.797,0.82697,0.82743,2.25,1.50
2012.09.10 21:58:59.115,0.82697,0.82744,2.25,1.50
2012.09.10 21:59:08.656,0.82698,0.82736,0.75,0.75
2012.09.10 21:59:18.815,0.82697,0.82736,0.75,0.75
2012.09.10 21:59:56.634,0.82697,0.82737,0.75,0.75
