2009.06.02 14:00:00.044,0.8995,0.8997,1.20,5.80
2009.06.02 14:00:00.624,0.89965,0.89985,3.00,2.60
2009.06.02 14:00:00.854,0.89985,0.9,1.20,5.50
2009.06.02 14:00:01.093,0.89995,0.90015,1.40,5.00
2009.06.02 14:00:01.374,0.89995,0.9005,1.20,2.00
2009.06.02 14:00:01.594,0.9,0.9006,1.20,2.00
2009.06.02 14:00:02.123,0.90005,0.90035,6.20,2.60
2009.06.02 14:00:02.523,0.9001,0.90055,2.00,4.60
2009.06.02 14:00:02.873,0.9001,0.90065,11.00,4.60
2009.06.02 14:00:03.323,0.9001,0.90065,6.20,4.60
2009.06.02 14:00:03.723,0.90015,0.90045,1.20,2.60
2009.06.02 14:00:04.293,0.90025,0.90055,1.20,2.60
2009.06.02 14:00:04.582,0.90025,0.90045,1.20,2.60
2009.06.02 14:00:05.013,0.90025,0.9006,1.20,2.60
2009.06.02 14:00:05.352,0.90045,0.90065,2.60,2.60
2009.06.02 14:00:05.742,0.9005,0.90055,6.20,2.60
2009.06.02 14:00:06.082,0.90065,0.90115,1.40,2.00
2009.06.02 14:00:06.482,0.9007,0.901,1.40,2.60
2009.06.02 14:00:06.712,0.90065,0.901,1.40,2.60
2009.06.02 14:00:07.002,0.90065,0.90125,3.00,2.60
2009.06.02 14:00:07.472,0.9007,0.901,1.40,4.80
2009.06.02 14:00:07.812,0.9008,0.90115,2.00,4.60
2009.06.02 14:00:08.212,0.9008,0.9011,1.40,4.80
2009.06.02 14:00:08.672,0.90085,0.901,1.00,4.80
2009.06.02 14:00:09.022,0.9009,0.90115,2.40,1.60
2009.06.02 14:00:09.381,0.90095,0.9012,1.00,4.80
2009.06.02 14:00:09.741,0.90095,0.9012,1.00,2.00
2009.06.02 14:00:10.551,0.9008,0.9012,2.40,10.60
2009.06.02 14:00:10.951,0.90075,0.901,2.80,4.80
2009.06.02 14:00:11.282,0.90075,0.90095,2.80,1.20
2009.06.02 14:00:11.631,0.9008,0.90115,2.40,2.60
2009.06.02 14:00:11.871,0.9009,0.90115,2.40,2.60
2009.06.02 14:00:12.431,0.9009,0.9011,1.40,1.20
2009.06.02 14:00:12.790,0.90095,0.9012,1.80,3.20
2009.06.02 14:00:13.191,0.901,0.90115,4.90,7.10
2009.06.02 14:00:13.481,0.9011,0.90115,2.40,7.10
2009.06.02 14:00:13.970,0.90105,0.90115,2.40,7.10
2009.06.02 14:00:14.370,0.90095,0.901,3.10,5.80
2009.06.02 14:00:14.710,0.9009,0.901,2.40,5.80
2009.06.02 14:00:15.050,0.9011,0.9012,2.40,5.80
2009.06.02 14:00:15.530,0.901,0.9012,2.40,5.80
2009.06.02 14:00:16.160,0.901,0.9012,1.40,5.80
2009.06.02 14:00:16.440,0.90095,0.9012,1.00,5.80
2009.06.02 14:00:16.670,0.90105,0.9012,1.40,6.60
2009.06.02 14:00:17.010,0.9011,0.90125,1.40,5.80
2009.06.02 14:00:17.430,0.9012,0.90125,2.40,5.80
2009.06.02 14:00:18.489,0.9012,0.90125,4.20,5.80
2009.06.02 14:00:18.829,0.9014,0.90165,2.40,2.60
2009.06.02 14:00:19.109,0.9014,0.9017,2.40,2.60
2009.06.02 14:00:19.389,0.90135,0.9017,4.00,2.60
2009.06.02 14:00:19.629,0.90145,0.9017,1.00,5.80
2009.06.02 14:00:19.859,0.9014,0.9016,2.40,5.80
2009.06.02 14:00:20.269,0.90135,0.9017,2.80,7.20
2009.06.02 14:00:20.619,0.9014,0.9017,2.40,7.20
2009.06.02 14:00:20.968,0.9015,0.9017,2.40,7.20
2009.06.02 14:00:21.439,0.90145,0.9017,2.40,7.20
2009.06.02 14:00:21.829,0.9016,0.9017,1.40,5.80
2009.06.02 14:00:22.188,0.9016,0.9017,3.20,5.80
2009.06.02 14:00:22.588,0.90165,0.9017,1.00,5.80
2009.06.02 14:00:22.888,0.9015,0.9017,2.40,4.80
2009.06.02 14:00:23.278,0.9016,0.9018,2.40,1.00
2009.06.02 14:00:23.608,0.90155,0.9019,2.40,2.60
2009.06.02 14:00:23.958,0.90155,0.90185,5.60,1.20
2009.06.02 14:00:24.308,0.90155,0.9019,4.00,5.80
2009.06.02 14:00:24.818,0.90175,0.90195,2.40,5.80
2009.06.02 14:00:25.177,0.9018,0.90195,2.40,5.80
2009.06.02 14:00:25.408,0.90195,0.902,2.40,2.60
2009.06.02 14:00:25.978,0.90195,0.902,4.00,2.60
2009.06.02 14:00:26.267,0.90205,0.90225,1.00,6.30
2009.06.02 14:00:26.557,0.902,0.9023,1.40,6.30
2009.06.02 14:00:26.837,0.902,0.9023,2.40,6.30
2009.06.02 14:00:27.117,0.90195,0.9023,2.80,6.30
2009.06.02 14:00:27.457,0.902,0.90245,5.20,1.00
2009.06.02 14:00:27.857,0.902,0.90245,6.80,5.60
2009.06.02 14:00:28.197,0.90205,0.9025,1.80,1.00
2009.06.02 14:00:28.547,0.90205,0.90235,5.20,1.40
2009.06.02 14:00:28.887,0.9022,0.9023,5.20,1.00
2009.06.02 14:00:29.357,0.9021,0.90235,8.40,1.00
2009.06.02 14:00:29.706,0.90215,0.9025,3.00,2.60
2009.06.02 14:00:30.057,0.90235,0.90245,5.60,1.00
2009.06.02 14:00:30.577,0.90225,0.90255,5.40,1.00
2009.06.02 14:00:30.816,0.9023,0.90255,1.80,1.00
2009.06.02 14:00:31.097,0.90235,0.9025,1.60,1.00
2009.06.02 14:00:31.326,0.90235,0.90245,1.40,1.00
2009.06.02 14:00:31.676,0.90225,0.90255,5.00,4.60
2009.06.02 14:00:31.966,0.90225,0.9026,5.80,11.40
2009.06.02 14:00:32.306,0.9023,0.9025,2.40,1.20
2009.06.02 14:00:32.766,0.90225,0.9025,4.20,1.20
2009.06.02 14:00:33.966,0.90225,0.9025,4.20,2.00
2009.06.02 14:00:34.365,0.9022,0.9025,2.40,6.80
2009.06.02 14:00:35.125,0.9022,0.9025,2.40,15.40
2009.06.02 14:00:35.595,0.9022,0.9025,2.40,14.60
2009.06.02 14:00:35.885,0.90225,0.9025,2.40,14.60
2009.06.02 14:00:38.254,0.9022,0.9025,2.40,6.80
2009.06.02 14:00:38.705,0.9023,0.9025,2.40,1.00
2009.06.02 14:00:38.944,0.9024,0.9026,2.40,5.80
2009.06.02 14:00:39.344,0.90235,0.9027,1.00,10.80
2009.06.02 14:00:39.674,0.90235,0.9027,1.00,10.00
2009.06.02 14:00:40.024,0.9024,0.90265,1.40,5.00
2009.06.02 14:00:40.314,0.9024,0.9026,1.40,12.00
2009.06.02 14:00:40.714,0.9024,0.90265,1.40,2.00
2009.06.02 14:00:40.984,0.9024,0.9026,1.40,6.60
2009.06.02 14:00:41.284,0.9024,0.90265,1.40,4.60
2009.06.02 14:00:41.584,0.9024,0.9025,1.40,3.80
2009.06.02 14:00:41.924,0.90225,0.9025,2.40,4.60
2009.06.02 14:00:42.254,0.90225,0.90245,2.40,6.60
2009.06.02 14:00:42.544,0.9022,0.9024,2.40,1.20
2009.06.02 14:00:42.824,0.9022,0.9024,2.40,2.00
2009.06.02 14:00:43.114,0.9021,0.9023,4.20,1.20
2009.06.02 14:00:43.403,0.90205,0.9023,2.40,1.20
2009.06.02 14:00:43.753,0.902,0.9023,2.40,1.20
2009.06.02 14:00:44.143,0.902,0.9023,2.40,2.00
2009.06.02 14:00:44.953,0.902,0.9023,1.80,3.40
2009.06.02 14:00:45.353,0.90205,0.90235,4.00,2.60
2009.06.02 14:00:45.713,0.90205,0.9023,2.40,2.00
2009.06.02 14:00:46.063,0.90205,0.90225,7.20,2.60
2009.06.02 14:00:46.403,0.90205,0.9022,6.80,1.20
2009.06.02 14:00:46.872,0.90195,0.9022,1.60,4.80
2009.06.02 14:00:47.272,0.90185,0.9022,4.80,1.00
2009.06.02 14:00:47.512,0.9019,0.9022,2.40,1.00
2009.06.02 14:00:47.732,0.90185,0.9022,4.80,6.60
2009.06.02 14:00:48.122,0.9019,0.9022,1.80,6.60
2009.06.02 14:00:48.472,0.90195,0.9022,2.40,5.80
2009.06.02 14:00:48.812,0.9019,0.90215,5.20,1.00
2009.06.02 14:00:49.202,0.90185,0.9022,5.60,16.60
2009.06.02 14:00:49.652,0.9019,0.90215,2.40,1.80
2009.06.02 14:00:50.002,0.90185,0.9021,4.20,1.00
2009.06.02 14:00:50.352,0.90185,0.9021,5.20,1.00
2009.06.02 14:00:50.691,0.90175,0.902,7.40,1.20
2009.06.02 14:00:51.182,0.9018,0.902,1.80,1.20
2009.06.02 14:00:51.471,0.90175,0.90205,4.20,2.60
2009.06.02 14:00:51.701,0.90175,0.9021,4.20,8.00
2009.06.02 14:00:51.991,0.90175,0.90205,4.20,1.00
2009.06.02 14:00:52.331,0.90175,0.90205,4.80,2.60
2009.06.02 14:00:52.781,0.90175,0.902,4.80,4.00
2009.06.02 14:00:53.171,0.90175,0.90195,5.60,1.20
2009.06.02 14:00:53.521,0.90175,0.902,2.40,2.80
2009.06.02 14:00:53.871,0.90175,0.902,1.80,2.00
2009.06.02 14:00:54.221,0.90175,0.902,1.80,4.80
2009.06.02 14:00:54.911,0.90175,0.902,4.20,2.60
2009.06.02 14:00:55.320,0.90175,0.90205,4.20,3.40
2009.06.02 14:00:55.560,0.90175,0.90205,1.80,3.40
2009.06.02 14:00:55.850,0.90175,0.902,1.80,2.00
2009.06.02 14:00:56.150,0.9017,0.902,2.40,1.60
2009.06.02 14:00:56.430,0.90165,0.902,2.40,1.20
2009.06.02 14:00:56.780,0.9017,0.90185,5.20,1.00
2009.06.02 14:00:57.240,0.9017,0.9018,5.20,1.20
2009.06.02 14:00:57.700,0.9013,0.9018,7.60,5.60
2009.06.02 14:00:57.990,0.9013,0.90175,2.40,1.00
2009.06.02 14:00:59.349,0.9014,0.9017,2.40,1.00
2009.06.02 14:00:59.689,0.9014,0.9017,2.40,2.60
2009.06.02 14:01:00.259,0.90135,0.90165,4.20,2.00
2009.06.02 14:01:00.549,0.90135,0.90165,7.60,1.60
2009.06.02 14:01:00.829,0.90135,0.90165,5.60,2.00
2009.06.02 14:01:01.569,0.90135,0.90155,5.60,1.20
2009.06.02 14:01:01.859,0.90125,0.9015,7.20,1.00
2009.06.02 14:01:02.139,0.9012,0.9015,5.80,1.00
2009.06.02 14:01:02.489,0.9012,0.9015,4.20,1.00
2009.06.02 14:01:02.879,0.9012,0.9015,4.20,4.60
2009.06.02 14:01:03.239,0.9012,0.90145,1.80,5.80
2009.06.02 14:01:04.268,0.9012,0.9014,5.20,1.20
2009.06.02 14:01:04.608,0.9012,0.9014,5.20,2.00
2009.06.02 14:01:05.078,0.9012,0.9014,5.20,6.80
2009.06.02 14:01:05.438,0.9012,0.9014,5.20,2.00
2009.06.02 14:01:05.778,0.90115,0.9014,2.40,1.20
2009.06.02 14:01:06.128,0.9012,0.90145,2.40,5.80
2009.06.02 14:01:06.428,0.9011,0.90145,4.20,5.80
2009.06.02 14:01:07.288,0.9011,0.9015,9.60,8.40
2009.06.02 14:01:07.518,0.9011,0.90145,9.60,1.00
2009.06.02 14:01:08.088,0.9011,0.90145,7.60,1.00
2009.06.02 14:01:08.318,0.9012,0.90145,5.20,2.40
2009.06.02 14:01:08.997,0.9012,0.90145,1.80,2.00
2009.06.02 14:01:10.007,0.9012,0.9014,1.80,1.80
2009.06.02 14:01:10.367,0.90125,0.90145,1.80,1.00
2009.06.02 14:01:10.667,0.90125,0.9014,1.80,1.00
2009.06.02 14:01:11.187,0.9012,0.90145,1.80,1.00
2009.06.02 14:01:11.476,0.90115,0.90145,4.80,2.40
2009.06.02 14:01:11.926,0.90135,0.9014,1.80,5.60
2009.06.02 14:01:12.276,0.90095,0.9013,1.80,1.00
2009.06.02 14:01:13.276,0.901,0.9013,1.80,2.60
2009.06.02 14:01:13.566,0.90105,0.90125,1.80,1.00
2009.06.02 14:01:13.906,0.90105,0.9013,1.80,2.60
2009.06.02 14:01:14.286,0.90105,0.9013,1.80,1.00
2009.06.02 14:01:14.636,0.90105,0.90125,1.80,1.00
2009.06.02 14:01:14.986,0.90105,0.9013,1.80,6.60
2009.06.02 14:01:15.326,0.90105,0.90125,1.80,2.60
2009.06.02 14:01:15.675,0.901,0.9012,2.40,1.00
2009.06.02 14:01:15.965,0.9011,0.90125,2.40,2.60
2009.06.02 14:01:16.205,0.90105,0.90125,1.80,2.60
2009.06.02 14:01:17.275,0.90105,0.90135,1.80,11.00
2009.06.02 14:01:17.565,0.90105,0.90115,1.80,1.00
2009.06.02 14:01:17.806,0.90095,0.9011,1.60,1.00
2009.06.02 14:01:18.275,0.90085,0.90115,6.40,1.60
2009.06.02 14:01:18.675,0.90105,0.9012,1.80,7.40
2009.06.02 14:01:19.025,0.90105,0.9012,1.80,5.80
2009.06.02 14:01:19.364,0.90105,0.9013,1.80,11.40
2009.06.02 14:01:19.765,0.90105,0.90135,1.80,1.60
2009.06.02 14:01:20.175,0.90105,0.90135,2.40,1.60
2009.06.02 14:01:20.864,0.90105,0.9014,2.40,2.00
2009.06.02 14:01:21.104,0.90105,0.90135,2.40,5.80
2009.06.02 14:01:21.444,0.90115,0.9014,1.80,6.60
2009.06.02 14:01:22.464,0.90105,0.9014,4.20,5.60
2009.06.02 14:01:22.874,0.90115,0.9014,1.80,1.00
2009.06.02 14:01:23.674,0.90115,0.9014,1.80,4.80
2009.06.02 14:01:24.014,0.90135,0.90145,1.80,7.40
2009.06.02 14:01:24.414,0.9013,0.9014,1.80,1.00
2009.06.02 14:01:24.923,0.9013,0.90145,1.80,2.60
2009.06.02 14:01:25.273,0.90125,0.9014,1.80,1.00
2009.06.02 14:01:25.623,0.9012,0.9015,2.40,2.60
2009.06.02 14:01:25.973,0.90125,0.90145,1.80,5.80
2009.06.02 14:01:26.373,0.9012,0.90145,1.80,1.00
2009.06.02 14:01:26.663,0.90135,0.90155,1.80,2.60
2009.06.02 14:01:26.883,0.90125,0.9015,1.80,6.60
2009.06.02 14:01:27.113,0.90125,0.9014,1.80,2.60
2009.06.02 14:01:27.403,0.9011,0.90145,1.80,2.60
2009.06.02 14:01:28.253,0.90115,0.90135,1.80,5.80
2009.06.02 14:01:28.572,0.9012,0.90135,1.80,5.80
2009.06.02 14:01:28.962,0.90125,0.90135,1.80,6.60
2009.06.02 14:01:29.302,0.9012,0.90135,1.80,5.80
2009.06.02 14:01:30.002,0.90115,0.90145,3.40,6.60
2009.06.02 14:01:30.362,0.90115,0.90145,1.80,7.40
2009.06.02 14:01:30.762,0.90115,0.9014,1.80,10.60
2009.06.02 14:01:30.982,0.90115,0.9014,1.80,11.40
2009.06.02 14:01:31.312,0.9011,0.9013,1.80,1.00
2009.06.02 14:01:31.722,0.9011,0.9013,1.80,1.00
2009.06.02 14:01:32.122,0.9012,0.9014,1.80,2.60
2009.06.02 14:01:32.522,0.9011,0.90135,1.80,6.60
2009.06.02 14:01:32.931,0.9011,0.9013,1.80,1.00
2009.06.02 14:01:33.621,0.90105,0.9013,1.80,1.00
2009.06.02 14:01:34.071,0.9011,0.90135,1.80,8.20
2009.06.02 14:01:34.401,0.9011,0.90135,1.80,6.60
2009.06.02 14:01:34.691,0.9011,0.90135,1.80,1.00
2009.06.02 14:01:36.330,0.90115,0.90135,1.80,1.00
2009.06.02 14:01:37.140,0.90115,0.9013,1.80,1.00
2009.06.02 14:01:37.780,0.90115,0.90135,1.80,1.00
2009.06.02 14:01:38.160,0.9011,0.90135,1.80,1.00
2009.06.02 14:01:38.610,0.9011,0.9013,1.80,6.60
2009.06.02 14:01:38.900,0.9011,0.90135,1.80,2.60
2009.06.02 14:01:39.440,0.9011,0.9014,1.80,8.20
2009.06.02 14:01:39.960,0.9011,0.90135,1.80,5.80
2009.06.02 14:01:40.310,0.90105,0.9013,1.80,1.00
2009.06.02 14:01:40.550,0.90105,0.9013,1.80,2.60
2009.06.02 14:01:42.079,0.901,0.9013,1.80,2.60
2009.06.02 14:01:42.419,0.90105,0.9013,1.80,2.60
2009.06.02 14:01:43.259,0.9011,0.9013,1.80,2.60
2009.06.02 14:01:43.609,0.9011,0.90125,1.80,5.80
2009.06.02 14:01:43.959,0.90115,0.90125,1.80,5.80
2009.06.02 14:01:44.430,0.90115,0.90125,1.80,4.80
2009.06.02 14:01:44.779,0.90115,0.90135,1.80,6.60
2009.06.02 14:01:45.578,0.90125,0.90135,1.80,2.60
2009.06.02 14:01:46.508,0.90125,0.9013,1.80,5.80
2009.06.02 14:01:47.368,0.9013,0.90145,1.80,7.10
2009.06.02 14:01:47.708,0.9013,0.9014,1.80,5.80
2009.06.02 14:01:48.328,0.90125,0.9014,1.80,5.80
2009.06.02 14:01:48.748,0.9013,0.9015,1.80,2.60
2009.06.02 14:01:51.297,0.9013,0.90145,1.80,1.00
2009.06.02 14:01:51.627,0.9013,0.9015,1.80,3.40
2009.06.02 14:01:51.977,0.90135,0.9015,1.80,6.60
2009.06.02 14:01:52.206,0.90135,0.90155,1.80,2.00
2009.06.02 14:01:52.557,0.9012,0.90155,1.80,11.00
2009.06.02 14:01:52.916,0.90125,0.9015,1.80,2.60
2009.06.02 14:01:53.207,0.90125,0.90145,1.80,2.60
2009.06.02 14:01:53.676,0.90135,0.90145,1.80,2.60
2009.06.02 14:01:54.016,0.90125,0.9014,1.80,5.80
2009.06.02 14:01:54.546,0.90115,0.9014,1.80,6.60
2009.06.02 14:01:54.886,0.90115,0.90135,1.80,2.60
2009.06.02 14:01:55.336,0.9011,0.90135,1.80,2.60
2009.06.02 14:01:55.876,0.9011,0.9013,1.80,2.60
2009.06.02 14:01:56.166,0.9011,0.90135,1.80,5.40
2009.06.02 14:01:56.386,0.9011,0.90135,1.80,5.60
2009.06.02 14:01:56.686,0.9011,0.90135,1.80,6.20
2009.06.02 14:01:57.215,0.9011,0.9013,1.80,6.60
2009.06.02 14:01:57.495,0.9011,0.90135,1.80,6.80
2009.06.02 14:01:57.785,0.90105,0.9013,1.80,7.40
2009.06.02 14:01:58.065,0.90105,0.9012,1.80,5.80
2009.06.02 14:01:58.685,0.90105,0.90125,1.80,2.60
2009.06.02 14:01:59.355,0.9011,0.90125,1.80,2.60
2009.06.02 14:01:59.705,0.90115,0.90125,1.80,5.80
2009.06.02 14:02:01.035,0.90105,0.90125,1.80,5.80
2009.06.02 14:02:01.205,0.901,0.90135,1.80,2.60
2009.06.02 14:02:01.504,0.901,0.9013,1.80,6.60
2009.06.02 14:02:01.834,0.90105,0.90125,1.80,5.80
2009.06.02 14:02:02.244,0.90105,0.9013,1.80,2.60
2009.06.02 14:02:03.264,0.90105,0.90125,1.80,5.80
2009.06.02 14:02:03.554,0.90115,0.90135,1.80,2.60
2009.06.02 14:02:04.214,0.90115,0.9013,1.80,5.80
2009.06.02 14:02:04.973,0.90115,0.90135,1.80,5.80
2009.06.02 14:02:05.313,0.9012,0.9014,1.80,6.60
2009.06.02 14:02:05.774,0.9012,0.90145,1.80,2.00
2009.06.02 14:02:06.003,0.90115,0.9014,1.80,6.60
2009.06.02 14:02:06.423,0.90105,0.90135,1.80,1.00
2009.06.02 14:02:06.473,0.90105,0.9013,1.80,1.00
2009.06.02 14:02:06.813,0.901,0.9013,1.80,1.00
2009.06.02 14:02:07.643,0.901,0.9013,4.20,6.60
2009.06.02 14:02:08.103,0.901,0.9013,1.80,7.40
2009.06.02 14:02:08.453,0.901,0.9013,1.80,8.20
2009.06.02 14:02:08.793,0.901,0.9012,1.80,5.60
2009.06.02 14:02:09.133,0.901,0.9012,1.80,1.80
2009.06.02 14:02:09.533,0.901,0.90125,1.80,6.60
2009.06.02 14:02:11.412,0.90095,0.9012,1.80,1.00
2009.06.02 14:02:12.742,0.90095,0.9012,1.80,5.60
2009.06.02 14:02:13.092,0.90095,0.9012,1.80,6.60
2009.06.02 14:02:13.331,0.90085,0.90115,1.80,1.20
2009.06.02 14:02:13.801,0.90085,0.9011,1.80,1.00
2009.06.02 14:02:14.022,0.90085,0.90105,1.80,1.00
2009.06.02 14:02:14.371,0.90085,0.901,1.80,1.00
2009.06.02 14:02:14.711,0.90085,0.90105,1.80,2.80
2009.06.02 14:02:15.061,0.9008,0.90105,3.40,9.40
2009.06.02 14:02:15.401,0.9008,0.9011,1.60,7.00
2009.06.02 14:02:15.751,0.9008,0.90105,1.60,2.60
2009.06.02 14:02:16.091,0.9007,0.901,1.80,1.00
2009.06.02 14:02:16.321,0.9007,0.90105,1.80,5.40
2009.06.02 14:02:16.681,0.9007,0.901,1.80,6.60
2009.06.02 14:02:17.021,0.90085,0.901,1.80,3.40
2009.06.02 14:02:17.301,0.90085,0.9011,1.80,8.20
2009.06.02 14:02:17.761,0.9008,0.90105,1.80,6.60
2009.06.02 14:02:18.170,0.90085,0.90105,1.80,8.20
2009.06.02 14:02:18.630,0.90085,0.90105,1.80,6.60
2009.06.02 14:02:18.930,0.90085,0.90105,1.80,2.00
2009.06.02 14:02:19.500,0.90085,0.9011,1.80,5.80
2009.06.02 14:02:19.830,0.9008,0.9011,1.80,6.20
2009.06.02 14:02:20.170,0.90095,0.90105,1.80,5.80
2009.06.02 14:02:20.860,0.90085,0.90105,2.40,1.00
2009.06.02 14:02:21.271,0.9009,0.90115,1.80,2.80
2009.06.02 14:02:21.500,0.9009,0.9011,1.80,3.40
2009.06.02 14:02:21.800,0.9009,0.9011,1.80,8.20
2009.06.02 14:02:21.979,0.90085,0.9011,1.80,2.60
2009.06.02 14:02:22.480,0.90085,0.9011,1.80,1.80
2009.06.02 14:02:23.099,0.90085,0.90105,1.80,1.00
2009.06.02 14:02:23.679,0.90085,0.9011,1.80,3.40
2009.06.02 14:02:23.979,0.90085,0.9011,1.80,8.20
2009.06.02 14:02:25.779,0.90085,0.9011,1.80,8.20
2009.06.02 14:02:26.179,0.90085,0.90105,1.80,5.80
2009.06.02 14:02:26.808,0.90085,0.9011,1.80,9.00
2009.06.02 14:02:27.158,0.90085,0.90115,1.80,14.40
2009.06.02 14:02:27.498,0.90085,0.90115,1.80,12.80
2009.06.02 14:02:27.798,0.90085,0.90115,1.80,6.80
2009.06.02 14:02:28.038,0.90085,0.90115,1.80,12.80
2009.06.02 14:02:28.318,0.90085,0.9011,1.80,2.60
2009.06.02 14:02:29.578,0.90085,0.90105,1.80,5.80
2009.06.02 14:02:31.167,0.90085,0.9011,1.80,8.20
2009.06.02 14:02:33.716,0.90085,0.90105,1.80,1.00
2009.06.02 14:02:33.997,0.9008,0.90105,1.80,6.60
2009.06.02 14:02:34.576,0.9008,0.90105,1.80,2.60
2009.06.02 14:02:34.856,0.9008,0.901,1.80,5.80
2009.06.02 14:02:35.086,0.9008,0.90105,1.80,2.40
2009.06.02 14:02:35.976,0.9008,0.90105,1.80,1.60
2009.06.02 14:02:36.426,0.90085,0.90105,1.80,1.60
2009.06.02 14:02:36.766,0.90085,0.90105,1.80,2.40
2009.06.02 14:02:37.066,0.90085,0.90105,1.80,1.00
2009.06.02 14:02:37.646,0.9008,0.9011,1.80,2.00
2009.06.02 14:02:38.165,0.9008,0.90105,1.80,7.40
2009.06.02 14:02:39.195,0.90085,0.9011,1.80,2.60
2009.06.02 14:02:39.915,0.90085,0.90105,1.80,5.80
2009.06.02 14:02:40.325,0.9009,0.90105,2.40,5.80
2009.06.02 14:02:40.655,0.90095,0.90105,1.80,5.80
2009.06.02 14:02:41.115,0.90095,0.9012,1.80,4.60
2009.06.02 14:02:42.374,0.9009,0.90115,1.80,2.60
2009.06.02 14:02:42.885,0.9009,0.9012,1.80,4.60
2009.06.02 14:02:48.143,0.90095,0.9012,1.80,4.60
2009.06.02 14:02:48.583,0.90095,0.9012,1.80,2.00
2009.06.02 14:02:49.403,0.90095,0.9012,1.80,4.60
2009.06.02 14:02:50.033,0.90095,0.9012,1.80,2.00
2009.06.02 14:02:50.383,0.90105,0.90125,1.80,2.00
2009.06.02 14:02:51.122,0.901,0.90125,1.80,2.00
2009.06.02 14:02:51.873,0.901,0.90125,1.80,4.60
2009.06.02 14:02:52.802,0.901,0.9013,1.80,5.80
2009.06.02 14:02:53.272,0.9011,0.9013,1.80,4.60
2009.06.02 14:02:53.752,0.90105,0.90135,1.80,5.40
2009.06.02 14:02:54.212,0.90105,0.90135,1.80,4.60
2009.06.02 14:02:54.611,0.90105,0.9013,1.80,8.20
2009.06.02 14:02:54.901,0.90105,0.90125,1.80,2.60
2009.06.02 14:02:55.131,0.90095,0.9012,4.20,5.80
2009.06.02 14:02:55.572,0.90095,0.9012,4.80,5.80
2009.06.02 14:02:55.752,0.90095,0.90125,2.40,1.00
2009.06.02 14:02:56.371,0.90095,0.9012,1.80,1.00
2009.06.02 14:02:57.621,0.90095,0.9013,1.80,13.00
2009.06.02 14:02:57.891,0.90095,0.90125,1.80,2.60
2009.06.02 14:02:59.171,0.90095,0.9012,1.80,2.60
2009.06.02 14:03:00.760,0.9009,0.9012,4.20,2.60
2009.06.02 14:03:01.230,0.90085,0.90115,4.20,8.00
2009.06.02 14:03:01.520,0.90085,0.90115,4.20,10.60
2009.06.02 14:03:01.920,0.90085,0.9011,4.20,2.60
2009.06.02 14:03:02.210,0.90085,0.9011,4.20,6.60
2009.06.02 14:03:02.660,0.90085,0.90105,1.80,5.80
2009.06.02 14:03:02.940,0.9008,0.9011,1.80,2.00
2009.06.02 14:03:03.180,0.90085,0.901,1.80,1.00
2009.06.02 14:03:03.460,0.90085,0.901,1.80,5.80
2009.06.02 14:03:04.029,0.90085,0.9011,1.80,2.60
2009.06.02 14:03:04.369,0.9009,0.90105,1.80,5.80
2009.06.02 14:03:04.819,0.9009,0.90115,1.80,2.60
2009.06.02 14:03:05.689,0.9009,0.9011,1.80,4.80
2009.06.02 14:03:06.029,0.90095,0.9012,1.80,5.40
2009.06.02 14:03:06.249,0.90095,0.9012,1.80,4.60
2009.06.02 14:03:06.589,0.9009,0.90115,1.80,5.80
2009.06.02 14:03:06.979,0.90095,0.90115,1.80,2.60
2009.06.02 14:03:07.319,0.901,0.9011,2.40,4.80
2009.06.02 14:03:07.618,0.9011,0.90125,1.80,6.60
2009.06.02 14:03:07.908,0.90115,0.9013,1.80,7.10
2009.06.02 14:03:08.208,0.90115,0.9013,1.80,5.80
2009.06.02 14:03:08.598,0.9012,0.9013,2.40,5.80
2009.06.02 14:03:08.948,0.90115,0.90135,1.80,2.60
2009.06.02 14:03:09.408,0.9013,0.9014,1.80,2.60
2009.06.02 14:03:09.758,0.9013,0.9015,1.80,4.60
2009.06.02 14:03:10.168,0.90125,0.9015,1.80,2.00
2009.06.02 14:03:10.558,0.9012,0.9014,1.80,5.60
2009.06.02 14:03:10.898,0.90115,0.9014,1.80,2.00
2009.06.02 14:03:11.248,0.90115,0.9014,1.80,4.60
2009.06.02 14:03:11.697,0.9011,0.90135,1.80,2.00
2009.06.02 14:03:12.208,0.9011,0.90135,1.80,2.80
2009.06.02 14:03:12.537,0.9011,0.9013,1.80,1.80
2009.06.02 14:03:14.237,0.9012,0.9014,1.80,7.40
2009.06.02 14:03:14.627,0.9012,0.9014,1.80,4.60
2009.06.02 14:03:15.147,0.9012,0.9014,1.80,2.00
2009.06.02 14:03:15.497,0.90135,0.9014,1.80,2.00
2009.06.02 14:03:16.077,0.9013,0.9015,1.80,1.00
2009.06.02 14:03:17.186,0.9013,0.9015,1.80,5.60
2009.06.02 14:03:17.516,0.90125,0.9015,1.80,6.60
2009.06.02 14:03:17.796,0.90125,0.9015,1.80,2.80
2009.06.02 14:03:18.076,0.9012,0.9014,1.80,6.60
2009.06.02 14:03:18.706,0.90115,0.9014,1.80,2.60
2009.06.02 14:03:19.486,0.90125,0.9014,4.20,2.60
2009.06.02 14:03:19.845,0.90115,0.9014,4.20,2.60
2009.06.02 14:03:20.125,0.90115,0.90135,1.80,1.00
2009.06.02 14:03:20.405,0.9011,0.9013,1.80,1.80
2009.06.02 14:03:20.635,0.9011,0.9014,1.80,4.60
2009.06.02 14:03:21.035,0.90105,0.90135,2.40,3.40
2009.06.02 14:03:21.435,0.90095,0.9012,4.20,1.00
2009.06.02 14:03:21.905,0.9011,0.90125,1.80,2.60
2009.06.02 14:03:22.255,0.9011,0.9012,1.80,5.80
2009.06.02 14:03:22.555,0.90115,0.90125,1.80,5.80
2009.06.02 14:03:22.785,0.90115,0.90125,1.80,1.00
2009.06.02 14:03:23.025,0.90115,0.90145,1.80,11.40
2009.06.02 14:03:23.545,0.90125,0.90135,1.80,5.80
2009.06.02 14:03:24.505,0.90125,0.9014,1.80,5.80
2009.06.02 14:03:24.854,0.9012,0.90145,1.80,2.60
2009.06.02 14:03:25.194,0.9012,0.90145,1.80,7.40
2009.06.02 14:03:25.534,0.9012,0.90145,1.80,1.60
2009.06.02 14:03:25.824,0.90115,0.9014,1.80,4.80
2009.06.02 14:03:26.114,0.90125,0.90145,1.80,7.40
2009.06.02 14:03:26.394,0.90125,0.90145,1.80,2.60
2009.06.02 14:03:26.774,0.9012,0.9014,1.40,1.80
2009.06.02 14:03:27.174,0.90115,0.9014,1.80,6.80
2009.06.02 14:03:27.454,0.90115,0.9014,1.80,2.60
2009.06.02 14:03:29.263,0.90115,0.9014,4.20,2.60
2009.06.02 14:03:29.603,0.90115,0.9014,1.80,2.60
2009.06.02 14:03:30.003,0.90125,0.9014,1.80,2.60
2009.06.02 14:03:30.343,0.90125,0.90135,1.80,5.80
2009.06.02 14:03:31.263,0.9013,0.9015,1.80,2.60
2009.06.02 14:03:31.623,0.9013,0.90145,1.80,5.80
2009.06.02 14:03:31.793,0.90125,0.90145,1.80,5.80
2009.06.02 14:03:32.213,0.90125,0.90155,1.80,12.20
2009.06.02 14:03:32.513,0.90125,0.90155,1.80,4.40
2009.06.02 14:03:32.743,0.9013,0.9015,1.80,3.40
2009.06.02 14:03:33.023,0.9013,0.9015,1.80,6.60
2009.06.02 14:03:34.305,0.9013,0.9015,1.80,5.80
2009.06.02 14:03:34.662,0.90135,0.90155,1.80,7.40
2009.06.02 14:03:35.012,0.9014,0.90155,1.80,5.80
2009.06.02 14:03:35.372,0.90135,0.90155,1.80,5.80
2009.06.02 14:03:35.652,0.90135,0.90155,1.80,6.60
2009.06.02 14:03:36.392,0.9013,0.9015,1.80,1.00
2009.06.02 14:03:36.722,0.90125,0.9015,1.80,8.00
2009.06.02 14:03:37.011,0.90125,0.9015,1.80,4.80
2009.06.02 14:03:37.871,0.90125,0.9015,1.80,3.40
2009.06.02 14:03:38.341,0.90125,0.9015,4.20,3.40
2009.06.02 14:03:38.561,0.90135,0.90145,1.80,5.80
2009.06.02 14:03:39.241,0.90135,0.90145,1.80,4.80
2009.06.02 14:03:39.641,0.9014,0.9016,1.80,2.60
2009.06.02 14:03:40.001,0.9014,0.90155,1.80,5.80
2009.06.02 14:03:40.361,0.90145,0.90155,1.80,5.80
2009.06.02 14:03:41.800,0.90145,0.90165,1.80,2.60
2009.06.02 14:03:44.210,0.90145,0.9017,1.80,12.20
2009.06.02 14:03:44.850,0.9015,0.9017,1.80,8.20
2009.06.02 14:03:45.089,0.9015,0.9017,1.80,6.60
2009.06.02 14:03:45.370,0.90155,0.9017,1.80,5.80
2009.06.02 14:03:45.819,0.90165,0.9018,1.80,4.60
2009.06.02 14:03:46.169,0.90165,0.9018,1.80,2.60
2009.06.02 14:03:46.469,0.90165,0.90175,1.80,5.80
2009.06.02 14:03:47.129,0.90165,0.90175,1.80,4.80
2009.06.02 14:03:47.469,0.90165,0.9019,1.80,2.60
2009.06.02 14:03:48.039,0.90165,0.90185,1.80,5.80
2009.06.02 14:03:48.329,0.90175,0.90185,1.80,5.80
2009.06.02 14:03:48.659,0.90175,0.90185,1.80,1.00
2009.06.02 14:03:48.888,0.90185,0.90195,1.80,2.60
2009.06.02 14:03:49.978,0.90175,0.90205,1.80,2.60
2009.06.02 14:03:50.338,0.90175,0.9019,1.80,4.80
2009.06.02 14:03:50.678,0.90175,0.9019,1.80,6.60
2009.06.02 14:03:50.968,0.9016,0.9019,1.80,2.60
2009.06.02 14:03:52.228,0.9017,0.9019,1.80,2.60
2009.06.02 14:03:52.518,0.9016,0.90185,1.80,5.80
2009.06.02 14:03:53.088,0.9016,0.9018,1.80,1.00
2009.06.02 14:03:53.677,0.9016,0.9018,1.80,6.60
2009.06.02 14:03:54.867,0.9016,0.9018,3.40,5.80
2009.06.02 14:03:55.157,0.90165,0.90185,1.80,1.60
2009.06.02 14:03:55.437,0.90165,0.9019,1.80,11.60
2009.06.02 14:03:55.667,0.9016,0.90185,1.80,1.20
2009.06.02 14:03:55.987,0.9016,0.9018,1.80,1.00
2009.06.02 14:03:56.447,0.9016,0.9018,1.80,2.60
2009.06.02 14:03:56.917,0.9016,0.9018,1.80,6.60
2009.06.02 14:03:58.466,0.90175,0.9018,1.80,6.60
2009.06.02 14:03:58.796,0.90165,0.9018,1.80,5.80
2009.06.02 14:03:59.086,0.90165,0.9019,1.80,2.60
2009.06.02 14:04:00.096,0.90165,0.90185,1.80,5.80
2009.06.02 14:04:00.806,0.90165,0.90185,1.80,2.60
2009.06.02 14:04:01.146,0.90165,0.9018,1.80,6.60
2009.06.02 14:04:02.715,0.90175,0.90185,1.80,2.60
2009.06.02 14:04:03.065,0.90185,0.9019,1.80,6.60
2009.06.02 14:04:03.405,0.90185,0.90205,1.80,2.60
2009.06.02 14:04:03.755,0.90195,0.9021,1.80,2.60
2009.06.02 14:04:04.675,0.90195,0.90215,1.80,3.20
2009.06.02 14:04:05.005,0.902,0.9022,1.80,2.60
2009.06.02 14:04:05.365,0.90195,0.90215,1.80,1.00
2009.06.02 14:04:05.695,0.9019,0.90215,2.40,1.20
2009.06.02 14:04:05.985,0.9019,0.90215,4.20,4.20
2009.06.02 14:04:06.284,0.9019,0.90215,1.80,5.60
2009.06.02 14:04:06.555,0.9019,0.9021,1.80,2.60
2009.06.02 14:04:06.844,0.9019,0.90205,1.80,5.80
2009.06.02 14:04:07.184,0.9019,0.9021,1.80,6.60
2009.06.02 14:04:08.494,0.90195,0.90215,1.80,4.60
2009.06.02 14:04:08.904,0.9019,0.9021,3.40,8.00
2009.06.02 14:04:09.194,0.90185,0.9021,3.40,1.00
2009.06.02 14:04:09.464,0.90185,0.9021,1.80,1.00
2009.06.02 14:04:09.763,0.90185,0.9021,1.80,6.60
2009.06.02 14:04:10.064,0.9018,0.902,1.80,1.00
2009.06.02 14:04:10.413,0.90175,0.902,1.80,1.40
2009.06.02 14:04:10.873,0.90165,0.90185,1.80,1.20
2009.06.02 14:04:11.283,0.90165,0.9019,1.80,1.80
2009.06.02 14:04:11.523,0.90165,0.9019,1.80,8.20
2009.06.02 14:04:11.743,0.9016,0.9019,1.80,8.00
2009.06.02 14:04:12.033,0.9016,0.9019,1.80,9.60
2009.06.02 14:04:12.573,0.9016,0.90185,1.80,5.80
2009.06.02 14:04:13.203,0.90165,0.90185,2.40,5.80
2009.06.02 14:04:13.543,0.9017,0.90185,1.80,5.80
2009.06.02 14:04:14.022,0.9017,0.90195,1.80,5.80
2009.06.02 14:04:14.542,0.90185,0.902,1.80,2.60
2009.06.02 14:04:14.922,0.90175,0.90195,1.80,1.00
2009.06.02 14:04:15.262,0.90175,0.902,1.80,6.60
2009.06.02 14:04:15.762,0.90175,0.902,1.80,7.40
2009.06.02 14:04:15.882,0.90175,0.902,1.80,9.00
2009.06.02 14:04:16.062,0.90175,0.902,1.80,11.60
2009.06.02 14:04:16.642,0.90175,0.9019,1.80,1.00
2009.06.02 14:04:16.982,0.9017,0.90195,1.80,5.80
2009.06.02 14:04:17.452,0.9018,0.902,1.80,2.60
2009.06.02 14:04:17.622,0.9018,0.90195,1.80,5.80
2009.06.02 14:04:18.082,0.9018,0.90195,1.80,4.80
2009.06.02 14:04:18.371,0.9018,0.90195,1.80,5.80
2009.06.02 14:04:18.821,0.9018,0.902,1.80,2.60
2009.06.02 14:04:19.221,0.90185,0.902,1.80,2.60
2009.06.02 14:04:19.571,0.9019,0.902,1.80,5.80
2009.06.02 14:04:19.921,0.9019,0.9021,1.80,6.60
2009.06.02 14:04:20.281,0.90185,0.902,1.80,1.00
2009.06.02 14:04:20.631,0.90185,0.90205,1.80,2.60
2009.06.02 14:04:21.051,0.9018,0.902,1.80,1.00
2009.06.02 14:04:21.401,0.9018,0.902,1.80,1.80
2009.06.02 14:04:21.701,0.9018,0.902,1.80,5.80
2009.06.02 14:04:21.931,0.9019,0.902,1.80,5.80
2009.06.02 14:04:22.620,0.90185,0.902,1.80,5.80
2009.06.02 14:04:23.180,0.9018,0.902,1.80,5.80
2009.06.02 14:04:23.540,0.9018,0.902,1.80,4.80
2009.06.02 14:04:23.720,0.9018,0.90205,1.80,6.60
2009.06.02 14:04:24.060,0.9018,0.90205,1.80,1.00
2009.06.02 14:04:24.460,0.90175,0.902,1.80,1.00
2009.06.02 14:04:24.810,0.90175,0.902,1.80,1.80
2009.06.02 14:04:25.220,0.90175,0.902,1.80,2.60
2009.06.02 14:04:25.990,0.90185,0.902,1.80,2.60
2009.06.02 14:04:26.440,0.9019,0.902,1.80,2.60
2009.06.02 14:04:26.679,0.9019,0.90195,1.80,5.80
2009.06.02 14:04:27.039,0.9019,0.9021,1.80,2.60
2009.06.02 14:04:27.259,0.9019,0.90205,1.80,5.80
2009.06.02 14:04:27.849,0.90185,0.90205,1.80,1.00
2009.06.02 14:04:28.129,0.90185,0.9021,1.80,8.20
2009.06.02 14:04:28.429,0.90185,0.90205,1.80,5.80
2009.06.02 14:04:28.709,0.90185,0.9021,1.80,2.60
2009.06.02 14:04:29.789,0.90185,0.90215,1.80,7.80
2009.06.02 14:04:30.119,0.90185,0.9021,1.80,2.60
2009.06.02 14:04:30.419,0.90185,0.902,1.80,1.00
2009.06.02 14:04:30.869,0.90185,0.9021,1.80,5.40
2009.06.02 14:04:31.328,0.90185,0.9021,1.80,4.60
2009.06.02 14:04:31.688,0.9018,0.90205,1.80,5.80
2009.06.02 14:04:31.988,0.9019,0.9021,1.80,2.60
2009.06.02 14:04:32.108,0.90185,0.90205,1.80,7.40
2009.06.02 14:04:32.278,0.9018,0.902,1.80,1.00
2009.06.02 14:04:32.618,0.9018,0.902,1.80,6.60
2009.06.02 14:04:33.358,0.9018,0.902,1.80,1.00
2009.06.02 14:04:33.898,0.9018,0.90205,1.80,2.60
2009.06.02 14:04:34.238,0.90165,0.9019,7.60,1.00
2009.06.02 14:04:34.508,0.90165,0.9019,1.80,1.40
2009.06.02 14:04:35.207,0.90165,0.9019,1.80,5.80
2009.06.02 14:04:35.568,0.90165,0.90185,1.80,5.80
2009.06.02 14:04:35.917,0.90165,0.90185,1.80,2.60
2009.06.02 14:04:37.527,0.90175,0.9018,1.80,5.80
2009.06.02 14:04:37.737,0.90175,0.9019,1.80,2.60
2009.06.02 14:04:38.257,0.90185,0.90195,1.80,7.10
2009.06.02 14:04:38.607,0.90185,0.9019,1.80,5.80
2009.06.02 14:04:39.077,0.90195,0.902,1.80,8.20
2009.06.02 14:04:39.416,0.90195,0.9021,1.80,2.60
2009.06.02 14:04:39.766,0.90195,0.90205,1.80,5.80
2009.06.02 14:04:40.496,0.90185,0.9021,1.80,6.60
2009.06.02 14:04:40.796,0.90185,0.90215,1.80,2.60
2009.06.02 14:04:41.156,0.90195,0.90215,1.80,2.60
2009.06.02 14:04:41.636,0.902,0.90215,1.80,2.60
2009.06.02 14:04:42.286,0.90195,0.9022,1.80,2.60
2009.06.02 14:04:42.695,0.902,0.9022,1.80,2.60
2009.06.02 14:04:43.256,0.90195,0.9022,1.80,2.60
2009.06.02 14:04:43.666,0.90195,0.90215,1.80,5.80
2009.06.02 14:04:44.135,0.9021,0.9023,1.80,2.60
2009.06.02 14:04:44.605,0.9021,0.90225,1.80,5.80
2009.06.02 14:04:45.065,0.90215,0.90225,1.80,5.80
2009.06.02 14:04:45.465,0.90215,0.9024,1.80,8.20
2009.06.02 14:04:45.815,0.90215,0.9024,1.80,6.60
2009.06.02 14:04:46.225,0.9021,0.9023,1.80,2.60
2009.06.02 14:04:47.024,0.9021,0.90235,1.80,7.40
2009.06.02 14:04:47.255,0.9021,0.90235,1.80,6.20
2009.06.02 14:04:47.544,0.9021,0.9023,1.80,2.60
2009.06.02 14:04:48.634,0.9021,0.90235,1.80,12.20
2009.06.02 14:04:48.934,0.9021,0.90235,1.80,11.00
2009.06.02 14:04:49.274,0.9021,0.9023,1.80,6.60
2009.06.02 14:04:51.754,0.90225,0.9023,1.80,5.80
2009.06.02 14:04:51.873,0.90225,0.9023,4.20,5.80
2009.06.02 14:04:52.153,0.90235,0.9025,1.80,4.20
2009.06.02 14:04:52.433,0.90235,0.9025,1.80,7.40
2009.06.02 14:04:52.673,0.90235,0.9025,1.80,5.80
2009.06.02 14:04:52.914,0.90235,0.90265,1.80,13.80
2009.06.02 14:04:53.493,0.9024,0.9026,1.80,2.60
2009.06.02 14:04:53.833,0.9024,0.90255,1.80,5.80
2009.06.02 14:04:54.183,0.90245,0.90255,2.40,5.80
2009.06.02 14:04:54.532,0.9025,0.90265,4.20,5.80
2009.06.02 14:04:54.863,0.9026,0.90265,1.80,5.80
2009.06.02 14:04:55.203,0.90255,0.90265,3.00,5.80
2009.06.02 14:04:55.682,0.90275,0.90285,1.80,5.50
2009.06.02 14:04:56.023,0.90265,0.90275,1.80,1.00
2009.06.02 14:04:56.412,0.9027,0.90285,1.80,2.60
2009.06.02 14:04:56.772,0.90275,0.90295,1.80,7.40
2009.06.02 14:04:57.192,0.9028,0.90295,1.80,7.40
2009.06.02 14:04:57.412,0.9028,0.90295,1.80,2.60
2009.06.02 14:04:57.932,0.90275,0.903,1.80,2.60
2009.06.02 14:04:58.152,0.90275,0.903,1.80,1.00
2009.06.02 14:04:58.452,0.90275,0.903,1.80,12.00
2009.06.02 14:04:58.692,0.9028,0.903,1.80,11.20
2009.06.02 14:04:59.032,0.90285,0.903,1.80,2.60
2009.06.02 14:04:59.382,0.9028,0.903,4.20,2.60
2009.06.02 14:04:59.772,0.9029,0.90305,1.80,7.00
2009.06.02 14:05:00.232,0.9029,0.903,1.80,5.80
2009.06.02 14:05:00.581,0.9029,0.90295,1.80,2.60
2009.06.02 14:05:00.981,0.9028,0.90295,1.80,1.00
2009.06.02 14:05:01.371,0.90295,0.903,1.80,5.70
2009.06.02 14:05:01.731,0.90295,0.903,1.80,5.80
2009.06.02 14:05:02.071,0.9029,0.903,1.80,5.80
2009.06.02 14:05:02.181,0.9029,0.90305,1.80,2.60
2009.06.02 14:05:02.401,0.90285,0.903,1.80,5.80
2009.06.02 14:05:02.701,0.90285,0.903,1.80,4.80
2009.06.02 14:05:03.111,0.90285,0.90305,1.80,1.60
2009.06.02 14:05:03.521,0.90285,0.9031,1.80,4.40
2009.06.02 14:05:03.810,0.90295,0.90305,1.80,1.60
2009.06.02 14:05:04.211,0.9029,0.90305,1.80,2.60
2009.06.02 14:05:04.570,0.90285,0.9031,1.80,2.00
2009.06.02 14:05:04.920,0.90285,0.9031,1.80,4.60
2009.06.02 14:05:05.690,0.90285,0.9031,1.80,2.60
2009.06.02 14:05:06.140,0.90275,0.90305,5.00,1.20
2009.06.02 14:05:06.380,0.90275,0.903,1.80,1.00
2009.06.02 14:05:06.840,0.90275,0.90295,1.80,1.00
2009.06.02 14:05:07.180,0.9027,0.9029,1.80,1.00
2009.06.02 14:05:07.640,0.9027,0.9029,1.80,6.60
2009.06.02 14:05:08.060,0.9027,0.9029,1.80,1.40
2009.06.02 14:05:08.530,0.9026,0.90275,6.80,1.00
2009.06.02 14:05:08.929,0.90255,0.90265,1.80,1.00
2009.06.02 14:05:09.260,0.9025,0.90265,8.60,1.00
2009.06.02 14:05:09.709,0.9025,0.90265,1.80,1.00
2009.06.02 14:05:10.169,0.90245,0.9026,1.80,1.00
2009.06.02 14:05:10.629,0.90235,0.90255,1.80,1.00
2009.06.02 14:05:10.989,0.90235,0.9026,1.80,2.60
2009.06.02 14:05:11.329,0.9023,0.90255,1.80,6.60
2009.06.02 14:05:11.669,0.9023,0.9025,1.80,6.60
2009.06.02 14:05:12.888,0.90235,0.90255,1.80,2.60
2009.06.02 14:05:13.058,0.9024,0.90255,1.80,2.60
2009.06.02 14:05:13.758,0.9024,0.90255,1.80,5.80
2009.06.02 14:05:14.148,0.9025,0.90265,1.80,2.60
2009.06.02 14:05:14.488,0.90245,0.9026,1.80,5.80
2009.06.02 14:05:14.788,0.90255,0.9027,1.80,5.80
2009.06.02 14:05:15.588,0.90255,0.9028,1.80,1.00
2009.06.02 14:05:15.938,0.90255,0.90285,1.80,7.80
2009.06.02 14:05:16.227,0.90255,0.90275,4.20,5.80
2009.06.02 14:05:16.527,0.90265,0.90275,1.80,5.80
2009.06.02 14:05:16.748,0.90255,0.90275,1.80,4.80
2009.06.02 14:05:16.977,0.9025,0.90275,1.80,1.00
2009.06.02 14:05:17.209,0.9025,0.9027,1.80,1.00
2009.06.02 14:05:18.837,0.90245,0.90265,2.40,1.00
2009.06.02 14:05:19.177,0.90245,0.90265,1.80,1.00
2009.06.02 14:05:19.517,0.9025,0.9027,1.80,1.00
2009.06.02 14:05:20.037,0.9025,0.9027,1.80,3.00
2009.06.02 14:05:20.397,0.90245,0.9027,2.40,1.40
2009.06.02 14:05:20.746,0.90245,0.9026,7.20,5.60
2009.06.02 14:05:21.166,0.9024,0.9026,1.80,5.60
2009.06.02 14:05:21.566,0.90235,0.9026,2.40,5.60
2009.06.02 14:05:21.866,0.90235,0.9026,1.80,5.60
2009.06.02 14:05:22.696,0.90235,0.90255,1.80,1.00
2009.06.02 14:05:23.736,0.90235,0.9025,1.80,1.00
2009.06.02 14:05:24.516,0.90235,0.90255,1.80,1.00
2009.06.02 14:05:25.365,0.90235,0.90255,2.40,1.00
2009.06.02 14:05:25.656,0.90235,0.9026,2.40,2.40
2009.06.02 14:05:25.995,0.90235,0.90255,1.80,1.00
2009.06.02 14:05:26.395,0.90235,0.9026,1.80,5.60
2009.06.02 14:05:27.265,0.90235,0.9026,1.80,2.60
2009.06.02 14:05:27.655,0.90235,0.90255,1.80,6.60
2009.06.02 14:05:28.105,0.90235,0.90255,1.80,1.80
2009.06.02 14:05:28.564,0.9024,0.9026,1.80,6.60
2009.06.02 14:05:28.914,0.90245,0.90265,1.80,6.60
2009.06.02 14:05:29.264,0.9025,0.9027,1.80,2.60
2009.06.02 14:05:29.714,0.90245,0.9026,1.80,1.00
2009.06.02 14:05:30.054,0.90245,0.9027,1.80,2.60
2009.06.02 14:05:30.354,0.90245,0.9026,1.80,5.80
2009.06.02 14:05:30.694,0.90245,0.90275,1.80,6.20
2009.06.02 14:05:31.044,0.9024,0.9027,1.80,8.60
2009.06.02 14:05:31.984,0.9024,0.90265,1.80,1.00
2009.06.02 14:05:32.693,0.9024,0.90265,1.80,5.80
2009.06.02 14:05:32.993,0.9024,0.90265,1.80,6.60
2009.06.02 14:05:33.153,0.90235,0.9026,1.80,1.20
2009.06.02 14:05:33.484,0.9024,0.9026,1.80,4.80
2009.06.02 14:05:33.603,0.9024,0.90265,1.80,10.60
2009.06.02 14:05:33.963,0.9024,0.9026,1.80,1.40
2009.06.02 14:05:34.313,0.90235,0.90255,1.80,2.60
2009.06.02 14:05:35.223,0.9024,0.9025,1.80,5.80
2009.06.02 14:05:35.723,0.90255,0.9026,1.80,3.40
2009.06.02 14:05:35.953,0.9026,0.90265,1.80,5.80
2009.06.02 14:05:36.252,0.90255,0.90265,1.80,5.80
2009.06.02 14:05:37.222,0.9025,0.90275,1.80,1.00
2009.06.02 14:05:37.782,0.90255,0.9028,1.80,8.20
2009.06.02 14:05:38.183,0.90255,0.90285,1.80,6.20
2009.06.02 14:05:38.583,0.9027,0.90285,1.80,2.60
2009.06.02 14:05:38.752,0.90265,0.90285,1.80,2.60
2009.06.02 14:05:39.572,0.90265,0.9028,1.80,5.80
2009.06.02 14:05:39.812,0.90265,0.90295,1.80,11.00
2009.06.02 14:05:40.162,0.9026,0.9029,1.80,2.80
2009.06.02 14:05:40.462,0.9026,0.9029,1.80,2.00
2009.06.02 14:05:40.872,0.9026,0.9029,1.80,2.80
2009.06.02 14:05:41.271,0.90255,0.90285,1.80,2.80
2009.06.02 14:05:41.382,0.90255,0.90285,1.80,3.60
2009.06.02 14:05:41.562,0.9025,0.9028,1.80,2.00
2009.06.02 14:05:41.921,0.90245,0.9027,9.20,1.00
2009.06.02 14:05:42.151,0.9025,0.9027,1.80,1.00
2009.06.02 14:05:42.392,0.90255,0.9027,1.80,1.00
2009.06.02 14:05:42.671,0.90255,0.9028,1.80,8.40
2009.06.02 14:05:42.961,0.9026,0.90275,1.80,7.40
2009.06.02 14:05:43.201,0.90265,0.90285,1.80,2.00
2009.06.02 14:05:43.531,0.90265,0.9029,1.80,4.60
2009.06.02 14:05:43.861,0.90255,0.90275,1.80,1.00
2009.06.02 14:05:44.391,0.90255,0.9028,1.80,2.80
2009.06.02 14:05:44.851,0.9026,0.90275,1.80,1.00
2009.06.02 14:05:45.141,0.9026,0.90285,1.80,2.80
2009.06.02 14:05:45.481,0.9025,0.9028,1.80,2.80
2009.06.02 14:05:45.761,0.9025,0.9027,1.80,2.00
2009.06.02 14:05:46.110,0.9026,0.90285,1.80,6.20
2009.06.02 14:05:46.410,0.90265,0.9028,1.80,7.40
2009.06.02 14:05:46.710,0.90265,0.9028,1.80,5.80
2009.06.02 14:05:47.060,0.90265,0.9029,1.80,2.00
2009.06.02 14:05:47.470,0.9027,0.9029,1.80,2.00
2009.06.02 14:05:48.790,0.9027,0.90295,1.80,8.20
2009.06.02 14:05:49.209,0.90275,0.903,1.80,7.00
2009.06.02 14:05:49.670,0.90275,0.903,1.80,2.80
2009.06.02 14:05:50.020,0.90275,0.90295,1.80,6.60
2009.06.02 14:05:50.369,0.90275,0.90295,1.80,1.00
2009.06.02 14:05:50.819,0.9028,0.903,1.80,6.60
2009.06.02 14:05:51.509,0.90285,0.903,1.80,6.60
2009.06.02 14:05:51.809,0.90285,0.903,1.80,5.80
2009.06.02 14:05:52.169,0.90295,0.90305,1.80,7.40
2009.06.02 14:05:52.469,0.90305,0.9031,1.80,5.80
2009.06.02 14:05:52.689,0.90305,0.9032,1.80,7.40
2009.06.02 14:05:52.969,0.90305,0.9032,1.80,5.80
2009.06.02 14:05:53.309,0.90305,0.90325,1.80,6.60
2009.06.02 14:05:53.998,0.90305,0.9032,1.80,1.00
2009.06.02 14:05:54.448,0.90305,0.9032,1.80,1.00
2009.06.02 14:05:55.938,0.90305,0.9032,1.80,5.80
2009.06.02 14:05:56.318,0.90305,0.9032,1.80,1.80
2009.06.02 14:05:56.538,0.90305,0.9032,1.80,4.80
2009.06.02 14:05:56.778,0.90305,0.90325,1.80,2.60
2009.06.02 14:05:57.258,0.90305,0.90315,1.80,5.80
2009.06.02 14:05:58.967,0.90305,0.90325,1.80,1.00
2009.06.02 14:05:59.247,0.90305,0.9033,1.80,8.20
2009.06.02 14:05:59.597,0.90305,0.90325,4.20,1.00
2009.06.02 14:05:59.937,0.9031,0.90335,1.80,3.60
2009.06.02 14:06:00.397,0.90305,0.90325,1.80,1.00
2009.06.02 14:06:00.687,0.9031,0.9033,1.80,4.80
2009.06.02 14:06:00.927,0.9031,0.90335,1.80,8.20
2009.06.02 14:06:01.277,0.9031,0.90335,1.80,6.60
2009.06.02 14:06:01.516,0.90315,0.90335,1.80,6.60
2009.06.02 14:06:01.816,0.90315,0.90335,1.80,5.60
2009.06.02 14:06:02.156,0.90315,0.90335,1.80,1.00
2009.06.02 14:06:02.776,0.90315,0.9034,1.80,2.00
2009.06.02 14:06:02.986,0.9032,0.9034,1.80,2.00
2009.06.02 14:06:03.456,0.9032,0.90345,1.80,2.00
2009.06.02 14:06:03.806,0.9032,0.90345,1.80,2.80
2009.06.02 14:06:04.156,0.90315,0.90335,1.80,1.00
2009.06.02 14:06:04.496,0.90315,0.9034,1.80,1.00
2009.06.02 14:06:04.826,0.90315,0.9034,1.80,6.60
2009.06.02 14:06:05.166,0.90315,0.9034,1.80,8.20
2009.06.02 14:06:05.636,0.90315,0.90335,1.80,5.80
2009.06.02 14:06:05.815,0.9031,0.90335,1.80,5.60
2009.06.02 14:06:05.996,0.9031,0.90335,1.80,1.00
2009.06.02 14:06:06.286,0.9031,0.90335,1.80,1.80
2009.06.02 14:06:06.515,0.9031,0.90335,1.80,8.20
2009.06.02 14:06:06.925,0.9031,0.9033,1.80,1.00
2009.06.02 14:06:07.265,0.90305,0.9033,1.80,2.00
2009.06.02 14:06:07.615,0.9031,0.9033,1.80,1.00
2009.06.02 14:06:07.915,0.90305,0.9033,1.80,5.80
2009.06.02 14:06:08.265,0.90305,0.9033,1.80,6.60
2009.06.02 14:06:09.005,0.90305,0.9033,1.80,8.20
2009.06.02 14:06:09.345,0.90305,0.90325,1.80,1.00
2009.06.02 14:06:10.574,0.90295,0.9032,4.20,1.20
2009.06.02 14:06:10.804,0.90295,0.90315,1.80,1.00
2009.06.02 14:06:11.154,0.90305,0.9033,1.80,5.40
2009.06.02 14:06:11.384,0.90305,0.9032,1.80,1.00
2009.06.02 14:06:11.624,0.90295,0.9032,1.80,2.80
2009.06.02 14:06:11.854,0.903,0.90315,1.80,1.00
2009.06.02 14:06:12.206,0.903,0.9032,1.80,9.60
2009.06.02 14:06:12.554,0.903,0.9032,1.80,3.60
2009.06.02 14:06:12.956,0.9031,0.90325,1.80,2.60
2009.06.02 14:06:13.364,0.9031,0.9032,1.80,5.80
2009.06.02 14:06:13.874,0.90315,0.9033,1.80,1.00
2009.06.02 14:06:14.214,0.9031,0.9033,1.80,1.00
2009.06.02 14:06:14.623,0.90305,0.9033,1.80,2.80
2009.06.02 14:06:14.903,0.90295,0.9032,8.60,2.00
2009.06.02 14:06:15.143,0.90295,0.90315,1.80,1.00
2009.06.02 14:06:15.893,0.90295,0.9031,1.80,1.00
2009.06.02 14:06:16.183,0.90285,0.9031,1.80,2.00
2009.06.02 14:06:16.523,0.90285,0.90305,1.80,1.00
2009.06.02 14:06:16.703,0.90285,0.903,1.80,1.00
2009.06.02 14:06:17.483,0.9028,0.903,1.80,1.00
2009.06.02 14:06:17.782,0.9028,0.90305,1.80,6.20
2009.06.02 14:06:18.392,0.9026,0.9029,1.80,1.00
2009.06.02 14:06:18.803,0.9026,0.90305,1.80,11.00
2009.06.02 14:06:19.093,0.9026,0.903,1.80,6.60
2009.06.02 14:06:19.382,0.9026,0.903,1.80,1.80
2009.06.02 14:06:19.673,0.9026,0.9029,1.80,1.00
2009.06.02 14:06:20.072,0.9026,0.9029,1.80,4.20
2009.06.02 14:06:20.422,0.9026,0.9028,1.80,1.00
2009.06.02 14:06:20.802,0.9025,0.9028,1.80,1.00
2009.06.02 14:06:21.152,0.9025,0.9027,1.80,1.00
2009.06.02 14:06:21.502,0.9025,0.9028,1.80,11.60
2009.06.02 14:06:21.842,0.9025,0.9028,1.80,8.20
2009.06.02 14:06:22.302,0.9025,0.9027,1.80,1.00
2009.06.02 14:06:22.532,0.90255,0.90275,1.80,5.80
2009.06.02 14:06:23.471,0.90255,0.90285,1.80,2.80
2009.06.02 14:06:23.871,0.90255,0.9028,5.80,2.60
2009.06.02 14:06:24.221,0.9027,0.9029,2.40,1.60
2009.06.02 14:06:24.601,0.9028,0.903,1.80,2.60
2009.06.02 14:06:24.951,0.90285,0.903,1.80,7.40
2009.06.02 14:06:25.301,0.90285,0.9031,1.80,11.00
2009.06.02 14:06:25.651,0.90285,0.9031,1.80,9.00
2009.06.02 14:06:26.241,0.9029,0.90315,1.80,7.20
2009.06.02 14:06:26.531,0.9029,0.90315,1.80,3.60
2009.06.02 14:06:26.810,0.90295,0.9031,1.80,7.40
2009.06.02 14:06:27.270,0.90295,0.9031,1.80,5.80
2009.06.02 14:06:27.610,0.90295,0.9032,1.80,9.60
2009.06.02 14:06:27.970,0.90295,0.90315,1.80,1.00
2009.06.02 14:06:30.030,0.90315,0.9033,1.80,1.00
2009.06.02 14:06:30.360,0.9031,0.9033,1.80,1.00
2009.06.02 14:06:30.710,0.90315,0.90335,1.80,6.60
2009.06.02 14:06:31.109,0.90315,0.90335,1.80,1.80
2009.06.02 14:06:31.399,0.90315,0.9033,1.80,1.00
2009.06.02 14:06:31.670,0.90305,0.9033,1.80,1.00
2009.06.02 14:06:31.959,0.90305,0.90325,1.80,1.00
2009.06.02 14:06:32.249,0.9031,0.9032,1.80,1.00
2009.06.02 14:06:32.649,0.90315,0.9033,1.80,1.00
2009.06.02 14:06:32.929,0.90305,0.90325,1.80,5.80
2009.06.02 14:06:33.219,0.90305,0.90325,1.80,1.00
2009.06.02 14:06:34.629,0.90305,0.9033,4.20,13.00
2009.06.02 14:06:35.088,0.9031,0.9032,1.80,4.80
2009.06.02 14:06:35.438,0.90305,0.9033,1.80,8.20
2009.06.02 14:06:35.778,0.90305,0.9033,1.80,8.20
2009.06.02 14:06:36.548,0.90305,0.9033,1.80,9.00
2009.06.02 14:06:36.948,0.903,0.9032,1.80,1.20
2009.06.02 14:06:37.168,0.903,0.9032,4.20,2.00
2009.06.02 14:06:37.398,0.9031,0.90325,1.80,2.60
2009.06.02 14:06:38.078,0.9031,0.9033,1.80,8.00
2009.06.02 14:06:38.479,0.90305,0.90325,1.80,2.60
2009.06.02 14:06:38.898,0.90305,0.9033,1.80,2.60
2009.06.02 14:06:39.238,0.90315,0.90335,1.80,8.40
2009.06.02 14:06:39.527,0.90315,0.9033,1.80,7.40
2009.06.02 14:06:39.867,0.90315,0.9034,1.80,2.60
2009.06.02 14:06:40.367,0.9032,0.90345,1.80,7.20
2009.06.02 14:06:40.717,0.90315,0.90335,1.80,1.00
2009.06.02 14:06:41.007,0.90325,0.9034,1.80,5.80
2009.06.02 14:06:41.127,0.9032,0.9034,1.80,1.80
2009.06.02 14:06:41.297,0.9032,0.9034,1.80,1.00
2009.06.02 14:06:42.027,0.9032,0.9034,1.80,6.60
2009.06.02 14:06:42.307,0.90325,0.9034,1.80,6.60
2009.06.02 14:06:42.527,0.9032,0.9034,1.80,8.00
2009.06.02 14:06:43.217,0.9032,0.90335,1.80,1.00
2009.06.02 14:06:43.566,0.90315,0.90345,1.80,6.80
2009.06.02 14:06:43.966,0.90315,0.90345,1.80,7.60
2009.06.02 14:06:44.426,0.90315,0.9034,1.80,6.60
2009.06.02 14:06:44.886,0.90315,0.90345,1.80,9.20
2009.06.02 14:06:45.236,0.90325,0.90345,1.80,7.60
2009.06.02 14:06:45.586,0.90325,0.9035,1.80,12.20
2009.06.02 14:06:45.966,0.90325,0.9035,1.80,10.60
2009.06.02 14:06:46.326,0.90325,0.9035,1.80,4.60
2009.06.02 14:06:46.616,0.90325,0.9035,1.80,2.60
2009.06.02 14:06:46.916,0.90325,0.9034,1.80,5.80
2009.06.02 14:06:47.535,0.90325,0.9034,1.80,1.00
2009.06.02 14:06:47.775,0.90325,0.9035,1.80,2.60
2009.06.02 14:06:48.246,0.9032,0.9035,1.80,2.60
2009.06.02 14:06:48.755,0.9032,0.9035,1.80,4.60
2009.06.02 14:06:49.095,0.9033,0.9035,1.80,4.60
2009.06.02 14:06:49.395,0.9033,0.9035,1.80,2.60
2009.06.02 14:06:49.865,0.90325,0.90355,1.80,2.00
2009.06.02 14:06:50.205,0.90325,0.9035,1.80,2.00
2009.06.02 14:06:50.555,0.90335,0.9036,1.80,13.00
2009.06.02 14:06:50.785,0.90335,0.9036,1.80,5.60
2009.06.02 14:06:51.064,0.90335,0.9036,1.80,2.80
2009.06.02 14:06:51.345,0.90335,0.90355,1.80,2.00
2009.06.02 14:06:51.935,0.9033,0.90355,1.80,2.00
2009.06.02 14:06:52.224,0.9033,0.90345,1.80,1.00
2009.06.02 14:06:52.564,0.9032,0.90345,1.80,2.00
2009.06.02 14:06:53.415,0.90325,0.90345,1.80,2.00
2009.06.02 14:06:54.124,0.90325,0.90345,1.80,4.60
2009.06.02 14:06:54.584,0.9032,0.9034,1.80,6.60
2009.06.02 14:06:54.994,0.90315,0.9034,1.80,8.20
2009.06.02 14:06:55.343,0.90315,0.90335,1.80,5.80
2009.06.02 14:06:57.033,0.90315,0.90345,4.20,12.80
2009.06.02 14:06:57.203,0.9032,0.90345,1.80,11.40
2009.06.02 14:06:57.423,0.90315,0.90345,4.20,2.80
2009.06.02 14:06:57.593,0.90315,0.90345,1.80,3.60
2009.06.02 14:06:57.883,0.90315,0.90345,1.80,6.20
2009.06.02 14:06:58.113,0.90315,0.90345,1.80,7.80
2009.06.02 14:06:58.533,0.90315,0.90335,1.80,1.00
2009.06.02 14:06:58.813,0.9032,0.9034,1.80,2.60
2009.06.02 14:06:59.052,0.90315,0.9034,1.80,2.60
2009.06.02 14:06:59.403,0.90315,0.90335,1.80,5.80
2009.06.02 14:06:59.733,0.90315,0.9033,1.80,1.00
2009.06.02 14:07:01.123,0.90315,0.9033,1.80,1.00
2009.06.02 14:07:01.482,0.9031,0.90325,1.80,1.00
2009.06.02 14:07:01.662,0.90315,0.90325,1.80,1.00
2009.06.02 14:07:01.952,0.90325,0.9033,1.80,5.80
2009.06.02 14:07:02.512,0.90325,0.9034,1.80,1.00
2009.06.02 14:07:02.692,0.90325,0.90345,1.80,6.60
2009.06.02 14:07:03.142,0.9032,0.90335,1.80,1.00
2009.06.02 14:07:03.372,0.90325,0.9034,1.80,1.00
2009.06.02 14:07:03.722,0.9033,0.90345,1.80,8.20
2009.06.02 14:07:04.232,0.9033,0.90345,1.80,1.00
2009.06.02 14:07:05.591,0.90325,0.90345,1.80,2.00
2009.06.02 14:07:05.911,0.9032,0.9034,1.80,2.80
2009.06.02 14:07:06.261,0.90315,0.9033,1.80,1.00
2009.06.02 14:07:06.741,0.90315,0.9034,1.80,2.00
2009.06.02 14:07:07.031,0.90315,0.90335,1.80,1.00
2009.06.02 14:07:07.501,0.90335,0.9034,1.80,6.60
2009.06.02 14:07:08.071,0.9033,0.90345,1.80,1.00
2009.06.02 14:07:08.810,0.9033,0.9035,1.80,2.60
2009.06.02 14:07:09.270,0.9034,0.9035,1.80,2.60
2009.06.02 14:07:09.560,0.90345,0.9035,1.80,2.60
2009.06.02 14:07:09.890,0.90355,0.90365,1.80,3.40
2009.06.02 14:07:10.250,0.90345,0.90365,1.80,7.40
2009.06.02 14:07:10.610,0.9035,0.90365,1.80,6.60
2009.06.02 14:07:10.960,0.90345,0.90365,1.80,2.00
2009.06.02 14:07:11.310,0.90345,0.90365,1.80,2.60
2009.06.02 14:07:11.650,0.90345,0.90365,1.80,5.40
2009.06.02 14:07:12.000,0.90335,0.9035,1.80,1.00
2009.06.02 14:07:12.629,0.90345,0.90355,1.80,2.60
2009.06.02 14:07:12.740,0.90345,0.9036,1.80,2.60
2009.06.02 14:07:13.460,0.9035,0.9036,1.80,2.60
2009.06.02 14:07:14.449,0.90345,0.9036,1.80,2.60
2009.06.02 14:07:14.799,0.9035,0.90365,1.80,2.60
2009.06.02 14:07:15.429,0.9035,0.90365,1.80,1.00
2009.06.02 14:07:15.779,0.9035,0.9037,1.80,2.60
2009.06.02 14:07:16.128,0.90355,0.9037,1.80,2.60
2009.06.02 14:07:16.519,0.90355,0.90375,1.80,5.60
2009.06.02 14:07:16.858,0.90355,0.90375,1.80,4.60
2009.06.02 14:07:17.148,0.9035,0.9037,1.80,2.60
2009.06.02 14:07:17.498,0.90345,0.90365,1.80,2.60
2009.06.02 14:07:17.908,0.90345,0.9036,1.80,2.60
2009.06.02 14:07:18.248,0.9035,0.9036,1.80,2.60
2009.06.02 14:07:18.548,0.9034,0.9036,1.80,2.60
2009.06.02 14:07:18.838,0.9034,0.90365,1.80,2.00
2009.06.02 14:07:19.118,0.9034,0.9036,1.80,2.60
2009.06.02 14:07:19.348,0.90325,0.9035,1.80,1.00
2009.06.02 14:07:19.738,0.90325,0.90345,1.80,1.00
2009.06.02 14:07:20.078,0.90325,0.9035,1.80,4.60
2009.06.02 14:07:20.428,0.90325,0.90345,1.80,2.00
2009.06.02 14:07:20.778,0.90325,0.90345,1.80,4.60
2009.06.02 14:07:21.118,0.90325,0.90345,1.80,5.40
2009.06.02 14:07:21.527,0.90325,0.9034,1.80,5.60
2009.06.02 14:07:21.827,0.9032,0.9034,1.80,6.60
2009.06.02 14:07:22.007,0.9032,0.90335,1.80,1.00
2009.06.02 14:07:22.637,0.9031,0.90335,4.20,1.00
2009.06.02 14:07:22.977,0.90315,0.9033,1.80,1.00
2009.06.02 14:07:24.127,0.90315,0.90335,1.80,2.60
2009.06.02 14:07:24.467,0.9032,0.90335,1.80,1.00
2009.06.02 14:07:24.856,0.9032,0.9034,1.80,4.60
2009.06.02 14:07:25.826,0.9031,0.90335,1.80,4.20
2009.06.02 14:07:26.156,0.90305,0.90335,1.80,7.80
2009.06.02 14:07:26.456,0.90295,0.9032,8.60,2.00
2009.06.02 14:07:26.686,0.90305,0.90315,2.00,1.00
2009.06.02 14:07:26.866,0.90285,0.90315,1.80,6.20
2009.06.02 14:07:27.166,0.9028,0.903,1.80,1.40
2009.06.02 14:07:27.546,0.9027,0.90295,1.80,2.00
2009.06.02 14:07:27.906,0.90275,0.90295,1.80,4.60
2009.06.02 14:07:28.246,0.90275,0.903,1.80,2.00
2009.06.02 14:07:28.536,0.9027,0.90295,1.80,2.00
2009.06.02 14:07:28.766,0.9027,0.90285,1.80,1.00
2009.06.02 14:07:29.026,0.90275,0.90285,1.80,5.80
2009.06.02 14:07:29.566,0.90285,0.903,1.80,11.40
2009.06.02 14:07:29.925,0.90285,0.903,1.80,8.00
2009.06.02 14:07:30.265,0.9027,0.903,4.20,2.00
2009.06.02 14:07:30.605,0.9028,0.903,1.80,1.00
2009.06.02 14:07:31.135,0.9028,0.903,1.80,1.20
2009.06.02 14:07:31.465,0.90275,0.90305,2.80,6.20
2009.06.02 14:07:31.875,0.90285,0.90305,2.40,5.40
2009.06.02 14:07:32.175,0.90285,0.90305,2.40,7.00
2009.06.02 14:07:32.455,0.90285,0.90295,6.80,1.00
2009.06.02 14:07:33.115,0.90285,0.903,6.80,2.00
2009.06.02 14:07:33.464,0.90275,0.903,9.20,2.00
2009.06.02 14:07:33.804,0.90275,0.903,9.20,1.00
2009.06.02 14:07:34.135,0.90275,0.90305,2.40,6.20
2009.06.02 14:07:34.474,0.9028,0.90305,2.40,6.20
2009.06.02 14:07:34.824,0.9028,0.90305,4.20,1.00
2009.06.02 14:07:35.594,0.9028,0.903,8.40,2.00
2009.06.02 14:07:35.954,0.9028,0.90285,6.80,1.00
2009.06.02 14:07:36.404,0.90285,0.9029,6.80,2.00
2009.06.02 14:07:36.644,0.90265,0.90285,5.60,1.00
2009.06.02 14:07:36.983,0.9025,0.90285,2.40,1.00
2009.06.02 14:07:37.314,0.90265,0.90285,2.40,1.00
2009.06.02 14:07:37.773,0.9025,0.90285,2.40,1.00
2009.06.02 14:07:38.063,0.90265,0.90285,1.00,1.00
2009.06.02 14:07:38.363,0.9027,0.9029,4.20,4.80
2009.06.02 14:07:38.643,0.9027,0.90295,2.40,1.00
2009.06.02 14:07:39.033,0.90265,0.9029,2.40,2.00
2009.06.02 14:07:39.373,0.9027,0.9029,2.40,2.00
2009.06.02 14:07:39.723,0.9027,0.9029,4.20,1.20
2009.06.02 14:07:40.113,0.9027,0.90295,4.20,2.00
2009.06.02 14:07:40.693,0.9027,0.90295,1.80,1.00
2009.06.02 14:07:40.993,0.90265,0.9029,2.80,2.00
2009.06.02 14:07:41.463,0.9027,0.90295,2.40,2.00
2009.06.02 14:07:41.913,0.9027,0.90295,2.40,1.00
2009.06.02 14:07:42.152,0.90275,0.903,2.40,1.00
2009.06.02 14:07:43.072,0.90275,0.903,2.40,5.00
2009.06.02 14:07:43.542,0.9027,0.903,4.20,7.40
2009.06.02 14:07:44.372,0.9027,0.903,4.20,2.00
2009.06.02 14:07:45.002,0.9027,0.903,4.20,2.00
2009.06.02 14:07:45.632,0.90275,0.903,2.40,2.00
2009.06.02 14:07:47.371,0.90275,0.903,2.40,1.20
2009.06.02 14:07:48.301,0.90285,0.90305,1.80,6.20
2009.06.02 14:07:48.461,0.90275,0.903,4.00,1.20
2009.06.02 14:07:48.801,0.9027,0.903,4.20,2.00
2009.06.02 14:07:49.191,0.9027,0.903,4.20,2.00
2009.06.02 14:07:49.421,0.9027,0.903,1.80,2.00
2009.06.02 14:07:49.831,0.9027,0.90295,1.80,2.00
2009.06.02 14:07:50.170,0.90265,0.90295,7.20,2.00
2009.06.02 14:07:50.520,0.9026,0.90295,4.20,2.00
2009.06.02 14:07:51.170,0.90265,0.9029,6.80,2.00
2009.06.02 14:07:51.460,0.90255,0.90285,2.40,1.00
2009.06.02 14:07:51.760,0.9025,0.9028,4.20,1.00
2009.06.02 14:07:52.060,0.90255,0.9029,2.40,9.00
2009.06.02 14:07:52.350,0.90255,0.9029,2.40,8.40
2009.06.02 14:07:52.630,0.9025,0.9028,2.40,1.00
2009.06.02 14:07:53.270,0.9025,0.9028,2.40,1.00
2009.06.02 14:07:53.550,0.9026,0.90285,2.40,2.40
2009.06.02 14:07:53.909,0.90255,0.9028,2.40,1.00
2009.06.02 14:07:54.389,0.90255,0.9028,2.40,1.00
2009.06.02 14:07:54.869,0.9025,0.90285,4.20,1.00
2009.06.02 14:07:55.199,0.90255,0.9028,1.00,1.00
2009.06.02 14:07:55.599,0.9025,0.90285,4.20,6.20
2009.06.02 14:07:56.129,0.9025,0.90285,4.20,1.00
2009.06.02 14:07:56.409,0.90255,0.90285,2.40,1.00
2009.06.02 14:07:56.689,0.90255,0.90285,2.40,6.20
2009.06.02 14:07:57.039,0.9025,0.90285,4.20,6.20
2009.06.02 14:07:57.439,0.9026,0.90285,1.80,5.40
2009.06.02 14:07:57.859,0.9026,0.9029,2.40,2.60
2009.06.02 14:07:58.248,0.9026,0.9029,2.40,1.00
2009.06.02 14:07:59.178,0.90255,0.90285,2.80,1.00
2009.06.02 14:07:59.478,0.90255,0.90285,2.40,1.00
2009.06.02 14:08:00.058,0.9026,0.90285,2.40,1.00
2009.06.02 14:08:00.388,0.90265,0.9029,2.40,3.60
2009.06.02 14:08:00.748,0.90265,0.9029,2.40,7.40
2009.06.02 14:08:01.198,0.90265,0.90285,2.40,1.00
2009.06.02 14:08:01.488,0.90265,0.9029,2.40,7.40
2009.06.02 14:08:01.828,0.90265,0.9029,2.40,5.40
2009.06.02 14:08:02.108,0.90265,0.90295,2.40,2.60
2009.06.02 14:08:02.388,0.90275,0.90295,2.40,2.60
2009.06.02 14:08:02.778,0.90275,0.90295,2.40,5.40
2009.06.02 14:08:03.467,0.90275,0.90295,2.40,1.00
2009.06.02 14:08:03.757,0.90275,0.90295,2.40,2.00
2009.06.02 14:08:03.987,0.9027,0.9029,4.20,1.20
2009.06.02 14:08:04.267,0.90275,0.90295,4.20,1.00
2009.06.02 14:08:04.537,0.90275,0.903,4.20,2.80
2009.06.02 14:08:04.837,0.9028,0.903,2.40,5.40
2009.06.02 14:08:05.117,0.90275,0.903,4.80,1.00
2009.06.02 14:08:05.407,0.90275,0.903,4.80,2.00
2009.06.02 14:08:05.757,0.90275,0.903,4.20,2.00
2009.06.02 14:08:06.536,0.90265,0.90295,9.80,1.20
2009.06.02 14:08:06.926,0.9027,0.90295,4.20,1.20
2009.06.02 14:08:07.146,0.9027,0.90295,6.80,1.20
2009.06.02 14:08:07.366,0.90265,0.90295,2.80,2.00
2009.06.02 14:08:07.656,0.90275,0.903,1.80,2.40
2009.06.02 14:08:07.956,0.90275,0.903,4.20,1.00
2009.06.02 14:08:08.346,0.90275,0.90295,2.40,1.20
2009.06.02 14:08:08.696,0.90265,0.903,13.20,6.80
2009.06.02 14:08:09.156,0.90275,0.90305,4.20,3.60
2009.06.02 14:08:09.546,0.9029,0.90305,2.40,6.60
2009.06.02 14:08:09.836,0.9029,0.90305,2.40,1.00
2009.06.02 14:08:10.066,0.9029,0.9031,2.40,1.00
2009.06.02 14:08:10.356,0.90295,0.9032,1.80,2.60
2009.06.02 14:08:10.646,0.9029,0.90315,6.80,2.00
2009.06.02 14:08:10.945,0.9029,0.90315,2.40,1.00
2009.06.02 14:08:11.425,0.9029,0.9031,2.40,1.00
2009.06.02 14:08:11.785,0.90295,0.90315,1.80,2.00
2009.06.02 14:08:12.205,0.90285,0.90315,4.80,2.00
2009.06.02 14:08:12.545,0.90285,0.9031,4.20,1.00
2009.06.02 14:08:12.905,0.9028,0.90315,2.40,2.00
2009.06.02 14:08:13.265,0.90275,0.903,9.80,1.00
2009.06.02 14:08:13.565,0.90275,0.9031,9.80,2.40
2009.06.02 14:08:13.855,0.90275,0.90305,2.80,1.00
2009.06.02 14:08:14.145,0.90275,0.9031,2.80,2.40
2009.06.02 14:08:14.495,0.90275,0.90305,2.80,1.00
2009.06.02 14:08:15.185,0.90275,0.90305,4.80,1.00
2009.06.02 14:08:15.534,0.90275,0.9031,2.80,7.80
2009.06.02 14:08:15.824,0.90275,0.90305,2.80,2.00
2009.06.02 14:08:16.344,0.90275,0.903,7.20,1.00
2009.06.02 14:08:16.694,0.9027,0.903,2.40,1.00
2009.06.02 14:08:17.094,0.90275,0.903,2.40,1.00
2009.06.02 14:08:17.444,0.90285,0.90305,1.80,3.60
2009.06.02 14:08:17.674,0.90285,0.90305,1.80,3.20
2009.06.02 14:08:18.084,0.90285,0.90305,1.80,7.40
2009.06.02 14:08:18.304,0.90285,0.90305,1.80,5.40
2009.06.02 14:08:18.593,0.9029,0.90305,1.80,5.40
2009.06.02 14:08:19.285,0.9029,0.90305,1.80,1.00
2009.06.02 14:08:19.754,0.9029,0.9031,1.80,2.60
2009.06.02 14:08:20.263,0.9029,0.90305,1.80,2.60
2009.06.02 14:08:20.723,0.9029,0.903,1.80,5.40
2009.06.02 14:08:21.073,0.903,0.90315,2.40,6.20
2009.06.02 14:08:21.473,0.9031,0.90325,1.80,6.20
2009.06.02 14:08:21.773,0.9031,0.90325,1.80,1.00
2009.06.02 14:08:22.883,0.90315,0.9033,1.80,1.00
2009.06.02 14:08:23.163,0.9031,0.9033,1.80,1.00
2009.06.02 14:08:23.443,0.9031,0.90335,1.80,1.00
2009.06.02 14:08:24.092,0.903,0.90335,6.00,1.00
2009.06.02 14:08:24.592,0.903,0.9033,6.00,2.00
2009.06.02 14:08:24.932,0.903,0.9033,4.20,2.00
2009.06.02 14:08:25.452,0.903,0.90325,4.20,1.00
2009.06.02 14:08:25.932,0.903,0.9032,4.20,1.00
2009.06.02 14:08:26.262,0.903,0.9032,2.00,1.00
2009.06.02 14:08:26.542,0.90295,0.90325,2.80,1.00
2009.06.02 14:08:26.822,0.90295,0.9032,7.20,1.00
2009.06.02 14:08:27.062,0.90295,0.9032,7.20,2.00
2009.06.02 14:08:27.282,0.90295,0.9032,7.20,1.20
2009.06.02 14:08:27.881,0.90295,0.9032,1.00,2.00
2009.06.02 14:08:28.631,0.9029,0.9032,6.80,3.40
2009.06.02 14:08:28.972,0.90285,0.9032,7.20,3.40
2009.06.02 14:08:29.211,0.90285,0.9032,1.00,3.40
2009.06.02 14:08:29.901,0.9029,0.90305,6.80,1.20
2009.06.02 14:08:30.771,0.9028,0.9031,2.40,1.20
2009.06.02 14:08:31.221,0.90285,0.90305,2.40,5.60
2009.06.02 14:08:31.630,0.90285,0.90305,1.80,1.20
2009.06.02 14:08:32.260,0.90285,0.90295,1.80,1.00
2009.06.02 14:08:32.500,0.90275,0.90305,4.20,2.00
2009.06.02 14:08:34.640,0.9028,0.9031,2.40,7.80
2009.06.02 14:08:34.820,0.9028,0.9031,2.40,5.00
2009.06.02 14:08:35.170,0.9028,0.9031,2.40,1.00
2009.06.02 14:08:35.399,0.90285,0.9031,1.80,1.00
2009.06.02 14:08:35.620,0.90285,0.90315,1.80,3.20
2009.06.02 14:08:35.959,0.9029,0.9032,4.20,9.00
2009.06.02 14:08:36.309,0.9029,0.9032,1.80,8.20
2009.06.02 14:08:36.609,0.90285,0.9031,4.80,1.00
2009.06.02 14:08:36.959,0.90285,0.9031,4.80,2.00
2009.06.02 14:08:37.239,0.90285,0.9031,2.40,1.20
2009.06.02 14:08:37.479,0.90285,0.9031,1.80,2.00
2009.06.02 14:08:37.749,0.9029,0.9031,6.80,2.00
2009.06.02 14:08:38.029,0.9028,0.9031,9.20,2.00
2009.06.02 14:08:38.319,0.9028,0.9031,2.40,2.00
2009.06.02 14:08:38.619,0.90285,0.9031,4.20,1.20
2009.06.02 14:08:39.369,0.9028,0.9031,2.40,1.20
2009.06.02 14:08:40.028,0.90285,0.9031,1.80,1.20
2009.06.02 14:08:40.708,0.9029,0.90315,2.40,1.20
2009.06.02 14:08:41.058,0.90285,0.9031,1.80,1.20
2009.06.02 14:08:41.348,0.90285,0.9031,4.20,1.20
2009.06.02 14:08:41.528,0.90285,0.9031,1.80,1.20
2009.06.02 14:08:42.318,0.90285,0.90315,4.20,1.20
2009.06.02 14:08:42.867,0.90285,0.9032,4.20,8.00
2009.06.02 14:08:43.098,0.90285,0.9032,4.80,6.80
2009.06.02 14:08:43.277,0.9029,0.9032,2.40,6.80
2009.06.02 14:08:44.597,0.90295,0.9032,4.20,6.00
2009.06.02 14:08:44.947,0.90295,0.9032,4.20,1.20
2009.06.02 14:08:46.097,0.90305,0.90325,1.80,1.00
2009.06.02 14:08:46.327,0.90305,0.9033,4.20,8.20
2009.06.02 14:08:46.567,0.9031,0.9033,1.80,5.40
2009.06.02 14:08:46.787,0.9031,0.90335,1.80,2.00
2009.06.02 14:08:47.127,0.9031,0.9034,4.20,10.20
2009.06.02 14:08:47.417,0.9031,0.9034,1.80,10.20
2009.06.02 14:08:47.646,0.90305,0.9034,2.80,2.00
2009.06.02 14:08:47.936,0.9031,0.9034,2.40,2.00
2009.06.02 14:08:48.236,0.90305,0.9034,2.40,2.00
2009.06.02 14:08:48.466,0.90305,0.90335,2.40,1.00
2009.06.02 14:08:49.916,0.90305,0.90335,4.00,1.00
2009.06.02 14:08:50.216,0.90305,0.90335,4.00,2.60
2009.06.02 14:08:50.576,0.90305,0.9034,4.00,11.80
2009.06.02 14:08:50.916,0.90305,0.9034,2.40,11.80
2009.06.02 14:08:51.785,0.90305,0.90335,2.40,1.00
2009.06.02 14:08:52.296,0.90305,0.90335,2.40,5.00
2009.06.02 14:08:52.655,0.90305,0.90335,2.40,6.20
2009.06.02 14:08:54.655,0.903,0.9033,4.20,1.20
2009.06.02 14:08:54.885,0.903,0.9033,4.20,2.00
2009.06.02 14:08:56.394,0.903,0.9033,1.80,2.00
2009.06.02 14:08:56.564,0.90295,0.9033,6.40,2.00
2009.06.02 14:08:56.614,0.90295,0.9033,6.40,6.80
2009.06.02 14:08:56.854,0.90295,0.9033,6.40,6.80
2009.06.02 14:08:57.354,0.90295,0.9033,4.00,7.60
2009.06.02 14:08:57.704,0.90295,0.90325,4.00,2.00
2009.06.02 14:08:58.054,0.90295,0.90325,6.40,1.20
2009.06.02 14:08:58.284,0.90295,0.90305,4.60,1.20
2009.06.02 14:08:58.634,0.903,0.90305,6.80,2.00
2009.06.02 14:08:58.984,0.90285,0.90295,1.00,2.00
2009.06.02 14:08:59.284,0.9027,0.90295,6.00,2.00
2009.06.02 14:09:02.053,0.90265,0.90285,1.80,1.20
2009.06.02 14:09:03.303,0.90265,0.9029,4.20,7.40
2009.06.02 14:09:03.583,0.90265,0.9029,4.20,5.40
2009.06.02 14:09:03.823,0.90265,0.90295,4.20,3.80
2009.06.02 14:09:04.182,0.90265,0.90295,4.20,2.00
2009.06.02 14:09:04.523,0.9027,0.90295,4.20,1.20
2009.06.02 14:09:05.932,0.9027,0.90295,1.80,2.00
2009.06.02 14:09:06.222,0.9027,0.90295,1.80,1.20
2009.06.02 14:09:07.322,0.90265,0.90285,1.80,1.20
2009.06.02 14:09:07.962,0.90265,0.90285,1.80,2.00
2009.06.02 14:09:10.681,0.90265,0.90285,1.80,1.20
2009.06.02 14:09:11.671,0.90265,0.90285,1.80,2.00
2009.06.02 14:09:16.170,0.90265,0.90285,1.80,2.00
2009.06.02 14:09:16.349,0.90265,0.9028,1.80,1.00
2009.06.02 14:09:16.589,0.90255,0.9028,4.80,1.00
2009.06.02 14:09:16.820,0.90255,0.9028,4.20,1.00
2009.06.02 14:09:17.339,0.90255,0.9028,4.80,1.00
2009.06.02 14:09:17.569,0.9026,0.90275,6.80,1.20
2009.06.02 14:09:17.809,0.9026,0.90275,2.00,2.00
2009.06.02 14:09:18.219,0.90245,0.9027,11.60,2.00
2009.06.02 14:09:18.499,0.90245,0.9027,2.40,1.20
2009.06.02 14:09:18.789,0.90245,0.9027,4.80,1.20
2009.06.02 14:09:19.019,0.90245,0.90275,4.80,1.20
2009.06.02 14:09:19.489,0.9025,0.9028,4.00,1.00
2009.06.02 14:09:19.999,0.9026,0.9028,2.40,1.00
2009.06.02 14:09:20.169,0.90265,0.90285,4.20,5.40
2009.06.02 14:09:20.459,0.90265,0.90285,5.80,1.00
2009.06.02 14:09:20.899,0.90265,0.90295,5.80,1.20
2009.06.02 14:09:21.349,0.90255,0.90285,16.00,1.20
2009.06.02 14:09:21.758,0.90255,0.9029,13.00,5.40
2009.06.02 14:09:22.058,0.90265,0.9029,6.40,5.40
2009.06.02 14:09:22.278,0.90265,0.90295,2.00,5.40
2009.06.02 14:09:22.558,0.9026,0.90295,4.00,5.40
2009.06.02 14:09:22.898,0.90265,0.90295,7.20,5.40
2009.06.02 14:09:23.308,0.90265,0.903,4.20,7.00
2009.06.02 14:09:23.648,0.90265,0.90295,4.20,5.40
2009.06.02 14:09:23.938,0.9027,0.90295,2.40,5.40
2009.06.02 14:09:24.528,0.9027,0.90305,2.40,9.00
2009.06.02 14:09:24.867,0.9027,0.90295,2.40,1.20
2009.06.02 14:09:27.007,0.90265,0.90295,4.80,1.20
2009.06.02 14:09:31.286,0.90265,0.90295,2.80,1.20
2009.06.02 14:09:31.636,0.90265,0.90295,4.20,5.60
2009.06.02 14:09:31.926,0.90265,0.90295,2.80,6.20
2009.06.02 14:09:32.286,0.9027,0.90295,11.60,1.20
2009.06.02 14:09:33.036,0.9026,0.90295,9.20,4.60
2009.06.02 14:09:33.446,0.9027,0.9029,6.80,1.00
2009.06.02 14:09:33.675,0.90255,0.9028,7.60,1.00
2009.06.02 14:09:33.795,0.9026,0.9028,11.60,1.00
2009.06.02 14:09:34.145,0.90255,0.9028,2.80,2.00
2009.06.02 14:09:34.485,0.9026,0.9028,6.80,2.00
2009.06.02 14:09:35.215,0.9026,0.9028,6.80,3.60
2009.06.02 14:09:35.995,0.90245,0.9028,2.80,11.20
2009.06.02 14:09:36.335,0.9024,0.9027,9.20,2.00
2009.06.02 14:09:37.354,0.9024,0.90275,2.40,2.80
2009.06.02 14:09:37.585,0.9024,0.90275,4.20,2.80
2009.06.02 14:09:37.765,0.9024,0.90275,4.20,6.60
2009.06.02 14:09:38.574,0.9024,0.90275,4.20,3.80
2009.06.02 14:09:39.024,0.9025,0.90275,2.40,3.80
2009.06.02 14:09:39.294,0.9025,0.9027,2.40,6.60
2009.06.02 14:09:39.594,0.90245,0.9027,2.60,1.20
2009.06.02 14:09:42.104,0.90245,0.9028,5.60,2.60
2009.06.02 14:09:42.663,0.90245,0.9027,5.60,4.20
2009.06.02 14:09:42.943,0.90245,0.9028,5.60,2.60
2009.06.02 14:09:43.643,0.90245,0.9028,4.00,2.60
2009.06.02 14:09:46.492,0.9024,0.9027,4.20,2.00
2009.06.02 14:09:46.882,0.90235,0.90265,5.20,1.20
2009.06.02 14:09:47.342,0.90235,0.9027,2.40,6.40
2009.06.02 14:09:47.622,0.90235,0.9027,2.80,7.40
2009.06.02 14:09:47.852,0.90235,0.9027,2.80,2.00
2009.06.02 14:09:49.132,0.90235,0.9027,2.80,7.40
2009.06.02 14:09:51.081,0.90255,0.9027,4.20,6.20
2009.06.02 14:09:51.261,0.90255,0.9027,4.20,1.00
2009.06.02 14:09:51.311,0.90255,0.90275,4.20,1.60
2009.06.02 14:09:51.611,0.90255,0.9028,4.80,1.80
2009.06.02 14:09:51.911,0.90255,0.90285,4.80,2.00
2009.06.02 14:09:52.661,0.90255,0.90275,2.40,1.20
2009.06.02 14:09:53.061,0.90255,0.90275,2.40,2.00
2009.06.02 14:09:53.121,0.90255,0.90275,4.80,2.00
2009.06.02 14:09:53.361,0.9026,0.9028,1.80,1.00
2009.06.02 14:09:53.531,0.9026,0.90285,1.80,2.00
2009.06.02 14:09:53.711,0.90265,0.90285,1.80,2.00
2009.06.02 14:09:54.191,0.90255,0.9028,2.40,1.00
2009.06.02 14:09:54.581,0.90255,0.9028,6.80,1.00
2009.06.02 14:09:54.931,0.90245,0.9028,9.80,1.00
2009.06.02 14:09:55.270,0.90245,0.9028,4.40,1.00
2009.06.02 14:09:56.430,0.90245,0.9028,4.40,1.00
2009.06.02 14:09:56.760,0.9025,0.9028,6.80,2.40
2009.06.02 14:09:57.570,0.9024,0.9028,5.20,2.60
2009.06.02 14:09:57.910,0.9024,0.9028,1.60,2.60
2009.06.02 14:09:58.520,0.9024,0.9028,4.00,2.60
2009.06.02 14:09:58.740,0.9024,0.9028,2.40,2.60
2009.06.02 14:09:58.909,0.90245,0.9027,6.80,1.00
2009.06.02 14:09:59.849,0.90245,0.9027,6.80,1.00
2009.06.02 14:10:00.189,0.9023,0.9027,11.20,2.00
2009.06.02 14:10:00.519,0.9024,0.9027,4.20,5.40
2009.06.02 14:10:01.149,0.9024,0.90275,4.20,6.20
2009.06.02 14:10:01.439,0.9024,0.9027,4.20,1.00
2009.06.02 14:10:01.859,0.9024,0.90275,4.20,6.20
2009.06.02 14:10:02.148,0.9024,0.90275,2.40,6.20
2009.06.02 14:10:02.489,0.90235,0.9027,11.40,1.00
2009.06.02 14:10:02.788,0.90235,0.9027,4.40,6.20
2009.06.02 14:10:03.198,0.90235,0.9027,4.60,6.20
2009.06.02 14:10:03.788,0.90235,0.90265,4.60,1.00
2009.06.02 14:10:04.368,0.90235,0.90265,4.60,4.20
2009.06.02 14:10:04.658,0.90235,0.9027,4.60,6.20
2009.06.02 14:10:05.108,0.90235,0.90265,4.00,1.00
2009.06.02 14:10:05.448,0.90235,0.90265,2.40,1.00
2009.06.02 14:10:05.908,0.9023,0.90265,4.20,1.00
2009.06.02 14:10:06.268,0.9023,0.90265,2.40,1.00
2009.06.02 14:10:06.558,0.9023,0.90265,2.40,2.40
2009.06.02 14:10:07.237,0.90235,0.9026,6.80,2.00
2009.06.02 14:10:07.827,0.9023,0.90255,6.80,1.00
2009.06.02 14:10:08.667,0.90225,0.9026,4.20,3.60
2009.06.02 14:10:08.897,0.90225,0.9026,8.00,9.00
2009.06.02 14:10:09.247,0.90225,0.9026,8.00,13.80
2009.06.02 14:10:09.597,0.90225,0.9026,5.80,12.20
2009.06.02 14:10:09.887,0.9024,0.9026,1.80,5.40
2009.06.02 14:10:10.237,0.90235,0.9026,1.00,12.20
2009.06.02 14:10:10.647,0.9023,0.9026,1.60,5.40
2009.06.02 14:10:10.986,0.9023,0.90265,1.60,7.80
2009.06.02 14:10:11.206,0.9023,0.90265,1.60,6.20
2009.06.02 14:10:12.116,0.9023,0.90265,3.20,6.20
2009.06.02 14:10:12.386,0.9024,0.90265,1.60,6.20
2009.06.02 14:10:12.746,0.90245,0.9027,2.40,2.60
2009.06.02 14:10:13.036,0.90245,0.90265,1.00,5.40
2009.06.02 14:10:13.216,0.90245,0.9028,7.20,7.80
2009.06.02 14:10:13.626,0.9025,0.9028,2.40,7.00
2009.06.02 14:10:13.806,0.9025,0.9028,6.80,5.40
2009.06.02 14:10:14.155,0.90255,0.90285,6.80,2.40
2009.06.02 14:10:14.495,0.9025,0.9028,2.40,1.20
2009.06.02 14:10:14.946,0.90245,0.90275,3.60,1.00
2009.06.02 14:10:15.246,0.90245,0.90285,4.60,2.60
2009.06.02 14:10:15.595,0.90245,0.9028,4.60,1.00
2009.06.02 14:10:17.005,0.90245,0.9028,7.20,6.20
2009.06.02 14:10:17.305,0.9025,0.9028,4.00,5.40
2009.06.02 14:10:17.575,0.9025,0.9028,6.80,2.00
2009.06.02 14:10:17.925,0.90245,0.9028,4.80,2.00
2009.06.02 14:10:18.155,0.9025,0.9028,4.20,5.40
2009.06.02 14:10:18.555,0.9025,0.90285,1.80,2.60
2009.06.02 14:10:18.835,0.9025,0.90285,4.20,2.00
2009.06.02 14:10:19.065,0.9025,0.9028,2.00,6.40
2009.06.02 14:10:19.345,0.9025,0.9026,4.80,1.20
2009.06.02 14:10:19.684,0.90245,0.9026,6.80,2.00
2009.06.02 14:10:20.154,0.90245,0.9027,2.40,2.60
2009.06.02 14:10:20.424,0.9024,0.90265,4.20,5.40
2009.06.02 14:10:20.874,0.9024,0.90265,6.00,5.40
2009.06.02 14:10:21.284,0.9024,0.90265,4.20,6.20
2009.06.02 14:10:21.634,0.9024,0.90255,4.20,1.00
2009.06.02 14:10:21.964,0.9024,0.9027,6.00,5.40
2009.06.02 14:10:22.374,0.90245,0.9027,2.40,6.20
2009.06.02 14:10:22.794,0.90245,0.9027,2.40,1.00
2009.06.02 14:10:23.203,0.90245,0.9027,2.40,2.00
2009.06.02 14:10:23.374,0.9024,0.90265,6.00,1.00
2009.06.02 14:10:23.723,0.90245,0.90275,2.40,7.40
2009.06.02 14:10:23.953,0.90245,0.90275,2.40,1.00
2009.06.02 14:10:24.193,0.90255,0.9028,2.40,9.00
2009.06.02 14:10:24.473,0.90255,0.9028,2.40,6.20
2009.06.02 14:10:24.803,0.9025,0.9028,2.40,11.00
2009.06.02 14:10:25.273,0.9025,0.9028,2.40,1.00
2009.06.02 14:10:25.753,0.9025,0.90275,2.40,1.00
2009.06.02 14:10:25.973,0.9025,0.90275,4.20,3.40
2009.06.02 14:10:26.253,0.9025,0.90275,4.20,7.80
2009.06.02 14:10:26.483,0.9025,0.90275,4.20,1.00
2009.06.02 14:10:26.713,0.9025,0.90275,4.20,3.40
2009.06.02 14:10:27.053,0.9025,0.9027,4.20,1.80
2009.06.02 14:10:27.343,0.90245,0.9028,2.40,4.80
2009.06.02 14:10:27.622,0.90235,0.9027,9.20,5.40
2009.06.02 14:10:27.972,0.9024,0.9027,4.20,7.80
2009.06.02 14:10:28.322,0.90245,0.90275,2.40,2.60
2009.06.02 14:10:28.672,0.90245,0.90265,2.40,5.40
2009.06.02 14:10:29.012,0.90245,0.9028,2.40,4.60
2009.06.02 14:10:29.372,0.90245,0.9028,2.40,2.00
2009.06.02 14:10:29.732,0.90245,0.90275,3.40,5.40
2009.06.02 14:10:30.132,0.9025,0.90275,1.40,5.40
2009.06.02 14:10:30.492,0.9025,0.90275,4.60,5.40
2009.06.02 14:10:31.022,0.90245,0.90285,2.80,7.60
2009.06.02 14:10:32.071,0.90245,0.90285,2.40,11.40
2009.06.02 14:10:32.301,0.90245,0.90275,2.40,6.20
2009.06.02 14:10:32.571,0.9024,0.90275,8.60,6.20
2009.06.02 14:10:32.921,0.90245,0.90275,2.40,9.40
2009.06.02 14:10:33.321,0.90245,0.90275,2.40,2.60
2009.06.02 14:10:34.271,0.90245,0.90275,2.40,6.20
2009.06.02 14:10:35.141,0.90245,0.9028,2.40,4.60
2009.06.02 14:10:35.740,0.90255,0.9028,2.40,4.60
2009.06.02 14:10:36.371,0.9025,0.9028,4.20,2.00
2009.06.02 14:10:37.830,0.9025,0.90285,4.20,10.20
2009.06.02 14:10:40.450,0.90255,0.90285,2.40,1.00
2009.06.02 14:10:40.809,0.90255,0.90285,8.80,1.00
2009.06.02 14:10:41.160,0.90255,0.9028,4.00,2.00
2009.06.02 14:10:41.859,0.9025,0.9028,9.00,2.00
2009.06.02 14:10:42.249,0.9025,0.9028,5.80,2.00
2009.06.02 14:10:42.709,0.9025,0.90285,5.80,2.40
2009.06.02 14:10:43.049,0.90255,0.90285,2.40,6.20
2009.06.02 14:10:44.458,0.90255,0.9028,2.40,1.00
2009.06.02 14:10:45.288,0.9025,0.9028,4.20,6.20
2009.06.02 14:10:45.568,0.90255,0.90285,2.40,5.40
2009.06.02 14:10:47.990,0.90255,0.90285,2.40,4.60
2009.06.02 14:10:48.331,0.9025,0.9028,4.20,7.40
2009.06.02 14:10:48.630,0.9025,0.9028,2.40,7.40
2009.06.02 14:10:48.910,0.9025,0.9028,2.40,15.00
2009.06.02 14:10:49.090,0.9025,0.9027,1.80,1.20
2009.06.02 14:10:50.620,0.90245,0.9026,2.40,1.20
2009.06.02 14:10:50.900,0.90245,0.9026,6.80,1.20
2009.06.02 14:10:51.130,0.90235,0.9026,11.20,1.20
2009.06.02 14:10:51.770,0.90235,0.9026,4.20,1.20
2009.06.02 14:10:52.459,0.90245,0.90265,4.20,6.60
2009.06.02 14:10:52.750,0.90245,0.90265,4.00,5.40
2009.06.02 14:10:53.039,0.9024,0.9027,2.40,5.40
2009.06.02 14:10:53.319,0.9024,0.90275,2.40,1.00
2009.06.02 14:10:53.719,0.90245,0.90275,2.40,1.00
2009.06.02 14:10:54.009,0.90245,0.9028,2.40,4.20
2009.06.02 14:10:54.789,0.9024,0.9027,2.40,1.20
2009.06.02 14:10:55.139,0.90245,0.90275,4.20,2.00
2009.06.02 14:10:55.479,0.90245,0.90275,2.40,2.00
2009.06.02 14:10:55.829,0.90245,0.9028,2.40,6.00
2009.06.02 14:10:56.119,0.90245,0.9028,4.40,3.40
2009.06.02 14:10:56.339,0.90245,0.90275,4.00,1.00
2009.06.02 14:10:56.618,0.90245,0.9028,5.60,3.60
2009.06.02 14:10:57.388,0.90245,0.9028,5.60,2.00
2009.06.02 14:10:57.738,0.90245,0.90275,5.60,1.00
2009.06.02 14:10:58.118,0.9025,0.9026,6.80,4.80
2009.06.02 14:10:58.578,0.9025,0.9027,6.80,2.00
2009.06.02 14:10:59.488,0.90235,0.9027,7.40,2.00
2009.06.02 14:11:00.408,0.9024,0.90265,10.00,1.00
2009.06.02 14:11:00.697,0.90245,0.90265,7.80,1.00
2009.06.02 14:11:01.038,0.90245,0.90265,10.00,1.00
2009.06.02 14:11:01.267,0.90245,0.90265,1.80,1.00
2009.06.02 14:11:01.507,0.90245,0.9027,1.80,6.80
2009.06.02 14:11:02.307,0.9024,0.90265,5.80,1.20
2009.06.02 14:11:02.547,0.9024,0.90265,5.80,2.00
2009.06.02 14:11:03.657,0.9024,0.90265,4.20,2.00
2009.06.02 14:11:04.346,0.9024,0.90265,5.80,2.00
2009.06.02 14:11:06.086,0.9024,0.90265,4.20,2.00
2009.06.02 14:11:06.436,0.9024,0.90265,5.80,2.00
2009.06.02 14:11:07.836,0.9024,0.90265,4.20,2.00
2009.06.02 14:11:08.136,0.90235,0.9026,4.20,5.60
2009.06.02 14:11:08.536,0.90235,0.90255,5.80,1.00
2009.06.02 14:11:08.876,0.9024,0.9026,4.60,6.80
2009.06.02 14:11:09.225,0.9024,0.9026,1.80,10.20
2009.06.02 14:11:09.565,0.90245,0.9026,1.80,5.40
2009.06.02 14:11:10.076,0.90245,0.9027,4.20,1.00
2009.06.02 14:11:11.005,0.90245,0.9027,1.80,1.00
2009.06.02 14:11:11.235,0.9024,0.9027,4.00,1.00
2009.06.02 14:11:11.465,0.9024,0.90265,2.40,1.00
2009.06.02 14:11:12.155,0.9024,0.9027,2.40,1.00
2009.06.02 14:11:12.394,0.90235,0.9027,5.80,1.00
2009.06.02 14:11:12.925,0.90235,0.9027,5.40,6.20
2009.06.02 14:11:13.334,0.90245,0.9027,1.80,6.20
2009.06.02 14:11:13.574,0.90245,0.9027,1.80,7.40
2009.06.02 14:11:13.804,0.90245,0.90265,3.20,5.40
2009.06.02 14:11:14.104,0.9023,0.90265,6.60,6.20
2009.06.02 14:11:14.554,0.90235,0.90265,1.80,1.00
2009.06.02 14:11:15.014,0.90235,0.90265,2.80,6.20
2009.06.02 14:11:15.424,0.9024,0.90265,10.00,1.00
2009.06.02 14:11:18.963,0.9024,0.90265,10.00,2.00
2009.06.02 14:11:19.303,0.9024,0.9027,10.00,9.00
2009.06.02 14:11:19.633,0.9024,0.90275,4.60,20.00
2009.06.02 14:11:19.863,0.9024,0.90275,10.00,4.80
2009.06.02 14:11:21.122,0.90235,0.90275,3.60,7.60
2009.06.02 14:11:21.572,0.90235,0.90275,2.00,7.60
2009.06.02 14:11:22.142,0.90235,0.9027,7.40,6.20
2009.06.02 14:11:22.502,0.90245,0.9027,1.80,5.40
2009.06.02 14:11:23.082,0.9025,0.9027,1.40,5.40
2009.06.02 14:11:23.312,0.9025,0.9027,4.60,5.40
2009.06.02 14:11:23.712,0.9025,0.90275,4.60,6.60
2009.06.02 14:11:24.582,0.9025,0.90275,4.60,2.40
2009.06.02 14:11:24.812,0.9025,0.90275,4.60,1.20
2009.06.02 14:11:25.041,0.90245,0.90275,1.80,1.20
2009.06.02 14:11:26.791,0.90245,0.90275,10.00,1.20
2009.06.02 14:11:27.071,0.9024,0.90275,5.00,1.20
2009.06.02 14:11:27.471,0.90245,0.90275,8.40,4.00
2009.06.02 14:11:27.921,0.90245,0.9027,6.80,1.00
2009.06.02 14:11:28.451,0.90245,0.9027,8.40,1.00
2009.06.02 14:11:29.151,0.90245,0.90275,10.00,2.80
2009.06.02 14:11:29.491,0.90245,0.90275,2.40,2.80
2009.06.02 14:11:29.840,0.9025,0.90275,3.00,1.20
2009.06.02 14:11:30.190,0.9025,0.90275,4.60,1.20
2009.06.02 14:11:30.530,0.9025,0.90275,1.40,1.20
2009.06.02 14:11:31.000,0.90245,0.90275,1.80,1.20
2009.06.02 14:11:31.290,0.9024,0.90275,5.00,1.20
2009.06.02 14:11:31.700,0.90245,0.90275,10.00,2.00
2009.06.02 14:11:32.160,0.9024,0.90275,4.00,3.40
2009.06.02 14:11:32.560,0.90245,0.9027,1.40,5.40
2009.06.02 14:11:32.730,0.90245,0.90275,10.00,2.80
2009.06.02 14:11:35.109,0.90245,0.9027,10.00,1.00
2009.06.02 14:11:35.499,0.90245,0.9027,6.80,1.00
2009.06.02 14:11:35.719,0.9024,0.90275,4.00,5.00
2009.06.02 14:11:35.959,0.90245,0.90275,1.80,3.40
2009.06.02 14:11:36.259,0.90245,0.90275,1.80,6.60
2009.06.02 14:11:36.559,0.90245,0.9027,1.80,1.00
2009.06.02 14:11:36.899,0.9024,0.90265,1.80,1.20
2009.06.02 14:11:37.179,0.90235,0.90265,4.80,1.20
2009.06.02 14:11:37.629,0.9024,0.90265,2.40,1.20
2009.06.02 14:11:37.979,0.9024,0.9027,2.40,2.00
2009.06.02 14:11:38.268,0.9024,0.90275,2.40,3.40
2009.06.02 14:11:39.028,0.9024,0.90275,4.00,3.40
2009.06.02 14:11:39.368,0.90245,0.90275,1.80,9.60
2009.06.02 14:11:42.298,0.90255,0.9029,7.40,7.40
2009.06.02 14:11:42.987,0.9026,0.90285,2.40,5.40
2009.06.02 14:11:43.217,0.9026,0.9029,2.40,2.60
2009.06.02 14:11:43.447,0.9026,0.90295,2.40,6.00
2009.06.02 14:11:44.297,0.90265,0.9029,1.80,11.60
2009.06.02 14:11:44.537,0.90265,0.9029,4.20,5.40
2009.06.02 14:11:44.817,0.90265,0.9028,2.40,1.20
2009.06.02 14:11:45.097,0.90255,0.9028,7.40,1.20
2009.06.02 14:11:45.427,0.90255,0.9028,2.40,1.20
2009.06.02 14:11:45.717,0.90255,0.9028,8.40,1.20
2009.06.02 14:11:46.166,0.9025,0.90285,2.40,2.60
2009.06.02 14:11:46.756,0.9025,0.9028,2.40,2.60
2009.06.02 14:11:47.656,0.90245,0.90285,5.80,6.80
2009.06.02 14:11:50.046,0.9026,0.90285,1.80,4.60
2009.06.02 14:11:50.385,0.90255,0.90265,6.80,1.20
2009.06.02 14:11:50.675,0.90255,0.9026,6.80,1.20
2009.06.02 14:11:50.965,0.90245,0.90255,6.80,1.20
2009.06.02 14:11:51.245,0.90235,0.90255,10.80,1.20
2009.06.02 14:11:51.635,0.90235,0.90255,3.40,1.20
2009.06.02 14:11:51.975,0.90235,0.90255,2.40,1.20
2009.06.02 14:11:53.025,0.9024,0.9026,2.40,1.20
2009.06.02 14:11:53.255,0.90255,0.9026,1.40,1.20
2009.06.02 14:11:53.595,0.9026,0.9027,2.40,5.40
2009.06.02 14:11:53.825,0.90255,0.9028,4.00,3.80
2009.06.02 14:11:54.065,0.90255,0.90275,2.40,5.40
2009.06.02 14:11:54.414,0.90265,0.90285,1.40,6.60
2009.06.02 14:11:54.814,0.9026,0.9029,5.00,1.20
2009.06.02 14:11:55.214,0.9027,0.9029,2.40,1.20
2009.06.02 14:11:55.684,0.9027,0.9029,8.40,1.20
2009.06.02 14:11:55.924,0.9027,0.9029,6.80,2.00
2009.06.02 14:11:56.254,0.9026,0.9029,10.40,2.00
2009.06.02 14:11:56.604,0.90275,0.9029,4.80,6.80
2009.06.02 14:11:56.904,0.90265,0.9029,4.40,11.20
2009.06.02 14:11:57.254,0.9026,0.9029,2.40,7.40
2009.06.02 14:11:57.604,0.9026,0.90275,13.20,1.00
2009.06.02 14:11:58.024,0.9026,0.90275,6.80,1.00
2009.06.02 14:11:58.363,0.90225,0.9026,2.40,1.20
2009.06.02 14:11:58.753,0.9022,0.9025,5.00,1.20
2009.06.02 14:11:59.083,0.9022,0.9025,4.00,1.20
2009.06.02 14:11:59.443,0.9023,0.9025,2.40,1.20
2009.06.02 14:11:59.843,0.9023,0.9024,8.40,1.20
2009.06.02 14:12:00.193,0.9022,0.9024,6.00,1.20
2009.06.02 14:12:00.543,0.90215,0.9024,4.00,1.20
2009.06.02 14:12:00.933,0.90215,0.9024,2.40,1.20
2009.06.02 14:12:01.913,0.9022,0.9024,2.40,5.40
2009.06.02 14:12:02.243,0.90225,0.9024,2.40,5.40
2009.06.02 14:12:02.633,0.90225,0.9025,2.40,6.60
2009.06.02 14:12:03.033,0.9023,0.9025,2.40,6.60
2009.06.02 14:12:03.512,0.90235,0.90255,2.40,1.20
2009.06.02 14:12:04.702,0.90235,0.9026,2.40,1.20
2009.06.02 14:12:05.612,0.90235,0.90265,2.40,6.60
2009.06.02 14:12:06.062,0.90245,0.90265,2.40,6.60
2009.06.02 14:12:06.402,0.90245,0.90265,2.40,1.20
2009.06.02 14:12:07.081,0.9024,0.9026,2.40,1.20
2009.06.02 14:12:07.361,0.9024,0.9026,8.40,1.20
2009.06.02 14:12:07.541,0.9023,0.9024,11.00,1.20
2009.06.02 14:12:07.941,0.9024,0.9025,6.80,4.00
2009.06.02 14:12:08.231,0.90205,0.90235,11.40,1.20
2009.06.02 14:12:08.411,0.90205,0.90235,2.40,1.20
2009.06.02 14:12:09.261,0.9022,0.90235,2.40,1.20
2009.06.02 14:12:09.611,0.90215,0.9023,3.20,1.20
2009.06.02 14:12:09.891,0.90215,0.9023,4.20,1.20
2009.06.02 14:12:10.171,0.90215,0.9023,1.20,1.20
2009.06.02 14:12:10.461,0.9021,0.9023,6.60,1.20
2009.06.02 14:12:10.881,0.90215,0.9023,2.40,1.20
2009.06.02 14:12:11.511,0.9021,0.9023,2.40,1.20
2009.06.02 14:12:12.410,0.9021,0.9023,3.40,1.20
2009.06.02 14:12:12.760,0.90215,0.90245,6.80,2.80
2009.06.02 14:12:13.090,0.90215,0.90245,6.80,1.20
2009.06.02 14:12:13.430,0.90215,0.90245,7.80,1.20
2009.06.02 14:12:13.720,0.90215,0.90245,7.80,6.60
2009.06.02 14:12:14.120,0.9021,0.9024,5.00,6.60
2009.06.02 14:12:14.470,0.9021,0.9024,6.60,6.60
2009.06.02 14:12:14.820,0.9021,0.9024,13.60,1.20
2009.06.02 14:12:15.340,0.9021,0.9023,6.80,1.20
2009.06.02 14:12:15.689,0.9021,0.9024,10.40,1.20
2009.06.02 14:12:16.150,0.9021,0.9023,7.80,1.20
2009.06.02 14:12:16.209,0.9021,0.9023,3.40,1.20
2009.06.02 14:12:16.510,0.9021,0.9023,13.60,1.20
2009.06.02 14:12:16.679,0.9021,0.9023,8.20,1.20
2009.06.02 14:12:17.019,0.9021,0.9023,11.00,1.20
2009.06.02 14:12:17.369,0.90205,0.9023,5.60,1.20
2009.06.02 14:12:17.729,0.90205,0.90225,5.00,1.20
2009.06.02 14:12:18.199,0.902,0.9022,12.40,1.20
2009.06.02 14:12:18.479,0.902,0.90225,4.00,1.20
2009.06.02 14:12:18.809,0.902,0.90225,2.40,1.20
2009.06.02 14:12:19.978,0.90205,0.9023,2.40,1.20
2009.06.02 14:12:20.308,0.90205,0.9023,3.40,1.20
2009.06.02 14:12:21.068,0.90205,0.9023,2.40,1.20
2009.06.02 14:12:22.388,0.902,0.90225,2.40,1.20
2009.06.02 14:12:23.107,0.90205,0.9023,2.40,6.60
2009.06.02 14:12:23.338,0.90215,0.9023,5.80,2.60
2009.06.02 14:12:23.678,0.90215,0.90235,5.80,2.60
2009.06.02 14:12:23.967,0.9022,0.9024,2.40,1.20
2009.06.02 14:12:25.297,0.90225,0.90245,2.40,1.20
2009.06.02 14:12:25.647,0.90225,0.90245,2.80,1.20
2009.06.02 14:12:25.967,0.90225,0.90245,2.40,1.20
2009.06.02 14:12:26.367,0.9023,0.9025,2.40,1.20
2009.06.02 14:12:27.566,0.90235,0.9025,2.40,1.20
2009.06.02 14:12:29.616,0.9023,0.90245,2.40,1.20
2009.06.02 14:12:30.016,0.9023,0.9025,2.40,1.20
2009.06.02 14:12:30.426,0.9023,0.9025,4.00,1.20
2009.06.02 14:12:30.826,0.90235,0.9025,4.60,1.20
2009.06.02 14:12:31.925,0.9024,0.90255,1.40,6.60
2009.06.02 14:12:32.165,0.9024,0.9026,4.60,1.20
2009.06.02 14:12:33.175,0.9024,0.9025,1.60,1.20
2009.06.02 14:12:33.355,0.90235,0.90255,7.00,1.20
2009.06.02 14:12:33.855,0.90235,0.9026,5.00,6.60
2009.06.02 14:12:34.445,0.9024,0.9026,2.40,1.00
2009.06.02 14:12:34.865,0.90235,0.90255,13.60,1.20
2009.06.02 14:12:35.375,0.90235,0.90255,3.40,1.20
2009.06.02 14:12:35.835,0.9024,0.9026,2.40,1.20
2009.06.02 14:12:36.644,0.90235,0.9026,5.60,1.20
2009.06.02 14:12:36.914,0.90235,0.9026,2.80,1.20
2009.06.02 14:12:37.274,0.9024,0.90265,4.00,6.60
2009.06.02 14:12:37.574,0.9024,0.90265,4.00,1.20
2009.06.02 14:12:37.914,0.9024,0.90265,2.40,1.20
2009.06.02 14:12:38.244,0.9024,0.9027,2.40,1.20
2009.06.02 14:12:38.414,0.9024,0.9027,5.00,1.20
2009.06.02 14:12:38.704,0.90245,0.9027,2.40,1.20
2009.06.02 14:12:39.004,0.90245,0.9027,2.80,1.20
2009.06.02 14:12:39.353,0.90245,0.9027,2.40,1.20
2009.06.02 14:12:41.493,0.9025,0.9027,2.40,1.20
2009.06.02 14:12:41.613,0.90245,0.9027,2.40,1.20
2009.06.02 14:12:41.733,0.90245,0.9027,2.80,1.20
2009.06.02 14:12:41.843,0.90245,0.9027,2.40,1.20
2009.06.02 14:12:42.793,0.90245,0.9027,10.40,1.20
2009.06.02 14:12:43.692,0.90245,0.9027,4.40,1.20
2009.06.02 14:12:43.913,0.90245,0.9027,2.80,1.20
2009.06.02 14:12:44.293,0.90245,0.9027,14.00,1.20
2009.06.02 14:12:44.692,0.9025,0.90275,2.40,1.20
2009.06.02 14:12:45.542,0.9026,0.90275,2.40,1.20
2009.06.02 14:12:46.002,0.9025,0.90275,2.40,1.20
2009.06.02 14:12:46.472,0.90245,0.9027,2.80,1.20
2009.06.02 14:12:46.932,0.90245,0.90265,10.40,1.20
2009.06.02 14:12:47.222,0.9024,0.9026,4.00,1.20
2009.06.02 14:12:47.522,0.9024,0.9026,2.40,1.20
2009.06.02 14:12:48.032,0.90235,0.9025,8.80,1.20
2009.06.02 14:12:48.272,0.90235,0.90245,6.80,2.00
2009.06.02 14:12:48.611,0.90235,0.9024,6.80,1.20
2009.06.02 14:12:48.951,0.9019,0.90225,4.00,5.40
2009.06.02 14:12:49.281,0.90195,0.90215,1.60,1.20
2009.06.02 14:12:49.621,0.90185,0.90215,2.40,1.20
2009.06.02 14:12:49.961,0.902,0.9022,2.40,1.20
2009.06.02 14:12:50.301,0.9021,0.9022,1.40,1.20
2009.06.02 14:12:50.671,0.90215,0.9022,2.60,5.40
2009.06.02 14:12:51.011,0.90215,0.9022,3.70,5.40
2009.06.02 14:12:51.301,0.9022,0.90235,2.40,4.20
2009.06.02 14:12:51.751,0.9022,0.90245,2.40,5.60
2009.06.02 14:12:52.160,0.9022,0.90245,2.40,1.20
2009.06.02 14:12:52.630,0.9022,0.90245,3.40,1.20
2009.06.02 14:12:53.270,0.90225,0.90245,2.40,1.20
2009.06.02 14:12:53.630,0.9022,0.9024,2.40,1.20
2009.06.02 14:12:53.970,0.9022,0.90245,3.40,6.60
2009.06.02 14:12:54.210,0.90225,0.90255,4.00,9.40
2009.06.02 14:12:54.500,0.90225,0.9025,5.00,5.40
2009.06.02 14:12:55.360,0.9023,0.9025,2.40,5.40
2009.06.02 14:12:55.710,0.9023,0.90255,2.40,6.60
2009.06.02 14:12:56.060,0.90235,0.90255,2.40,6.60
2009.06.02 14:12:57.629,0.90235,0.90255,2.40,1.20
2009.06.02 14:12:59.139,0.90235,0.90255,3.40,1.20
2009.06.02 14:12:59.489,0.90235,0.90255,8.20,1.20
2009.06.02 14:13:00.308,0.90235,0.90255,13.60,1.20
2009.06.02 14:13:00.868,0.90235,0.90255,2.40,1.20
2009.06.02 14:13:01.268,0.90235,0.90255,2.00,1.20
2009.06.02 14:13:01.499,0.9023,0.90255,13.60,1.20
2009.06.02 14:13:01.889,0.9023,0.90255,3.40,1.20
2009.06.02 14:13:02.658,0.90235,0.90255,2.40,1.20
2009.06.02 14:13:02.948,0.9023,0.90255,5.00,1.20
2009.06.02 14:13:03.278,0.9023,0.90255,8.20,1.20
2009.06.02 14:13:03.608,0.9023,0.9025,9.40,1.00
2009.06.02 14:13:03.718,0.9023,0.9024,3.20,1.20
2009.06.02 14:13:03.887,0.9022,0.9024,6.80,1.20
2009.06.02 14:13:04.188,0.90225,0.90245,6.80,1.20
2009.06.02 14:13:04.538,0.9022,0.90245,15.20,1.20
2009.06.02 14:13:04.948,0.9022,0.90245,12.00,1.20
2009.06.02 14:13:05.237,0.9022,0.90245,5.00,1.20
2009.06.02 14:13:05.527,0.9023,0.9025,2.40,6.60
2009.06.02 14:13:05.977,0.90225,0.9025,2.40,1.20
2009.06.02 14:13:06.327,0.9023,0.90255,2.60,1.20
2009.06.02 14:13:06.667,0.9023,0.90255,3.40,1.20
2009.06.02 14:13:07.707,0.90235,0.90255,3.40,1.20
2009.06.02 14:13:07.887,0.90235,0.9026,3.40,5.40
2009.06.02 14:13:08.127,0.9024,0.9026,2.40,5.40
2009.06.02 14:13:08.467,0.9024,0.90265,2.40,6.60
2009.06.02 14:13:09.166,0.9024,0.9027,4.00,6.60
2009.06.02 14:13:09.706,0.9024,0.9026,1.60,1.20
2009.06.02 14:13:10.106,0.9024,0.90265,2.40,1.20
2009.06.02 14:13:12.415,0.90235,0.90265,15.60,1.20
2009.06.02 14:13:12.766,0.9024,0.9026,2.40,1.20
2009.06.02 14:13:13.445,0.90235,0.90255,4.00,1.20
2009.06.02 14:13:13.795,0.90235,0.90255,5.60,1.20
2009.06.02 14:13:14.425,0.90245,0.90265,2.40,1.20
2009.06.02 14:13:14.875,0.9024,0.90265,13.60,1.20
2009.06.02 14:13:15.285,0.9024,0.90265,12.00,1.20
2009.06.02 14:13:15.785,0.9025,0.90265,4.60,1.20
2009.06.02 14:13:16.185,0.90245,0.90265,3.40,1.20
2009.06.02 14:13:16.465,0.90245,0.9027,3.40,1.20
2009.06.02 14:13:16.755,0.9024,0.90265,8.20,1.20
2009.06.02 14:13:17.045,0.90245,0.9027,1.60,1.20
2009.06.02 14:13:17.324,0.90245,0.9027,4.00,1.20
2009.06.02 14:13:17.655,0.90245,0.90265,2.40,1.20
2009.06.02 14:13:18.094,0.90245,0.90255,6.80,1.20
2009.06.02 14:13:18.555,0.90245,0.9025,2.00,1.20
2009.06.02 14:13:19.014,0.90235,0.9025,2.40,1.20
2009.06.02 14:13:19.404,0.9024,0.9025,6.80,1.20
2009.06.02 14:13:19.704,0.90235,0.9025,8.40,1.20
2009.06.02 14:13:19.984,0.90235,0.90245,4.60,1.20
2009.06.02 14:13:20.274,0.90235,0.90245,3.20,1.20
2009.06.02 14:13:20.554,0.9023,0.90245,10.00,1.20
2009.06.02 14:13:20.904,0.9023,0.9024,10.00,1.20
2009.06.02 14:13:21.294,0.9023,0.90245,8.40,1.20
2009.06.02 14:13:21.803,0.9023,0.90245,4.80,1.20
2009.06.02 14:13:22.213,0.90225,0.90245,4.60,1.20
2009.06.02 14:13:22.663,0.90225,0.90245,1.40,1.20
2009.06.02 14:13:23.003,0.90225,0.90245,3.00,1.20
2009.06.02 14:13:23.393,0.90225,0.90245,1.40,1.20
2009.06.02 14:13:23.733,0.9022,0.90245,4.00,1.20
2009.06.02 14:13:24.203,0.90225,0.90245,4.00,1.20
2009.06.02 14:13:24.493,0.9023,0.9025,4.00,4.20
2009.06.02 14:13:24.723,0.90235,0.90255,4.60,6.60
2009.06.02 14:13:25.083,0.9024,0.90255,2.40,5.40
2009.06.02 14:13:25.622,0.9024,0.9026,4.00,1.20
2009.06.02 14:13:25.973,0.9024,0.9026,2.40,1.20
2009.06.02 14:13:29.032,0.90235,0.9026,8.20,1.20
2009.06.02 14:13:29.741,0.90245,0.90265,3.00,5.40
2009.06.02 14:13:30.081,0.90255,0.90265,2.40,1.00
2009.06.02 14:13:30.411,0.90255,0.9028,2.40,1.20
2009.06.02 14:13:30.771,0.90255,0.9028,5.00,1.20
2009.06.02 14:13:31.121,0.90255,0.9028,3.40,1.20
2009.06.02 14:13:31.821,0.90255,0.9028,5.00,1.20
2009.06.02 14:13:32.511,0.90255,0.90285,14.00,1.20
2009.06.02 14:13:32.751,0.90255,0.90285,13.60,1.20
2009.06.02 14:13:33.221,0.90255,0.90285,8.20,6.60
2009.06.02 14:13:33.401,0.90255,0.90285,8.80,6.60
2009.06.02 14:13:33.571,0.90255,0.90285,14.00,6.60
2009.06.02 14:13:33.991,0.90255,0.90285,13.60,6.60
2009.06.02 14:13:34.271,0.90255,0.9028,13.60,1.20
2009.06.02 14:13:34.570,0.90255,0.9028,11.00,1.20
2009.06.02 14:13:34.860,0.90255,0.9028,7.80,1.20
2009.06.02 14:13:35.490,0.90255,0.9028,1.20,1.20
2009.06.02 14:13:35.760,0.90255,0.9028,2.60,1.20
2009.06.02 14:13:36.000,0.90255,0.9028,4.20,1.20
2009.06.02 14:13:36.300,0.90255,0.9028,4.20,1.20
2009.06.02 14:13:36.590,0.90255,0.9028,1.20,2.00
2009.06.02 14:13:36.870,0.9025,0.90275,5.00,1.20
2009.06.02 14:13:37.210,0.9025,0.9027,4.00,1.20
2009.06.02 14:13:37.500,0.90255,0.9027,1.40,1.20
2009.06.02 14:13:37.921,0.90255,0.90275,3.00,1.20
2009.06.02 14:13:38.380,0.9025,0.90275,5.00,1.20
2009.06.02 14:13:38.940,0.90255,0.90275,4.60,1.20
2009.06.02 14:13:39.300,0.90255,0.90275,10.00,1.20
2009.06.02 14:13:40.959,0.9026,0.90275,4.60,1.20
2009.06.02 14:13:41.479,0.90255,0.9028,3.40,2.00
2009.06.02 14:13:41.658,0.90255,0.9028,3.40,1.20
2009.06.02 14:13:41.988,0.9026,0.9028,4.60,1.20
2009.06.02 14:13:43.478,0.9026,0.90275,4.60,1.20
2009.06.02 14:13:43.578,0.9026,0.90275,1.60,1.20
2009.06.02 14:13:43.798,0.90255,0.90275,10.00,1.20
2009.06.02 14:13:43.858,0.90255,0.90275,8.40,1.20
2009.06.02 14:13:44.378,0.90255,0.90275,4.60,1.20
2009.06.02 14:13:45.418,0.9025,0.90275,4.00,1.20
2009.06.02 14:13:45.877,0.9025,0.9028,4.00,7.40
2009.06.02 14:13:46.218,0.9025,0.9028,4.00,6.40
2009.06.02 14:13:46.268,0.9025,0.9028,4.00,2.00
2009.06.02 14:13:46.567,0.9025,0.9028,4.00,1.20
2009.06.02 14:13:48.117,0.9025,0.9028,4.00,2.00
2009.06.02 14:13:49.247,0.90255,0.9028,10.00,2.00
2009.06.02 14:13:49.467,0.9026,0.9028,4.60,1.00
2009.06.02 14:13:49.747,0.9026,0.90285,4.60,1.20
2009.06.02 14:13:50.047,0.9026,0.90285,10.00,1.20
2009.06.02 14:13:51.066,0.9026,0.90275,6.80,1.20
2009.06.02 14:13:51.347,0.9025,0.90265,5.20,1.20
2009.06.02 14:13:51.576,0.90245,0.90265,10.00,1.20
2009.06.02 14:13:52.376,0.90245,0.90265,5.20,1.20
2009.06.02 14:13:52.496,0.90245,0.90265,4.60,1.20
2009.06.02 14:13:52.776,0.90235,0.90265,13.00,1.20
2009.06.02 14:13:52.896,0.90235,0.90265,11.40,1.20
2009.06.02 14:13:53.066,0.90235,0.9026,9.40,1.20
2009.06.02 14:13:53.356,0.9024,0.9026,11.60,1.20
2009.06.02 14:13:54.096,0.9024,0.9026,6.80,1.20
2009.06.02 14:13:54.496,0.9024,0.9026,4.80,1.20
2009.06.02 14:13:56.525,0.9024,0.9026,9.40,1.20
2009.06.02 14:13:57.315,0.9024,0.9026,4.80,1.20
2009.06.02 14:13:57.785,0.9024,0.90255,3.00,1.20
2009.06.02 14:13:58.245,0.90235,0.9026,8.20,1.20
2009.06.02 14:13:58.475,0.90245,0.90265,4.60,1.20
2009.06.02 14:13:58.655,0.9025,0.9027,1.40,1.20
2009.06.02 14:13:58.895,0.9025,0.9027,3.00,1.20
2009.06.02 14:13:59.124,0.9025,0.90265,1.60,1.20
2009.06.02 14:13:59.354,0.9025,0.90265,3.00,1.20
2009.06.02 14:13:59.644,0.90245,0.90255,6.80,1.20
2009.06.02 14:13:59.984,0.90245,0.9026,2.00,1.20
2009.06.02 14:14:00.394,0.9024,0.9026,16.00,1.20
2009.06.02 14:14:00.694,0.9024,0.9026,10.80,1.20
2009.06.02 14:14:01.034,0.9024,0.90255,1.20,1.20
2009.06.02 14:14:01.314,0.9024,0.90255,4.40,1.20
2009.06.02 14:14:01.664,0.9024,0.90255,4.40,1.20
2009.06.02 14:14:02.104,0.9024,0.90255,1.20,1.20
2009.06.02 14:14:02.324,0.90235,0.90255,10.80,1.20
2009.06.02 14:14:02.614,0.90235,0.90255,6.00,1.20
2009.06.02 14:14:06.753,0.9024,0.90255,1.40,1.20
2009.06.02 14:14:06.982,0.9024,0.9025,4.60,1.20
2009.06.02 14:14:07.322,0.9023,0.9025,1.80,2.00
2009.06.02 14:14:07.672,0.9023,0.90245,4.60,1.20
2009.06.02 14:14:08.012,0.9023,0.90245,1.60,1.20
2009.06.02 14:14:08.372,0.90225,0.90245,4.00,1.20
2009.06.02 14:14:08.612,0.9023,0.90245,1.40,1.20
2009.06.02 14:14:09.332,0.90225,0.90245,10.80,1.20
2009.06.02 14:14:09.622,0.90225,0.90245,12.40,1.20
2009.06.02 14:14:10.352,0.90225,0.90245,2.60,1.20
2009.06.02 14:14:10.702,0.90235,0.90255,3.40,5.40
2009.06.02 14:14:10.982,0.9024,0.9025,4.80,1.20
2009.06.02 14:14:11.212,0.9024,0.90255,6.80,1.20
2009.06.02 14:14:11.781,0.90235,0.90255,10.00,1.20
2009.06.02 14:14:12.021,0.90235,0.90255,5.20,1.20
2009.06.02 14:14:12.191,0.90235,0.90255,4.60,1.20
2009.06.02 14:14:13.171,0.90235,0.90255,10.00,1.20
2009.06.02 14:14:13.821,0.9023,0.90255,4.00,1.20
2009.06.02 14:14:14.101,0.9023,0.9026,4.00,1.20
2009.06.02 14:14:14.561,0.9024,0.90245,1.60,1.20
2009.06.02 14:14:14.970,0.9023,0.90245,1.40,1.20
2009.06.02 14:14:15.710,0.9023,0.90245,3.20,1.20
2009.06.02 14:14:16.121,0.90225,0.90245,6.00,1.20
2009.06.02 14:14:16.460,0.9023,0.90245,1.40,1.20
2009.06.02 14:14:16.630,0.90225,0.9025,3.40,1.20
2009.06.02 14:14:16.750,0.90235,0.9025,1.40,1.20
2009.06.02 14:14:17.040,0.90235,0.9025,4.60,1.20
2009.06.02 14:14:17.150,0.90225,0.90255,5.40,1.20
2009.06.02 14:14:17.440,0.90225,0.90255,11.60,1.20
2009.06.02 14:14:17.620,0.90225,0.9026,15.00,6.60
2009.06.02 14:14:17.840,0.90235,0.9026,1.20,6.60
2009.06.02 14:14:18.660,0.90235,0.90255,1.20,1.20
2009.06.02 14:14:20.589,0.90235,0.9025,1.20,1.20
2009.06.02 14:14:20.919,0.90225,0.90255,13.60,1.20
2009.06.02 14:14:21.329,0.90225,0.9025,9.20,1.20
2009.06.02 14:14:21.730,0.90225,0.90245,4.00,1.20
2009.06.02 14:14:22.589,0.9023,0.9024,6.00,1.20
2009.06.02 14:14:22.699,0.9023,0.9024,1.20,1.20
2009.06.02 14:14:23.049,0.90225,0.90245,6.00,1.20
2009.06.02 14:14:23.689,0.90225,0.90245,2.80,1.20
2009.06.02 14:14:23.909,0.90225,0.90245,6.00,1.20
2009.06.02 14:14:24.259,0.9022,0.90245,7.20,1.20
2009.06.02 14:14:24.678,0.9022,0.90245,5.60,1.20
2009.06.02 14:14:25.658,0.9022,0.90245,8.00,1.20
2009.06.02 14:14:26.008,0.90225,0.9025,9.20,1.20
2009.06.02 14:14:26.128,0.90225,0.9025,7.60,1.20
2009.06.02 14:14:26.918,0.90225,0.9025,2.80,1.20
2009.06.02 14:14:27.037,0.90225,0.90245,2.80,1.20
2009.06.02 14:14:27.258,0.9023,0.90245,1.20,1.20
2009.06.02 14:14:27.428,0.9023,0.90245,4.40,1.20
2009.06.02 14:14:27.598,0.9023,0.90245,2.80,1.20
2009.06.02 14:14:27.768,0.90225,0.9025,8.80,1.20
2009.06.02 14:14:28.777,0.90225,0.9025,10.40,1.20
2009.06.02 14:14:30.407,0.90225,0.9025,5.60,1.20
2009.06.02 14:14:30.737,0.90225,0.90245,5.60,1.20
2009.06.02 14:14:31.087,0.90225,0.9025,11.20,1.20
2009.06.02 14:14:31.377,0.90225,0.9025,12.80,1.20
2009.06.02 14:14:31.666,0.90225,0.9025,11.80,1.20
2009.06.02 14:14:32.066,0.90225,0.9025,12.80,1.20
2009.06.02 14:14:32.346,0.90225,0.9025,8.80,1.20
2009.06.02 14:14:32.787,0.90225,0.90245,4.00,1.20
2009.06.02 14:14:33.066,0.9023,0.90245,2.80,1.20
2009.06.02 14:14:33.276,0.90225,0.90245,5.40,1.20
2009.06.02 14:14:33.517,0.90225,0.90245,2.80,1.20
2009.06.02 14:14:33.866,0.9022,0.90245,7.00,1.20
2009.06.02 14:14:34.886,0.9022,0.90245,5.40,1.20
2009.06.02 14:14:35.515,0.90225,0.90245,1.20,1.20
2009.06.02 14:14:35.916,0.90225,0.90245,2.80,1.20
2009.06.02 14:14:36.145,0.90225,0.90245,6.00,1.20
2009.06.02 14:14:37.665,0.90225,0.90245,4.40,1.20
2009.06.02 14:14:37.845,0.90225,0.90245,2.80,1.20
2009.06.02 14:14:38.005,0.90225,0.90245,1.20,1.20
2009.06.02 14:14:38.355,0.90225,0.90245,3.00,1.20
2009.06.02 14:14:38.965,0.90225,0.90235,3.00,1.20
2009.06.02 14:14:39.265,0.90215,0.90235,3.00,1.20
2009.06.02 14:14:40.894,0.9021,0.9023,5.60,1.20
2009.06.02 14:14:41.245,0.9021,0.9023,3.00,1.20
2009.06.02 14:14:41.584,0.9021,0.9023,8.20,2.00
2009.06.02 14:14:41.754,0.90205,0.90215,3.00,1.20
2009.06.02 14:14:41.924,0.90205,0.9022,3.00,1.20
2009.06.02 14:14:42.044,0.902,0.9022,10.00,1.20
2009.06.02 14:14:42.275,0.9021,0.9022,6.80,1.20
2009.06.02 14:14:42.444,0.90205,0.90215,1.60,1.20
2009.06.02 14:14:42.654,0.90205,0.90225,3.00,6.60
2009.06.02 14:14:43.654,0.90205,0.90225,3.00,1.20
2009.06.02 14:14:44.343,0.902,0.9022,5.60,1.20
2009.06.02 14:14:44.683,0.90205,0.90225,3.00,1.20
2009.06.02 14:14:45.293,0.90195,0.9022,8.40,1.20
2009.06.02 14:14:45.623,0.902,0.9022,1.40,1.20
2009.06.02 14:14:46.073,0.90195,0.9022,4.00,1.20
2009.06.02 14:14:46.373,0.90195,0.9022,2.40,1.20
2009.06.02 14:14:47.123,0.902,0.9022,2.40,1.20
2009.06.02 14:14:47.463,0.902,0.90225,4.20,5.40
2009.06.02 14:14:47.703,0.90205,0.9023,2.40,6.60
2009.06.02 14:14:48.053,0.902,0.90225,2.40,1.20
2009.06.02 14:14:48.272,0.90195,0.9022,4.40,1.20
2009.06.02 14:14:48.503,0.90195,0.9022,2.80,1.20
2009.06.02 14:14:48.802,0.90195,0.9022,4.00,1.20
2009.06.02 14:14:49.142,0.90195,0.9022,3.80,1.20
2009.06.02 14:14:49.712,0.90195,0.9022,5.40,1.20
2009.06.02 14:14:50.092,0.90195,0.9022,4.00,1.20
2009.06.02 14:14:50.782,0.902,0.9022,4.00,1.20
2009.06.02 14:14:51.132,0.90205,0.90225,1.40,5.40
2009.06.02 14:14:51.482,0.902,0.9022,4.20,1.20
2009.06.02 14:14:51.952,0.90205,0.90225,2.40,1.20
2009.06.02 14:14:52.242,0.902,0.9023,2.40,6.60
2009.06.02 14:14:52.532,0.902,0.9023,2.40,1.20
2009.06.02 14:14:52.812,0.90205,0.9023,1.40,1.20
2009.06.02 14:14:53.301,0.90205,0.9023,4.60,1.20
2009.06.02 14:14:53.651,0.90205,0.90235,2.40,6.40
2009.06.02 14:14:54.112,0.9021,0.90235,4.20,6.40
2009.06.02 14:14:54.401,0.90215,0.9024,4.20,2.60
2009.06.02 14:14:54.871,0.9022,0.9024,2.40,2.60
2009.06.02 14:14:55.381,0.9022,0.90235,2.40,5.40
2009.06.02 14:14:55.731,0.9022,0.90255,3.80,8.00
2009.06.02 14:14:56.080,0.9022,0.90255,3.80,6.40
2009.06.02 14:14:56.771,0.90225,0.90255,1.20,7.60
2009.06.02 14:14:57.041,0.9022,0.90255,2.40,7.60
2009.06.02 14:14:57.160,0.9022,0.9025,2.40,1.20
2009.06.02 14:14:57.701,0.90225,0.9025,2.40,1.20
2009.06.02 14:14:58.280,0.90225,0.90255,2.40,7.60
2009.06.02 14:14:58.690,0.90225,0.90255,4.00,6.40
2009.06.02 14:14:59.150,0.9023,0.90255,1.40,6.40
2009.06.02 14:14:59.430,0.9023,0.90255,2.40,6.40
2009.06.02 14:14:59.670,0.9023,0.90255,2.40,1.20
2009.06.02 14:14:59.970,0.9023,0.90255,8.40,2.20
2009.06.02 14:15:00.200,0.9023,0.90245,6.80,1.20
2009.06.02 14:15:00.590,0.9022,0.9025,2.40,1.20
2009.06.02 14:15:00.929,0.90225,0.90255,4.60,7.60
2009.06.02 14:15:02.009,0.90225,0.90255,10.00,2.20
2009.06.02 14:15:02.519,0.9023,0.90255,4.60,2.20
2009.06.02 14:15:02.869,0.90245,0.9026,4.20,1.60
2009.06.02 14:15:03.159,0.90235,0.9026,5.00,1.20
2009.06.02 14:15:03.399,0.90235,0.90265,1.40,2.20
2009.06.02 14:15:03.849,0.90235,0.90265,1.00,2.20
2009.06.02 14:15:04.189,0.90235,0.9026,1.80,1.20
2009.06.02 14:15:04.479,0.9023,0.9025,9.20,1.20
2009.06.02 14:15:04.818,0.90225,0.9025,9.20,1.20
2009.06.02 14:15:05.149,0.9023,0.90245,6.80,1.20
2009.06.02 14:15:05.608,0.9022,0.90245,11.20,1.20
2009.06.02 14:15:06.118,0.90215,0.90245,6.40,1.20
2009.06.02 14:15:06.438,0.9022,0.90245,2.40,1.20
2009.06.02 14:15:06.888,0.90215,0.90245,4.80,1.20
2009.06.02 14:15:07.188,0.9022,0.90245,2.40,1.20
2009.06.02 14:15:07.538,0.90215,0.90245,2.80,1.20
2009.06.02 14:15:07.708,0.9022,0.90245,2.40,2.20
2009.06.02 14:15:08.008,0.9021,0.90235,11.20,1.20
2009.06.02 14:15:08.298,0.9021,0.90235,8.60,1.20
2009.06.02 14:15:08.678,0.90205,0.90235,4.40,1.20
2009.06.02 14:15:08.918,0.90205,0.90235,2.40,1.20
2009.06.02 14:15:09.198,0.90205,0.9024,1.20,8.00
2009.06.02 14:15:09.418,0.902,0.9024,7.20,12.00
2009.06.02 14:15:09.658,0.902,0.90235,5.80,2.60
2009.06.02 14:15:09.938,0.902,0.90235,5.80,1.20
2009.06.02 14:15:10.397,0.90205,0.9023,6.80,1.00
2009.06.02 14:15:10.917,0.902,0.9023,6.80,4.60
2009.06.02 14:15:11.197,0.9019,0.90225,2.40,1.20
2009.06.02 14:15:11.427,0.9019,0.9022,4.00,1.20
2009.06.02 14:15:11.767,0.9019,0.90225,2.40,6.40
2009.06.02 14:15:12.337,0.90205,0.90225,1.60,6.40
2009.06.02 14:15:12.787,0.902,0.90225,1.80,5.40
2009.06.02 14:15:13.237,0.902,0.90225,1.80,7.60
2009.06.02 14:15:13.526,0.902,0.90225,1.80,3.40
2009.06.02 14:15:13.866,0.90195,0.9022,1.80,1.20
2009.06.02 14:15:14.107,0.90185,0.9022,11.60,2.00
2009.06.02 14:15:14.517,0.90195,0.9021,2.00,2.60
2009.06.02 14:15:14.806,0.9019,0.90215,4.20,5.40
2009.06.02 14:15:15.096,0.90195,0.90215,1.20,5.40
2009.06.02 14:15:15.446,0.9019,0.9022,1.20,7.40
2009.06.02 14:15:16.096,0.9019,0.90215,1.20,4.20
2009.06.02 14:15:16.446,0.9019,0.90215,1.20,5.40
2009.06.02 14:15:16.856,0.90195,0.90215,4.20,5.40
2009.06.02 14:15:17.156,0.9019,0.90215,3.20,5.40
2009.06.02 14:15:17.425,0.9019,0.9022,1.20,7.40
2009.06.02 14:15:17.776,0.90185,0.9022,5.60,7.40
2009.06.02 14:15:18.005,0.90185,0.9022,5.60,11.20
2009.06.02 14:15:18.295,0.90185,0.90215,5.60,5.40
2009.06.02 14:15:18.995,0.9019,0.9021,1.20,1.20
2009.06.02 14:15:19.565,0.90185,0.9021,5.60,1.20
2009.06.02 14:15:19.795,0.9019,0.90215,1.80,6.60
2009.06.02 14:15:20.035,0.9019,0.90215,1.80,1.20
2009.06.02 14:15:20.605,0.9019,0.9021,1.20,1.20
2009.06.02 14:15:20.765,0.90185,0.9021,5.60,1.20
2009.06.02 14:15:21.225,0.90195,0.90215,2.40,1.20
2009.06.02 14:15:21.505,0.9021,0.90225,1.80,2.60
2009.06.02 14:15:22.154,0.9021,0.9022,1.80,5.40
2009.06.02 14:15:22.424,0.90205,0.9022,2.40,5.40
2009.06.02 14:15:22.664,0.90205,0.90225,2.80,5.40
2009.06.02 14:15:23.084,0.90205,0.9024,3.80,2.20
2009.06.02 14:15:23.554,0.90205,0.9024,2.80,8.40
2009.06.02 14:15:23.734,0.90205,0.9024,2.40,8.40
