2016.02.08 23:00:00.142,1.16987,1.17035,1.00,1.00
2016.02.08 23:00:00.295,1.17013,1.17065,1.12,1.12
2016.02.08 23:00:00.346,1.17013,1.17069,1.12,1.00
2016.02.08 23:00:00.397,1.17013,1.17069,1.37,1.00
2016.02.08 23:00:00.448,1.17013,1.17073,1.37,1.00
2016.02.08 23:00:00.499,1.17013,1.17073,1.37,1.00
2016.02.08 23:00:00.550,1.17018,1.17078,1.37,1.00
2016.02.08 23:00:00.647,1.17019,1.17076,1.37,1.00
2016.02.08 23:00:00.856,1.17024,1.17086,1.00,1.50
2016.02.08 23:00:01.283,1.17026,1.17086,1.00,1.37
2016.02.08 23:00:01.594,1.17025,1.17085,1.00,1.37
2016.02.08 23:00:01.648,1.1702,1.17078,1.00,1.12
2016.02.08 23:00:01.699,1.17016,1.17078,1.00,1.12
2016.02.08 23:00:01.750,1.17018,1.17078,1.00,1.00
2016.02.08 23:00:02.061,1.17023,1.17085,1.00,1.50
2016.02.08 23:00:02.112,1.17023,1.17085,1.37,1.50
2016.02.08 23:00:02.417,1.17029,1.17085,1.00,1.00
2016.02.08 23:00:02.650,1.1703,1.17087,1.00,1.00
2016.02.08 23:00:02.752,1.17028,1.17086,1.12,1.00
2016.02.08 23:00:02.854,1.17039,1.17096,1.37,1.00
2016.02.08 23:00:03.178,1.17046,1.17101,1.12,1.00
2016.02.08 23:00:03.383,1.17045,1.17103,1.00,1.00
2016.02.08 23:00:05.292,1.17045,1.17101,1.12,1.00
2016.02.08 23:00:05.394,1.1704,1.171,1.00,1.00
2016.02.08 23:00:05.496,1.17042,1.171,1.00,1.00
2016.02.08 23:00:05.975,1.17043,1.17094,1.00,1.00
2016.02.08 23:00:06.026,1.17028,1.17094,1.37,1.00
2016.02.08 23:00:06.077,1.17028,1.17096,1.50,1.00
2016.02.08 23:00:06.331,1.17026,1.17094,1.00,1.00
2016.02.08 23:00:06.634,1.17023,1.1709,1.00,1.00
2016.02.08 23:00:06.736,1.17023,1.17092,1.50,1.00
2016.02.08 23:00:06.838,1.17023,1.1709,1.00,1.00
2016.02.08 23:00:06.949,1.17023,1.17093,1.50,1.00
2016.02.08 23:00:07.102,1.17023,1.17091,1.00,1.00
2016.02.08 23:00:07.749,1.17024,1.17092,1.00,1.00
2016.02.08 23:00:08.054,1.17026,1.17094,1.00,1.00
2016.02.08 23:00:08.364,1.1703,1.17096,1.00,1.00
2016.02.08 23:00:08.902,1.17029,1.17096,1.00,1.00
2016.02.08 23:00:09.807,1.1703,1.17096,1.00,1.00
2016.02.08 23:00:10.115,1.1703,1.17093,1.00,1.00
2016.02.08 23:00:10.698,1.17028,1.17093,1.00,1.00
2016.02.08 23:00:10.800,1.17028,1.17095,1.00,1.00
2016.02.08 23:00:11.376,1.17032,1.17095,1.00,1.00
2016.02.08 23:00:11.900,1.1703,1.17095,1.00,1.00
2016.02.08 23:00:12.910,1.1703,1.17094,1.00,1.00
2016.02.08 23:00:13.317,1.1703,1.17092,1.00,1.00
2016.02.08 23:00:13.370,1.1703,1.17094,1.00,1.00
2016.02.08 23:00:13.900,1.17029,1.17094,1.00,1.00
2016.02.08 23:00:14.223,1.17031,1.17096,1.00,1.00
2016.02.08 23:00:14.477,1.17031,1.17098,1.00,1.00
2016.02.08 23:00:15.126,1.1704,1.17097,1.00,1.00
2016.02.08 23:00:15.278,1.17043,1.17104,1.00,1.00
2016.02.08 23:00:15.380,1.17044,1.17107,1.00,1.00
2016.02.08 23:00:15.584,1.1704,1.17107,1.00,1.00
2016.02.08 23:00:15.861,1.17042,1.17107,1.00,1.00
2016.02.08 23:00:16.189,1.17049,1.17108,1.00,1.00
2016.02.08 23:00:16.297,1.17047,1.17108,1.00,1.00
2016.02.08 23:00:16.399,1.17047,1.1711,1.00,1.00
2016.02.08 23:00:16.450,1.17049,1.1711,1.00,1.00
2016.02.08 23:00:16.501,1.17049,1.17112,1.00,1.00
2016.02.08 23:00:16.908,1.1705,1.17114,1.00,1.00
2016.02.08 23:00:17.212,1.17048,1.17114,1.00,1.00
2016.02.08 23:00:17.538,1.17053,1.17114,1.00,1.00
2016.02.08 23:00:17.624,1.17051,1.17114,1.00,1.00
2016.02.08 23:00:17.726,1.17043,1.17114,1.00,1.00
2016.02.08 23:00:17.777,1.17043,1.17108,1.00,1.00
2016.02.08 23:00:17.828,1.17041,1.17108,1.00,1.00
2016.02.08 23:00:17.879,1.17039,1.17113,1.00,1.00
2016.02.08 23:00:17.981,1.17048,1.17114,1.00,1.00
2016.02.08 23:00:18.518,1.17046,1.17115,1.00,1.50
2016.02.08 23:00:18.620,1.17048,1.17114,1.00,1.00
2016.02.08 23:00:18.945,1.17054,1.17108,1.00,1.00
2016.02.08 23:00:19.251,1.17051,1.17106,1.00,1.50
2016.02.08 23:00:19.353,1.17053,1.17106,1.00,1.00
2016.02.08 23:00:19.404,1.17053,1.17108,1.00,1.00
2016.02.08 23:00:19.759,1.17055,1.1711,1.00,1.00
2016.02.08 23:00:20.064,1.17052,1.17105,1.00,1.00
2016.02.08 23:00:20.753,1.17053,1.1711,1.00,1.00
2016.02.08 23:00:21.198,1.17057,1.17111,1.00,1.50
2016.02.08 23:00:22.128,1.17057,1.17108,1.00,1.00
2016.02.08 23:00:22.534,1.1706,1.17109,1.00,1.00
2016.02.08 23:00:25.532,1.1706,1.17108,1.00,1.00
2016.02.08 23:00:26.615,1.17061,1.17108,1.00,1.00
2016.02.08 23:00:26.927,1.17066,1.17107,1.00,1.00
2016.02.08 23:00:27.491,1.17066,1.17108,1.00,1.00
2016.02.08 23:00:28.969,1.17066,1.17114,1.00,1.00
2016.02.08 23:00:29.679,1.17068,1.17114,1.00,1.00
2016.02.08 23:00:29.934,1.17068,1.17117,1.00,1.00
2016.02.08 23:00:32.428,1.17069,1.17117,1.00,1.12
2016.02.08 23:00:32.530,1.17066,1.17117,1.00,1.87
2016.02.08 23:00:32.983,1.17063,1.17114,1.00,1.00
2016.02.08 23:00:35.406,1.17066,1.17117,1.00,1.00
2016.02.08 23:00:35.922,1.17066,1.17117,1.37,1.50
2016.02.08 23:00:36.896,1.17066,1.17115,1.00,1.00
2016.02.08 23:00:36.947,1.17061,1.17112,1.12,1.00
2016.02.08 23:00:39.136,1.17063,1.1711,1.00,1.00
2016.02.08 23:00:39.454,1.17061,1.17108,1.00,1.00
2016.02.08 23:00:41.027,1.17056,1.17106,1.00,1.00
2016.02.08 23:00:41.129,1.17061,1.17108,1.00,1.00
2016.02.08 23:00:43.307,1.17059,1.17104,1.00,1.00
2016.02.08 23:00:43.511,1.17059,1.17106,1.00,1.00
2016.02.08 23:00:44.041,1.17059,1.17107,1.00,1.00
2016.02.08 23:00:44.195,1.17056,1.17105,1.37,1.00
2016.02.08 23:00:44.552,1.17059,1.17107,1.00,1.50
2016.02.08 23:00:45.920,1.17059,1.17104,1.00,1.00
2016.02.08 23:00:46.225,1.17055,1.17102,1.00,1.00
2016.02.08 23:00:46.724,1.17055,1.17104,1.00,1.00
2016.02.08 23:00:47.080,1.17057,1.17103,1.00,1.00
2016.02.08 23:00:47.942,1.1706,1.17103,1.00,1.00
2016.02.08 23:00:48.044,1.17056,1.17103,1.00,1.00
2016.02.08 23:00:48.146,1.17054,1.17103,1.00,1.50
2016.02.08 23:00:48.400,1.17057,1.17102,1.00,1.00
2016.02.08 23:00:48.731,1.1706,1.17102,1.00,1.00
2016.02.08 23:00:49.326,1.17057,1.17102,1.00,1.00
2016.02.08 23:00:50.678,1.17057,1.17101,1.00,1.00
2016.02.08 23:00:51.447,1.17061,1.17101,1.00,1.00
2016.02.08 23:00:52.260,1.17061,1.17102,1.12,1.00
2016.02.08 23:00:53.605,1.17063,1.17102,1.00,1.00
2016.02.08 23:00:54.089,1.17057,1.17101,1.00,1.00
2016.02.08 23:00:55.966,1.17062,1.17102,1.00,1.00
2016.02.08 23:00:56.636,1.17062,1.171,1.00,1.00
2016.02.08 23:00:57.044,1.1706,1.17099,1.00,1.00
2016.02.08 23:01:00.127,1.17061,1.17099,1.00,1.00
2016.02.08 23:01:00.344,1.17064,1.171,1.00,1.00
2016.02.08 23:01:01.996,1.17064,1.17102,1.00,1.00
2016.02.08 23:01:02.589,1.17064,1.17103,1.00,1.00
2016.02.08 23:01:03.204,1.17065,1.17103,1.00,1.00
2016.02.08 23:01:03.750,1.17065,1.17104,1.00,1.00
2016.02.08 23:01:05.710,1.17065,1.17103,1.00,1.00
2016.02.08 23:01:07.763,1.17063,1.17103,1.00,1.00
2016.02.08 23:01:08.265,1.17061,1.17103,1.00,1.00
2016.02.08 23:01:08.816,1.17061,1.17102,1.00,1.00
2016.02.08 23:01:10.114,1.17061,1.17103,1.12,1.00
2016.02.08 23:01:10.165,1.17066,1.17103,1.00,1.00
2016.02.08 23:01:10.216,1.17066,1.17107,1.00,1.00
2016.02.08 23:01:10.471,1.17069,1.17106,1.00,1.00
2016.02.08 23:01:10.522,1.17069,1.17109,1.00,1.00
2016.02.08 23:01:11.057,1.17069,1.1711,1.00,1.00
2016.02.08 23:01:11.160,1.17065,1.1711,1.37,1.00
2016.02.08 23:01:11.212,1.17065,1.1711,1.00,1.00
2016.02.08 23:01:11.364,1.17063,1.1711,1.00,1.00
2016.02.08 23:01:11.573,1.17066,1.1711,1.00,1.00
2016.02.08 23:01:12.083,1.17066,1.17109,1.00,1.00
2016.02.08 23:01:12.888,1.17072,1.1711,1.00,1.00
2016.02.08 23:01:13.194,1.17072,1.17112,1.00,1.00
2016.02.08 23:01:13.882,1.17076,1.17117,1.00,1.00
2016.02.08 23:01:13.985,1.1708,1.17117,1.00,1.00
2016.02.08 23:01:14.139,1.17078,1.1712,1.00,1.00
2016.02.08 23:01:15.821,1.17078,1.1712,1.37,1.00
2016.02.08 23:01:16.539,1.17079,1.17121,1.37,1.00
2016.02.08 23:01:16.847,1.17088,1.17121,1.00,1.00
2016.02.08 23:01:17.102,1.17088,1.17125,1.00,1.00
2016.02.08 23:01:17.204,1.17088,1.17128,1.00,1.00
2016.02.08 23:01:18.439,1.17088,1.17127,1.00,1.00
2016.02.08 23:01:19.100,1.17088,1.17125,1.00,1.00
2016.02.08 23:01:19.839,1.17088,1.17126,1.00,1.00
2016.02.08 23:01:20.144,1.1709,1.17125,1.00,1.00
2016.02.08 23:01:20.843,1.1709,1.17124,1.00,1.00
2016.02.08 23:01:23.266,1.17089,1.17122,1.00,1.00
2016.02.08 23:01:23.572,1.17081,1.17122,1.00,1.00
2016.02.08 23:01:23.674,1.17077,1.17122,1.00,1.00
2016.02.08 23:01:24.251,1.17079,1.17122,1.00,1.00
2016.02.08 23:01:24.726,1.17079,1.1712,1.00,1.00
2016.02.08 23:01:24.778,1.17074,1.1712,1.00,1.00
2016.02.08 23:01:26.149,1.17078,1.1712,1.00,1.00
2016.02.08 23:01:26.454,1.17092,1.1712,1.00,1.00
2016.02.08 23:01:26.759,1.17096,1.17122,1.00,1.00
2016.02.08 23:01:26.861,1.17096,1.17125,1.00,1.00
2016.02.08 23:01:26.963,1.17096,1.17129,1.00,1.00
2016.02.08 23:01:28.077,1.17096,1.17128,1.00,1.00
2016.02.08 23:01:29.062,1.17096,1.17127,1.00,1.00
2016.02.08 23:01:30.264,1.17096,1.17128,1.00,1.00
2016.02.08 23:01:30.366,1.17096,1.1713,1.00,1.00
2016.02.08 23:01:30.773,1.17096,1.17133,1.00,1.00
2016.02.08 23:01:30.925,1.171,1.17133,1.00,1.00
2016.02.08 23:01:31.226,1.17097,1.17132,1.00,1.00
2016.02.08 23:01:31.938,1.17092,1.17132,1.37,1.00
2016.02.08 23:01:32.091,1.17092,1.17133,1.00,1.00
2016.02.08 23:01:32.484,1.17092,1.17131,1.00,1.00
2016.02.08 23:01:32.586,1.1709,1.17131,1.12,1.00
2016.02.08 23:01:33.058,1.17093,1.17131,1.00,1.00
2016.02.08 23:01:33.160,1.17088,1.17131,1.37,1.00
2016.02.08 23:01:33.698,1.17088,1.17131,1.00,1.00
2016.02.08 23:01:34.968,1.17088,1.17129,1.00,1.00
2016.02.08 23:01:35.482,1.17089,1.17129,1.00,1.00
2016.02.08 23:01:36.100,1.17089,1.17127,1.37,1.00
2016.02.08 23:01:36.640,1.17089,1.17128,1.00,1.00
2016.02.08 23:01:36.945,1.17094,1.17128,1.00,1.00
2016.02.08 23:01:37.249,1.17098,1.17128,1.00,1.00
2016.02.08 23:01:37.593,1.17098,1.17125,1.00,1.00
2016.02.08 23:01:39.186,1.17097,1.17125,1.00,1.00
2016.02.08 23:01:39.694,1.17097,1.17126,1.00,1.00
2016.02.08 23:01:39.746,1.17094,1.17126,1.00,1.00
2016.02.08 23:01:40.076,1.17094,1.17123,1.00,1.00
2016.02.08 23:01:41.213,1.17094,1.17122,1.00,1.00
2016.02.08 23:01:41.483,1.17092,1.17122,1.00,1.00
2016.02.08 23:01:42.829,1.17097,1.17123,1.00,1.00
2016.02.08 23:01:43.290,1.17101,1.17124,1.00,1.00
2016.02.08 23:01:44.782,1.17097,1.17124,1.00,1.00
2016.02.08 23:01:45.223,1.17102,1.17124,1.00,1.00
2016.02.08 23:01:45.442,1.17097,1.17124,1.00,1.00
2016.02.08 23:01:47.255,1.17097,1.17125,1.00,1.00
2016.02.08 23:01:49.305,1.17106,1.17125,1.00,1.00
2016.02.08 23:01:51.072,1.17106,1.17124,1.00,1.00
2016.02.08 23:01:51.433,1.17104,1.17124,1.00,1.00
2016.02.08 23:01:52.568,1.17104,1.17123,1.00,1.00
2016.02.08 23:01:52.869,1.17093,1.17123,1.00,1.00
2016.02.08 23:01:53.377,1.17093,1.17122,1.00,1.00
2016.02.08 23:01:55.673,1.17093,1.1712,1.00,1.00
2016.02.08 23:01:56.567,1.17093,1.17119,1.00,1.00
2016.02.08 23:01:57.068,1.17093,1.17118,1.00,1.00
2016.02.08 23:01:58.163,1.17093,1.17119,1.00,1.00
2016.02.08 23:01:58.317,1.17087,1.17119,1.00,1.00
2016.02.08 23:01:59.280,1.17087,1.17116,1.00,1.00
2016.02.08 23:02:00.451,1.17086,1.17116,1.12,1.00
2016.02.08 23:02:01.300,1.17086,1.17115,1.00,1.00
2016.02.08 23:02:01.403,1.17083,1.17116,1.00,1.00
2016.02.08 23:02:01.658,1.17083,1.17115,1.37,1.00
2016.02.08 23:02:01.965,1.17087,1.17115,1.00,1.00
2016.02.08 23:02:02.067,1.17087,1.17118,1.00,1.00
2016.02.08 23:02:04.586,1.17087,1.17117,1.00,1.00
2016.02.08 23:02:05.589,1.1709,1.17117,1.00,1.00
2016.02.08 23:02:09.601,1.1709,1.17125,1.00,1.00
2016.02.08 23:02:10.110,1.1709,1.17126,1.00,1.00
2016.02.08 23:02:12.833,1.17092,1.17126,1.00,1.00
2016.02.08 23:02:13.037,1.17092,1.17128,1.00,1.00
2016.02.08 23:02:13.170,1.17094,1.17128,1.00,1.00
2016.02.08 23:02:13.476,1.17096,1.17127,1.00,1.00
2016.02.08 23:02:13.731,1.17096,1.1713,1.00,1.00
2016.02.08 23:02:14.309,1.17099,1.1713,1.00,1.00
2016.02.08 23:02:16.822,1.17099,1.17128,1.00,1.00
2016.02.08 23:02:17.270,1.17101,1.17129,1.00,1.00
2016.02.08 23:02:17.596,1.17107,1.17129,1.00,1.00
2016.02.08 23:02:18.054,1.17107,1.17126,1.00,1.00
2016.02.08 23:02:18.359,1.17109,1.17125,1.00,1.00
2016.02.08 23:02:18.861,1.17108,1.17125,1.00,1.00
2016.02.08 23:02:19.014,1.17108,1.17148,1.00,1.00
2016.02.08 23:02:20.643,1.1711,1.17148,1.00,1.50
2016.02.08 23:02:21.087,1.17107,1.17148,1.00,1.50
2016.02.08 23:02:21.240,1.17104,1.17146,1.00,1.00
2016.02.08 23:02:21.644,1.17103,1.17143,1.00,1.00
2016.02.08 23:02:23.656,1.17101,1.17143,1.00,1.00
2016.02.08 23:02:26.920,1.17103,1.17143,1.00,1.00
2016.02.08 23:02:27.224,1.17107,1.17143,1.00,1.00
2016.02.08 23:02:27.912,1.17105,1.17143,1.00,1.00
2016.02.08 23:02:29.004,1.17107,1.17148,1.00,1.50
2016.02.08 23:02:29.267,1.17103,1.17148,1.00,1.00
2016.02.08 23:02:30.154,1.17103,1.17146,1.50,1.00
2016.02.08 23:02:30.461,1.17103,1.17123,1.50,1.00
2016.02.08 23:02:30.556,1.17103,1.17125,1.00,1.00
2016.02.08 23:02:31.245,1.17105,1.17125,1.00,1.00
2016.02.08 23:02:31.550,1.171,1.17127,1.37,1.00
2016.02.08 23:02:32.056,1.171,1.17127,1.00,1.00
2016.02.08 23:02:32.209,1.171,1.17125,1.00,1.00
2016.02.08 23:02:32.311,1.17096,1.17125,1.12,1.00
2016.02.08 23:02:33.020,1.17096,1.17126,1.12,1.00
2016.02.08 23:02:33.981,1.17096,1.17123,1.12,1.00
2016.02.08 23:02:34.490,1.17096,1.17124,1.00,1.00
2016.02.08 23:02:34.795,1.17098,1.17124,1.00,1.00
2016.02.08 23:02:34.846,1.17095,1.17124,1.00,1.00
2016.02.08 23:02:35.100,1.17098,1.17123,1.00,1.00
2016.02.08 23:02:35.992,1.17098,1.17122,1.00,1.00
2016.02.08 23:02:36.702,1.17101,1.17122,1.00,1.00
2016.02.08 23:02:36.854,1.17096,1.17122,1.00,1.00
2016.02.08 23:02:37.070,1.17091,1.17119,1.37,1.00
2016.02.08 23:02:38.003,1.17091,1.17123,1.37,1.00
2016.02.08 23:02:38.105,1.17091,1.17118,1.37,1.00
2016.02.08 23:02:38.611,1.17091,1.17118,1.37,1.00
2016.02.08 23:02:39.884,1.17091,1.17116,1.37,1.00
2016.02.08 23:02:40.226,1.17091,1.17117,1.00,1.00
2016.02.08 23:02:40.493,1.17094,1.17116,1.00,1.00
2016.02.08 23:02:41.000,1.1709,1.17116,1.00,1.00
2016.02.08 23:02:41.256,1.17092,1.17116,1.00,1.00
2016.02.08 23:02:43.225,1.17094,1.17116,1.00,1.00
2016.02.08 23:02:43.631,1.17094,1.17114,1.00,1.00
2016.02.08 23:02:45.224,1.17094,1.17115,1.00,1.00
2016.02.08 23:02:45.985,1.17096,1.17115,1.00,1.00
2016.02.08 23:02:46.514,1.17096,1.17116,1.00,1.00
2016.02.08 23:02:46.719,1.17096,1.1712,1.00,1.00
2016.02.08 23:02:47.026,1.17096,1.17116,1.00,1.00
2016.02.08 23:02:48.929,1.17095,1.17116,1.00,1.00
2016.02.08 23:02:50.247,1.17095,1.17115,1.00,1.00
2016.02.08 23:02:52.299,1.17095,1.17116,1.00,1.00
2016.02.08 23:02:52.837,1.17094,1.17116,1.00,1.00
2016.02.08 23:02:55.279,1.17094,1.17115,1.00,1.00
2016.02.08 23:02:55.792,1.17093,1.17115,1.00,1.00
2016.02.08 23:03:00.177,1.17093,1.17114,1.00,1.00
2016.02.08 23:03:00.685,1.17094,1.17114,1.00,1.00
2016.02.08 23:03:02.811,1.17093,1.17114,1.50,1.00
2016.02.08 23:03:04.263,1.17093,1.17116,1.50,1.00
2016.02.08 23:03:05.333,1.17094,1.17116,1.00,1.00
2016.02.08 23:03:07.464,1.17096,1.17116,1.00,1.00
2016.02.08 23:03:08.843,1.17096,1.17115,1.37,1.00
2016.02.08 23:03:09.351,1.17098,1.17115,1.00,1.00
2016.02.08 23:03:13.561,1.17099,1.17115,1.00,1.00
2016.02.08 23:03:14.103,1.17099,1.17116,1.00,1.00
2016.02.08 23:03:14.708,1.17099,1.17118,1.00,1.00
2016.02.08 23:03:15.973,1.17098,1.17118,1.00,1.00
2016.02.08 23:03:16.483,1.17098,1.17117,1.00,1.00
2016.02.08 23:03:17.306,1.17098,1.17119,1.00,1.00
2016.02.08 23:03:18.927,1.17098,1.17121,1.00,1.00
2016.02.08 23:03:19.434,1.17097,1.17121,1.00,1.00
2016.02.08 23:03:21.614,1.17097,1.1712,1.37,1.00
2016.02.08 23:03:21.817,1.17098,1.1712,1.00,1.00
2016.02.08 23:03:22.325,1.17097,1.1712,1.00,1.00
2016.02.08 23:03:22.477,1.17094,1.17119,1.00,1.00
2016.02.08 23:03:22.731,1.17092,1.17118,1.12,1.00
2016.02.08 23:03:23.267,1.17093,1.17119,1.00,1.00
2016.02.08 23:03:23.778,1.17093,1.17118,1.00,1.00
2016.02.08 23:03:24.133,1.17095,1.17117,1.00,1.00
2016.02.08 23:03:27.121,1.17091,1.17117,1.50,1.00
2016.02.08 23:03:27.669,1.17091,1.17114,1.00,1.00
2016.02.08 23:03:28.413,1.17093,1.17114,1.00,1.00
2016.02.08 23:03:29.736,1.17095,1.17113,1.00,1.00
2016.02.08 23:03:29.939,1.17092,1.17113,1.00,1.00
2016.02.08 23:03:30.092,1.17094,1.17114,1.00,1.00
2016.02.08 23:03:33.686,1.17094,1.17112,1.00,1.00
2016.02.08 23:03:35.014,1.17092,1.17112,1.00,1.00
2016.02.08 23:03:35.977,1.17092,1.17113,1.00,1.00
2016.02.08 23:03:36.231,1.1709,1.17112,1.00,1.00
2016.02.08 23:03:36.548,1.17093,1.17113,1.00,1.00
2016.02.08 23:03:36.807,1.17091,1.17113,1.00,1.00
2016.02.08 23:03:37.214,1.17094,1.17112,1.00,1.00
2016.02.08 23:03:41.075,1.17094,1.17116,1.00,1.00
2016.02.08 23:03:46.793,1.17092,1.17115,1.00,1.00
2016.02.08 23:03:47.993,1.17092,1.17114,1.00,1.00
2016.02.08 23:03:48.675,1.17091,1.17114,1.00,1.00
2016.02.08 23:03:48.777,1.17088,1.17114,1.00,1.00
2016.02.08 23:03:48.923,1.17091,1.17113,1.00,1.00
2016.02.08 23:03:49.127,1.17089,1.17114,1.00,1.00
2016.02.08 23:03:49.331,1.17087,1.17114,1.00,1.00
2016.02.08 23:03:49.993,1.1709,1.17113,1.00,1.00
2016.02.08 23:03:50.246,1.17086,1.17113,1.00,1.00
2016.02.08 23:03:50.655,1.17089,1.17113,1.00,1.00
2016.02.08 23:03:50.859,1.17085,1.17114,1.50,1.00
2016.02.08 23:03:50.962,1.1709,1.17113,1.00,1.00
2016.02.08 23:03:51.478,1.17089,1.17114,1.00,1.00
2016.02.08 23:03:52.394,1.17091,1.17114,1.00,1.00
2016.02.08 23:03:52.760,1.17095,1.1711,1.00,1.00
2016.02.08 23:03:52.965,1.17092,1.1711,1.00,1.00
2016.02.08 23:03:53.168,1.1709,1.1711,1.50,1.00
2016.02.08 23:03:53.220,1.1709,1.17114,1.50,1.00
2016.02.08 23:03:53.836,1.1709,1.17113,1.00,1.00
2016.02.08 23:03:54.800,1.17094,1.17113,1.00,1.00
2016.02.08 23:03:55.577,1.17091,1.17113,1.00,1.00
2016.02.08 23:03:55.932,1.17094,1.17112,1.00,1.00
2016.02.08 23:03:57.856,1.17094,1.17113,1.00,1.00
2016.02.08 23:03:58.617,1.17094,1.17112,1.00,1.00
2016.02.08 23:03:58.668,1.17084,1.17112,1.00,1.00
2016.02.08 23:03:58.719,1.17084,1.17113,1.37,1.00
2016.02.08 23:03:59.058,1.17093,1.17113,1.00,1.00
2016.02.08 23:04:00.326,1.1709,1.17115,1.00,1.00
2016.02.08 23:04:00.859,1.17089,1.17115,1.00,1.00
2016.02.08 23:04:01.977,1.17088,1.17115,1.00,1.00
2016.02.08 23:04:02.434,1.17089,1.17114,1.87,1.00
2016.02.08 23:04:02.537,1.1709,1.17114,1.00,1.00
2016.02.08 23:04:03.128,1.17091,1.17114,1.00,1.00
2016.02.08 23:04:06.145,1.17091,1.17113,1.00,1.00
2016.02.08 23:04:06.249,1.17088,1.17114,1.00,1.00
2016.02.08 23:04:06.989,1.17087,1.17114,1.00,1.00
2016.02.08 23:04:07.505,1.17086,1.17114,1.00,1.00
2016.02.08 23:04:08.189,1.17086,1.17113,1.00,1.00
2016.02.08 23:04:08.712,1.17085,1.17113,1.00,1.00
2016.02.08 23:04:09.245,1.17085,1.17114,1.00,1.00
2016.02.08 23:04:09.350,1.17087,1.17114,1.00,1.00
2016.02.08 23:04:10.070,1.17087,1.17111,1.00,1.00
2016.02.08 23:04:10.546,1.17085,1.17111,1.00,1.00
2016.02.08 23:04:12.400,1.17085,1.1711,1.00,1.00
2016.02.08 23:04:13.273,1.17087,1.1711,1.00,1.00
2016.02.08 23:04:14.611,1.17088,1.1711,1.00,1.00
2016.02.08 23:04:15.391,1.17088,1.17109,1.00,1.00
2016.02.08 23:04:16.507,1.17088,1.17107,1.00,1.00
2016.02.08 23:04:17.600,1.1708,1.17108,1.00,1.00
2016.02.08 23:04:18.115,1.17081,1.17108,1.00,1.00
2016.02.08 23:04:18.653,1.1708,1.17108,1.00,1.00
2016.02.08 23:04:18.915,1.17078,1.17108,1.87,1.00
2016.02.08 23:04:19.742,1.17078,1.17107,1.50,1.00
2016.02.08 23:04:20.350,1.17079,1.17108,1.00,1.00
2016.02.08 23:04:20.453,1.17079,1.17104,1.12,1.00
2016.02.08 23:04:20.708,1.17078,1.17106,1.12,1.00
2016.02.08 23:04:21.249,1.17079,1.17106,1.00,1.00
2016.02.08 23:04:21.757,1.1708,1.17106,1.00,1.00
2016.02.08 23:04:22.011,1.17084,1.17105,1.00,1.00
2016.02.08 23:04:22.547,1.17084,1.17106,1.00,1.00
2016.02.08 23:04:23.540,1.17084,1.17108,1.00,1.00
2016.02.08 23:04:24.084,1.17084,1.17109,1.00,1.00
2016.02.08 23:04:24.389,1.17079,1.17109,1.00,1.00
2016.02.08 23:04:24.943,1.17078,1.1711,1.50,1.00
2016.02.08 23:04:27.641,1.17078,1.17107,1.50,1.00
2016.02.08 23:04:28.151,1.17079,1.17107,1.00,1.00
2016.02.08 23:04:28.696,1.17077,1.17107,1.00,1.00
2016.02.08 23:04:29.657,1.17078,1.17107,1.00,1.00
2016.02.08 23:04:30.160,1.17077,1.17107,1.50,1.00
2016.02.08 23:04:35.899,1.1708,1.17108,1.00,1.00
2016.02.08 23:04:37.987,1.1708,1.17109,1.00,1.00
2016.02.08 23:04:38.295,1.17082,1.17109,1.00,1.00
2016.02.08 23:04:41.088,1.17082,1.1711,1.00,1.00
2016.02.08 23:04:41.139,1.1708,1.1711,1.00,1.00
2016.02.08 23:04:44.021,1.1708,1.17108,1.00,1.00
2016.02.08 23:04:47.133,1.1708,1.17107,1.00,1.00
2016.02.08 23:04:47.437,1.17082,1.17107,1.00,1.00
2016.02.08 23:04:48.041,1.1708,1.17108,1.00,1.00
2016.02.08 23:04:48.822,1.1708,1.17107,1.00,1.00
2016.02.08 23:04:49.277,1.17076,1.17108,1.00,1.00
2016.02.08 23:04:51.046,1.17073,1.17106,1.50,1.00
2016.02.08 23:04:51.302,1.17074,1.17099,1.00,1.00
2016.02.08 23:04:51.354,1.17069,1.17099,1.50,1.00
2016.02.08 23:04:53.999,1.17072,1.17099,1.00,1.00
2016.02.08 23:04:56.335,1.17072,1.17101,1.00,1.00
2016.02.08 23:04:57.077,1.17071,1.17101,1.00,1.00
2016.02.08 23:04:57.759,1.1707,1.17101,1.00,1.00
2016.02.08 23:04:58.302,1.17071,1.17101,1.00,1.50
2016.02.08 23:05:01.028,1.17068,1.17101,1.00,1.00
2016.02.08 23:05:01.944,1.17067,1.17101,1.00,1.00
2016.02.08 23:05:02.147,1.17066,1.17095,1.00,1.00
2016.02.08 23:05:02.659,1.17066,1.17096,1.00,1.00
2016.02.08 23:05:03.270,1.17066,1.17101,1.00,1.00
2016.02.08 23:05:03.822,1.17066,1.17102,1.00,1.50
2016.02.08 23:05:04.132,1.17071,1.17099,1.00,1.00
2016.02.08 23:05:04.543,1.17074,1.17099,1.00,1.00
2016.02.08 23:05:04.673,1.17074,1.17104,1.00,1.00
2016.02.08 23:05:04.775,1.17076,1.17104,1.00,1.00
2016.02.08 23:05:05.284,1.17076,1.17103,1.00,1.00
2016.02.08 23:05:05.336,1.17071,1.17103,1.00,1.00
2016.02.08 23:05:05.641,1.17071,1.17105,1.00,1.00
2016.02.08 23:05:07.065,1.17071,1.17102,1.00,1.00
2016.02.08 23:05:07.464,1.1707,1.17097,1.00,1.00
2016.02.08 23:05:08.097,1.17063,1.17097,1.50,1.00
2016.02.08 23:05:08.201,1.17067,1.17097,1.00,1.00
2016.02.08 23:05:10.822,1.17062,1.17097,1.50,1.00
2016.02.08 23:05:11.828,1.17066,1.17097,1.00,1.00
2016.02.08 23:05:12.683,1.17066,1.17099,1.00,1.00
2016.02.08 23:05:14.896,1.17064,1.17099,1.00,1.00
2016.02.08 23:05:15.879,1.17065,1.17099,1.00,1.00
2016.02.08 23:05:16.845,1.17064,1.17099,1.50,1.00
2016.02.08 23:05:17.393,1.17065,1.17099,1.00,1.00
2016.02.08 23:05:17.698,1.17064,1.17101,1.50,1.00
2016.02.08 23:05:17.750,1.17066,1.17101,1.00,1.00
2016.02.08 23:05:18.105,1.17068,1.17102,1.00,1.50
2016.02.08 23:05:19.652,1.17068,1.171,1.00,1.00
2016.02.08 23:05:20.295,1.17064,1.171,1.00,1.00
2016.02.08 23:05:20.498,1.17069,1.171,1.00,1.00
2016.02.08 23:05:23.468,1.17069,1.17101,1.00,1.00
2016.02.08 23:05:26.138,1.17067,1.17101,1.00,1.00
2016.02.08 23:05:26.341,1.17064,1.17101,1.00,1.00
2016.02.08 23:05:27.016,1.17064,1.17097,1.00,1.00
2016.02.08 23:05:27.424,1.17067,1.17097,1.00,1.00
2016.02.08 23:05:32.366,1.17067,1.17099,1.00,1.00
2016.02.08 23:05:36.549,1.17066,1.17099,1.00,1.00
2016.02.08 23:05:37.086,1.17066,1.17103,1.00,1.50
2016.02.08 23:05:39.321,1.17068,1.17103,1.00,1.50
2016.02.08 23:05:41.114,1.17068,1.17104,1.00,1.00
2016.02.08 23:05:41.418,1.17074,1.17104,1.00,1.00
2016.02.08 23:05:41.723,1.17076,1.17104,1.00,1.00
2016.02.08 23:05:42.658,1.17076,1.17105,1.00,1.00
2016.02.08 23:05:43.259,1.17071,1.17105,1.50,1.00
2016.02.08 23:05:43.918,1.17071,1.17107,1.50,1.00
2016.02.08 23:05:45.554,1.17071,1.17106,1.87,1.00
2016.02.08 23:05:45.874,1.17079,1.17107,1.00,1.00
2016.02.08 23:05:46.078,1.17079,1.17109,1.00,1.00
2016.02.08 23:05:52.198,1.17083,1.17109,1.00,1.00
2016.02.08 23:05:54.839,1.17081,1.17109,1.00,1.00
2016.02.08 23:05:54.913,1.17079,1.17109,1.00,1.00
2016.02.08 23:05:55.067,1.17075,1.17109,1.00,1.00
2016.02.08 23:05:57.264,1.17075,1.17108,1.00,1.00
2016.02.08 23:05:57.366,1.17071,1.17108,1.00,1.00
2016.02.08 23:05:57.468,1.17069,1.17108,1.50,1.00
2016.02.08 23:05:59.543,1.17072,1.17108,1.00,1.50
2016.02.08 23:05:59.957,1.17072,1.17104,1.00,1.00
2016.02.08 23:06:01.209,1.17068,1.17104,1.00,1.00
2016.02.08 23:06:05.000,1.17068,1.17105,1.00,1.00
2016.02.08 23:06:06.382,1.17069,1.17105,1.00,1.00
2016.02.08 23:06:09.367,1.17069,1.17104,1.00,1.00
2016.02.08 23:06:09.779,1.17067,1.17104,1.50,1.00
2016.02.08 23:06:11.564,1.17072,1.17104,1.00,1.00
2016.02.08 23:06:11.666,1.1707,1.17104,1.00,1.00
2016.02.08 23:06:13.621,1.17069,1.17105,1.00,1.00
2016.02.08 23:06:14.129,1.17068,1.17104,1.00,1.00
2016.02.08 23:06:15.068,1.17069,1.17104,1.00,1.00
2016.02.08 23:06:22.387,1.17067,1.17103,1.00,1.00
2016.02.08 23:06:23.666,1.17064,1.17086,1.00,1.00
2016.02.08 23:06:23.968,1.1704,1.17074,1.00,1.00
2016.02.08 23:06:24.019,1.17042,1.17074,1.00,1.00
2016.02.08 23:06:24.122,1.1704,1.17074,1.00,1.00
2016.02.08 23:06:24.173,1.1704,1.1708,1.00,1.00
2016.02.08 23:06:24.224,1.17044,1.1708,1.00,1.00
2016.02.08 23:06:24.531,1.17046,1.1708,1.00,1.00
2016.02.08 23:06:24.684,1.17048,1.17085,1.00,1.00
2016.02.08 23:06:24.888,1.17051,1.17085,1.00,1.00
2016.02.08 23:06:24.939,1.17051,1.17091,1.00,1.00
2016.02.08 23:06:24.990,1.17053,1.17091,1.00,1.00
2016.02.08 23:06:25.296,1.17055,1.17091,1.00,1.00
2016.02.08 23:06:25.347,1.17055,1.17096,1.37,1.00
2016.02.08 23:06:26.302,1.17057,1.17096,1.00,1.00
2016.02.08 23:06:26.810,1.17058,1.17096,1.00,1.00
2016.02.08 23:06:27.323,1.17057,1.17096,1.00,1.00
2016.02.08 23:06:27.640,1.17059,1.17096,1.00,1.00
2016.02.08 23:06:28.148,1.17058,1.17096,1.00,1.00
2016.02.08 23:06:28.452,1.17049,1.17084,1.00,1.00
2016.02.08 23:06:28.540,1.17049,1.17089,1.00,1.00
2016.02.08 23:06:28.592,1.17052,1.17089,1.00,1.00
2016.02.08 23:06:28.899,1.17054,1.17089,1.00,1.00
2016.02.08 23:06:29.206,1.17056,1.17089,1.00,1.00
2016.02.08 23:06:29.257,1.17056,1.17094,1.00,1.00
2016.02.08 23:06:29.308,1.17058,1.17094,1.00,1.00
2016.02.08 23:06:29.838,1.17057,1.17094,1.00,1.00
2016.02.08 23:06:30.347,1.17059,1.17094,1.00,1.00
2016.02.08 23:06:30.919,1.1706,1.17094,1.00,1.00
2016.02.08 23:06:31.467,1.17058,1.17094,1.50,1.00
2016.02.08 23:06:32.999,1.17057,1.17094,1.87,1.00
2016.02.08 23:06:34.266,1.17057,1.17096,1.87,1.00
2016.02.08 23:06:34.775,1.17059,1.17096,1.00,1.00
2016.02.08 23:06:35.009,1.17057,1.17096,1.87,1.00
2016.02.08 23:06:35.155,1.17059,1.17096,1.00,1.00
2016.02.08 23:06:35.667,1.1706,1.17096,1.00,1.00
2016.02.08 23:06:35.769,1.17053,1.17091,1.00,1.00
2016.02.08 23:06:36.124,1.1705,1.17086,1.00,1.00
2016.02.08 23:06:36.328,1.17048,1.17086,1.00,1.00
2016.02.08 23:06:36.868,1.1705,1.17086,1.00,1.00
2016.02.08 23:06:37.123,1.17048,1.17086,1.00,1.00
2016.02.08 23:06:38.227,1.17048,1.17094,1.00,1.00
2016.02.08 23:06:38.431,1.1705,1.17095,1.00,1.00
2016.02.08 23:06:38.736,1.17053,1.17095,1.00,1.00
2016.02.08 23:06:38.939,1.17053,1.17098,1.00,1.00
2016.02.08 23:06:39.476,1.17052,1.17098,1.00,1.00
2016.02.08 23:06:39.628,1.17053,1.17096,1.00,1.00
2016.02.08 23:06:40.432,1.17053,1.17095,1.00,1.00
2016.02.08 23:06:40.933,1.17052,1.17095,1.00,1.00
2016.02.08 23:06:42.843,1.17052,1.17096,1.00,1.00
2016.02.08 23:06:43.205,1.17054,1.17096,1.00,1.00
2016.02.08 23:06:43.793,1.17053,1.17096,1.00,1.00
2016.02.08 23:06:44.701,1.17052,1.17096,1.00,1.00
2016.02.08 23:06:45.247,1.17053,1.17096,1.00,1.00
2016.02.08 23:06:45.782,1.17052,1.17096,1.00,1.00
2016.02.08 23:06:46.137,1.1705,1.17095,1.50,1.00
2016.02.08 23:06:46.699,1.17049,1.17095,1.00,1.00
2016.02.08 23:06:47.404,1.17048,1.17095,1.00,1.00
2016.02.08 23:06:48.788,1.17047,1.17095,1.50,1.00
2016.02.08 23:06:49.144,1.17049,1.17095,1.00,1.00
2016.02.08 23:06:49.550,1.17047,1.17094,1.00,1.00
2016.02.08 23:06:50.075,1.17047,1.17093,1.50,1.00
2016.02.08 23:06:50.541,1.17049,1.17093,1.00,1.00
2016.02.08 23:06:50.999,1.17051,1.17093,1.00,1.00
2016.02.08 23:06:51.051,1.17058,1.17103,1.37,1.00
2016.02.08 23:06:51.178,1.17064,1.17106,1.00,1.00
2016.02.08 23:06:51.483,1.17067,1.17107,1.00,1.00
2016.02.08 23:06:51.787,1.17069,1.17106,1.00,1.00
2016.02.08 23:06:52.194,1.17071,1.17106,1.00,1.00
2016.02.08 23:06:52.729,1.17071,1.17107,1.00,1.00
2016.02.08 23:06:53.186,1.17069,1.17107,1.50,1.00
2016.02.08 23:06:53.288,1.17071,1.17107,1.00,1.00
2016.02.08 23:06:53.806,1.17071,1.17106,1.00,1.00
2016.02.08 23:06:54.368,1.17071,1.17107,1.50,1.00
2016.02.08 23:06:55.475,1.17072,1.17107,1.00,1.00
2016.02.08 23:06:55.987,1.17072,1.17108,1.00,1.00
2016.02.08 23:06:56.521,1.17073,1.17108,1.00,1.00
2016.02.08 23:06:57.026,1.17072,1.17108,1.00,1.00
2016.02.08 23:06:57.534,1.17073,1.17109,1.00,1.00
2016.02.08 23:06:58.036,1.17075,1.17108,1.00,1.00
2016.02.08 23:06:58.551,1.17075,1.17109,1.00,1.00
2016.02.08 23:06:58.703,1.17075,1.17111,1.00,1.00
2016.02.08 23:06:59.112,1.17073,1.17112,2.25,1.00
2016.02.08 23:06:59.976,1.17072,1.17112,1.00,1.00
2016.02.08 23:07:00.129,1.1707,1.17113,1.00,1.00
2016.02.08 23:07:00.652,1.17069,1.17114,1.00,1.37
2016.02.08 23:07:00.704,1.17065,1.17109,1.00,1.00
2016.02.08 23:07:01.029,1.17067,1.17109,1.00,1.00
2016.02.08 23:07:01.550,1.17066,1.17109,1.50,1.00
2016.02.08 23:07:02.080,1.17065,1.17109,1.00,1.00
2016.02.08 23:07:02.398,1.17069,1.17109,1.00,1.00
2016.02.08 23:07:02.601,1.17068,1.17111,1.50,1.00
2016.02.08 23:07:04.071,1.17068,1.17108,1.50,1.00
2016.02.08 23:07:05.930,1.17068,1.17106,1.00,1.00
2016.02.08 23:07:06.242,1.17065,1.17106,1.50,1.00
2016.02.08 23:07:07.968,1.17065,1.17105,1.50,1.00
2016.02.08 23:07:10.076,1.17065,1.17089,1.00,1.00
2016.02.08 23:07:10.127,1.17053,1.17088,1.87,1.00
2016.02.08 23:07:10.229,1.17052,1.17091,1.00,1.37
2016.02.08 23:07:10.280,1.17045,1.17091,1.37,1.00
2016.02.08 23:07:10.484,1.17044,1.17091,1.00,1.00
2016.02.08 23:07:10.586,1.17044,1.17085,1.00,1.00
2016.02.08 23:07:10.693,1.17044,1.17087,1.00,1.12
2016.02.08 23:07:10.795,1.17043,1.17091,1.00,1.00
2016.02.08 23:07:10.897,1.17046,1.17091,1.00,1.00
2016.02.08 23:07:10.948,1.17046,1.17095,1.50,1.00
2016.02.08 23:07:11.203,1.17053,1.171,1.00,1.00
2016.02.08 23:07:11.383,1.17054,1.17103,1.00,1.00
2016.02.08 23:07:11.435,1.17052,1.17103,1.00,1.50
2016.02.08 23:07:11.543,1.17056,1.17103,1.00,1.00
2016.02.08 23:07:11.849,1.17057,1.17101,1.00,1.00
2016.02.08 23:07:12.084,1.17058,1.17105,1.00,1.00
2016.02.08 23:07:12.389,1.1706,1.17105,1.00,1.50
2016.02.08 23:07:14.092,1.1706,1.17104,1.00,1.00
2016.02.08 23:07:15.358,1.17059,1.17104,1.00,1.00
2016.02.08 23:07:15.662,1.17061,1.17104,1.00,1.00
2016.02.08 23:07:16.178,1.17063,1.17104,1.00,1.00
2016.02.08 23:07:16.714,1.17063,1.17105,1.00,1.00
2016.02.08 23:07:17.558,1.17061,1.17105,1.00,1.00
2016.02.08 23:07:17.812,1.17063,1.17104,1.00,1.00
2016.02.08 23:07:18.667,1.17062,1.17104,1.00,1.00
2016.02.08 23:07:18.989,1.17064,1.17104,1.00,1.00
2016.02.08 23:07:19.266,1.17062,1.17104,1.00,1.00
2016.02.08 23:07:19.796,1.17061,1.17103,1.00,1.00
2016.02.08 23:07:20.423,1.17062,1.17103,1.00,1.00
2016.02.08 23:07:20.945,1.17061,1.17103,1.00,1.00
2016.02.08 23:07:22.857,1.17065,1.17103,1.00,1.00
2016.02.08 23:07:23.387,1.17064,1.17103,1.00,1.00
2016.02.08 23:07:23.896,1.17063,1.17103,1.12,1.00
2016.02.08 23:07:24.202,1.17069,1.17105,1.00,1.00
2016.02.08 23:07:24.354,1.17067,1.17106,1.00,1.00
2016.02.08 23:07:24.633,1.17069,1.17106,1.00,1.00
2016.02.08 23:07:24.844,1.17067,1.17106,1.00,1.00
2016.02.08 23:07:25.534,1.17067,1.17105,1.00,1.00
2016.02.08 23:07:25.636,1.1706,1.17106,1.00,1.00
2016.02.08 23:07:25.738,1.17063,1.17106,1.12,1.00
2016.02.08 23:07:26.087,1.17065,1.17105,1.00,1.00
2016.02.08 23:07:26.138,1.17064,1.17108,1.12,1.00
2016.02.08 23:07:26.291,1.17066,1.17108,1.00,1.00
2016.02.08 23:07:26.699,1.17068,1.17108,1.00,1.00
2016.02.08 23:07:28.057,1.17068,1.17107,1.00,1.00
2016.02.08 23:07:28.558,1.17069,1.17107,1.00,1.00
2016.02.08 23:07:28.746,1.17067,1.17107,1.00,1.00
2016.02.08 23:07:28.903,1.17064,1.17107,1.87,1.00
2016.02.08 23:07:29.211,1.17067,1.17107,1.00,1.00
2016.02.08 23:07:29.263,1.17067,1.17109,1.00,1.00
2016.02.08 23:07:29.314,1.1707,1.17109,1.00,1.00
2016.02.08 23:07:29.466,1.17067,1.1711,1.00,1.00
2016.02.08 23:07:29.569,1.17065,1.1711,1.50,1.00
2016.02.08 23:07:29.772,1.17064,1.17108,1.00,1.00
2016.02.08 23:07:30.517,1.17062,1.17108,1.12,1.00
2016.02.08 23:07:31.345,1.17062,1.17111,1.12,1.00
2016.02.08 23:07:31.673,1.17064,1.1711,1.00,1.00
2016.02.08 23:07:32.206,1.17063,1.17109,1.00,1.00
2016.02.08 23:07:32.419,1.17049,1.17096,1.12,1.00
2016.02.08 23:07:32.622,1.17048,1.17091,1.00,1.00
2016.02.08 23:07:32.673,1.17046,1.17091,1.00,1.00
2016.02.08 23:07:32.776,1.17044,1.17091,1.00,1.00
2016.02.08 23:07:32.827,1.17039,1.17091,1.00,1.50
2016.02.08 23:07:32.878,1.17046,1.17091,1.00,1.50
2016.02.08 23:07:33.386,1.17046,1.1709,1.00,1.00
2016.02.08 23:07:33.438,1.17043,1.1709,1.00,1.50
2016.02.08 23:07:33.538,1.17042,1.17088,1.00,1.00
2016.02.08 23:07:33.641,1.17041,1.1709,1.00,1.50
2016.02.08 23:07:33.692,1.17041,1.17087,1.00,1.00
2016.02.08 23:07:34.151,1.17041,1.17089,1.00,1.00
2016.02.08 23:07:34.202,1.17043,1.17089,1.00,1.00
2016.02.08 23:07:34.507,1.17043,1.17091,1.50,2.25
2016.02.08 23:07:35.044,1.17043,1.1709,1.12,1.50
2016.02.08 23:07:35.580,1.17043,1.17091,1.87,1.00
2016.02.08 23:07:36.153,1.17042,1.1709,1.00,1.00
2016.02.08 23:07:36.298,1.17045,1.17092,1.00,1.00
2016.02.08 23:07:36.502,1.17046,1.17094,1.50,1.00
2016.02.08 23:07:37.025,1.17046,1.17095,1.00,2.25
2016.02.08 23:07:37.285,1.17045,1.17093,1.00,1.00
2016.02.08 23:07:37.829,1.17046,1.17093,1.00,1.50
2016.02.08 23:07:38.039,1.17043,1.17092,1.00,1.00
2016.02.08 23:07:38.551,1.17042,1.17092,2.62,1.50
2016.02.08 23:07:39.127,1.17042,1.17091,1.50,1.00
2016.02.08 23:07:39.807,1.17047,1.17092,1.00,1.00
2016.02.08 23:07:39.910,1.17051,1.17097,1.00,1.00
2016.02.08 23:07:40.012,1.17056,1.17097,1.00,1.00
2016.02.08 23:07:40.364,1.17058,1.17098,1.00,1.00
2016.02.08 23:07:40.898,1.17056,1.17098,1.00,1.00
2016.02.08 23:07:41.070,1.17066,1.17098,1.00,1.00
2016.02.08 23:07:41.223,1.17071,1.17104,1.00,1.00
2016.02.08 23:07:41.328,1.17074,1.17107,1.00,1.00
2016.02.08 23:07:41.686,1.17074,1.17109,1.00,1.00
2016.02.08 23:07:41.991,1.17074,1.17111,1.50,1.00
2016.02.08 23:07:42.515,1.17074,1.17112,1.50,1.00
2016.02.08 23:07:43.067,1.17074,1.17111,1.00,1.00
2016.02.08 23:07:43.863,1.17075,1.17111,1.00,1.00
2016.02.08 23:07:44.218,1.17074,1.17091,1.00,1.00
2016.02.08 23:07:44.320,1.17064,1.17097,1.00,1.00
2016.02.08 23:07:44.414,1.17047,1.17089,1.00,1.00
2016.02.08 23:07:44.517,1.17048,1.17095,1.37,1.00
2016.02.08 23:07:44.621,1.17051,1.17099,1.00,1.00
2016.02.08 23:07:44.978,1.17053,1.171,1.00,1.00
2016.02.08 23:07:45.438,1.17054,1.17102,1.37,1.00
2016.02.08 23:07:45.587,1.1706,1.17105,1.00,1.00
2016.02.08 23:07:45.639,1.17062,1.17109,1.00,1.50
2016.02.08 23:07:45.741,1.17062,1.17106,1.00,1.00
2016.02.08 23:07:46.047,1.17071,1.17107,1.00,1.00
2016.02.08 23:07:46.555,1.17072,1.17107,1.00,1.00
2016.02.08 23:07:46.872,1.17074,1.17107,1.00,1.00
2016.02.08 23:07:47.381,1.17075,1.17108,1.50,1.00
2016.02.08 23:07:47.889,1.17076,1.17107,1.00,1.00
2016.02.08 23:07:48.408,1.17076,1.17108,1.00,1.00
2016.02.08 23:07:48.713,1.17081,1.17102,1.00,1.00
2016.02.08 23:07:48.816,1.17081,1.17104,1.00,1.00
2016.02.08 23:07:48.918,1.17054,1.17104,1.50,2.25
2016.02.08 23:07:48.970,1.17054,1.17102,1.50,1.00
2016.02.08 23:07:49.291,1.17057,1.17102,1.00,1.00
2016.02.08 23:07:49.361,1.17057,1.17104,1.00,1.50
2016.02.08 23:07:49.796,1.1706,1.17105,1.00,1.00
2016.02.08 23:07:49.847,1.1706,1.17107,1.00,1.50
2016.02.08 23:07:50.050,1.17063,1.17108,1.00,1.00
2016.02.08 23:07:50.355,1.17067,1.17105,1.00,1.00
2016.02.08 23:07:50.702,1.17072,1.17104,1.00,1.00
2016.02.08 23:07:51.007,1.17074,1.17104,1.00,1.00
2016.02.08 23:07:51.470,1.17077,1.17103,1.00,1.00
2016.02.08 23:07:51.777,1.17077,1.17109,1.37,1.00
2016.02.08 23:07:52.308,1.1708,1.17109,1.00,1.00
2016.02.08 23:07:52.764,1.17077,1.17108,1.87,1.00
2016.02.08 23:07:52.866,1.17078,1.17108,1.37,1.00
2016.02.08 23:07:53.044,1.17079,1.1711,1.12,1.00
2016.02.08 23:07:53.864,1.17081,1.1711,1.12,1.00
2016.02.08 23:07:54.371,1.1708,1.17111,1.00,1.00
2016.02.08 23:07:54.878,1.17079,1.1711,1.37,1.00
2016.02.08 23:07:55.183,1.17078,1.17111,1.00,1.00
2016.02.08 23:07:57.555,1.17078,1.17111,1.37,1.00
2016.02.08 23:07:59.990,1.1708,1.17112,1.37,1.00
2016.02.08 23:08:00.400,1.17078,1.17113,1.87,1.00
2016.02.08 23:08:00.451,1.17081,1.17113,1.00,1.00
2016.02.08 23:08:00.706,1.17079,1.17113,1.12,1.00
2016.02.08 23:08:00.961,1.17079,1.17112,1.87,1.00
2016.02.08 23:08:01.761,1.17082,1.17112,1.00,1.00
2016.02.08 23:08:02.282,1.17082,1.17112,1.37,1.00
2016.02.08 23:08:02.811,1.1708,1.17112,1.87,1.00
2016.02.08 23:08:03.792,1.17084,1.17113,1.12,1.00
2016.02.08 23:08:04.864,1.17082,1.17113,1.12,1.00
2016.02.08 23:08:05.422,1.1708,1.17112,1.37,1.00
2016.02.08 23:08:05.566,1.17082,1.17114,1.12,1.00
2016.02.08 23:08:06.173,1.17083,1.17114,1.00,1.00
2016.02.08 23:08:06.683,1.17083,1.17115,1.12,1.00
2016.02.08 23:08:09.298,1.17081,1.17114,1.00,1.00
2016.02.08 23:08:09.451,1.17079,1.17114,1.87,1.00
2016.02.08 23:08:10.099,1.17079,1.17111,1.00,1.00
2016.02.08 23:08:10.150,1.17076,1.17111,1.00,1.00
2016.02.08 23:08:10.252,1.1707,1.17112,1.00,1.00
2016.02.08 23:08:10.354,1.17068,1.17112,1.00,1.00
2016.02.08 23:08:10.990,1.17068,1.17109,1.00,1.00
2016.02.08 23:08:11.465,1.1707,1.17109,1.00,1.00
2016.02.08 23:08:11.770,1.17073,1.1711,1.50,1.00
2016.02.08 23:08:12.075,1.17074,1.17107,1.00,1.00
2016.02.08 23:08:12.433,1.17078,1.17109,1.12,1.00
2016.02.08 23:08:12.739,1.17082,1.17112,1.00,1.00
2016.02.08 23:08:13.095,1.17084,1.17111,1.00,1.00
2016.02.08 23:08:13.527,1.17086,1.17111,1.00,1.00
2016.02.08 23:08:13.672,1.17084,1.17111,1.00,1.00
2016.02.08 23:08:14.282,1.17079,1.17111,1.37,1.50
2016.02.08 23:08:14.333,1.17074,1.17111,1.00,1.50
2016.02.08 23:08:14.435,1.17069,1.17109,1.00,1.00
2016.02.08 23:08:14.536,1.17059,1.17107,1.00,1.00
2016.02.08 23:08:14.790,1.17059,1.17105,1.00,1.00
2016.02.08 23:08:15.281,1.17061,1.17106,1.00,1.00
2016.02.08 23:08:15.383,1.17059,1.17107,1.87,1.50
2016.02.08 23:08:15.435,1.17059,1.17104,1.00,1.00
2016.02.08 23:08:15.791,1.17058,1.17106,1.00,1.50
2016.02.08 23:08:15.943,1.17058,1.17104,1.00,1.00
2016.02.08 23:08:16.467,1.17057,1.17104,1.00,1.00
2016.02.08 23:08:16.924,1.17058,1.17102,1.00,1.00
2016.02.08 23:08:18.168,1.17058,1.17099,1.00,1.00
2016.02.08 23:08:18.740,1.17059,1.17099,1.00,1.00
2016.02.08 23:08:20.135,1.17059,1.17095,1.00,1.00
2016.02.08 23:08:20.685,1.1706,1.17096,1.12,1.00
2016.02.08 23:08:21.000,1.17062,1.17096,1.00,1.00
2016.02.08 23:08:21.357,1.17065,1.17096,1.00,1.00
2016.02.08 23:08:21.859,1.17066,1.17096,1.00,1.00
2016.02.08 23:08:22.399,1.17067,1.17096,1.00,1.00
2016.02.08 23:08:23.069,1.17067,1.17095,1.00,1.00
2016.02.08 23:08:24.334,1.17069,1.17095,1.00,1.00
2016.02.08 23:08:24.844,1.17068,1.17096,1.00,1.00
2016.02.08 23:08:25.099,1.17065,1.17095,1.50,1.00
2016.02.08 23:08:25.647,1.17066,1.17095,1.00,1.00
2016.02.08 23:08:26.171,1.17067,1.17095,1.00,1.00
2016.02.08 23:08:28.375,1.17067,1.17096,1.00,1.00
2016.02.08 23:08:28.527,1.17069,1.17096,1.00,1.00
2016.02.08 23:08:28.731,1.17067,1.17096,1.00,1.00
2016.02.08 23:08:28.832,1.17065,1.17096,1.50,1.00
2016.02.08 23:08:31.584,1.17064,1.17096,1.50,1.00
2016.02.08 23:08:32.119,1.17065,1.17096,1.00,1.00
2016.02.08 23:08:32.669,1.17064,1.17095,1.50,1.00
2016.02.08 23:08:32.801,1.17067,1.17095,1.00,1.00
2016.02.08 23:08:32.853,1.17068,1.17098,1.00,1.00
2016.02.08 23:08:32.905,1.17071,1.17098,1.00,1.00
2016.02.08 23:08:33.415,1.17071,1.17097,1.50,1.00
2016.02.08 23:08:33.938,1.17072,1.17097,1.00,1.00
2016.02.08 23:08:34.091,1.17072,1.17099,1.00,1.00
2016.02.08 23:08:34.626,1.17072,1.171,1.00,1.00
2016.02.08 23:08:35.711,1.17071,1.17099,1.00,1.00
2016.02.08 23:08:35.763,1.17063,1.17099,1.00,1.00
2016.02.08 23:08:35.966,1.17058,1.17098,1.00,1.00
2016.02.08 23:08:36.640,1.17062,1.17098,1.00,1.00
2016.02.08 23:08:36.970,1.17065,1.17098,1.00,1.00
2016.02.08 23:08:37.476,1.17064,1.17098,1.50,1.00
2016.02.08 23:08:37.828,1.17064,1.17096,1.50,1.00
2016.02.08 23:08:39.949,1.17064,1.17095,1.50,1.00
2016.02.08 23:08:40.939,1.17064,1.17094,1.00,1.00
2016.02.08 23:08:41.258,1.17067,1.17094,1.00,1.00
2016.02.08 23:08:41.615,1.17065,1.17094,1.00,1.00
2016.02.08 23:08:42.126,1.17057,1.17094,1.87,1.00
2016.02.08 23:08:42.674,1.17057,1.17094,1.00,1.00
2016.02.08 23:08:43.575,1.17058,1.17094,1.00,1.00
2016.02.08 23:08:43.764,1.1706,1.17095,1.00,1.00
2016.02.08 23:08:44.071,1.17061,1.17093,1.00,1.00
2016.02.08 23:08:44.376,1.17059,1.17093,1.00,1.00
2016.02.08 23:08:44.681,1.17057,1.17093,1.00,1.00
2016.02.08 23:08:45.032,1.17054,1.17093,1.50,1.00
2016.02.08 23:08:45.553,1.17054,1.17092,1.50,1.00
2016.02.08 23:08:46.101,1.17056,1.17092,1.00,1.00
2016.02.08 23:08:46.406,1.17054,1.17092,1.00,1.00
2016.02.08 23:08:46.938,1.17053,1.17092,1.00,1.00
2016.02.08 23:08:47.953,1.1705,1.17089,1.00,1.00
2016.02.08 23:08:48.199,1.17048,1.17089,1.50,1.00
2016.02.08 23:08:49.369,1.1705,1.17089,1.00,1.00
2016.02.08 23:08:50.074,1.1705,1.17088,1.00,1.00
2016.02.08 23:08:50.175,1.17039,1.17087,1.50,1.00
2016.02.08 23:08:50.480,1.17037,1.17086,1.50,1.50
2016.02.08 23:08:50.984,1.17037,1.17085,1.00,1.50
2016.02.08 23:08:51.494,1.17037,1.17084,1.00,1.00
2016.02.08 23:08:51.887,1.17036,1.17081,1.50,1.50
2016.02.08 23:08:52.313,1.17036,1.17079,1.00,1.00
2016.02.08 23:08:53.481,1.17034,1.1708,1.00,3.00
2016.02.08 23:08:53.785,1.17036,1.17079,1.00,1.00
2016.02.08 23:08:54.316,1.17037,1.17079,1.00,1.00
2016.02.08 23:08:54.819,1.17036,1.1708,1.00,1.00
2016.02.08 23:08:55.370,1.17036,1.17082,1.12,1.00
2016.02.08 23:08:55.421,1.17043,1.17082,1.00,1.00
2016.02.08 23:08:55.780,1.17041,1.17081,1.00,1.00
2016.02.08 23:08:55.882,1.17043,1.17081,1.00,1.00
2016.02.08 23:08:57.630,1.17044,1.17081,1.00,1.00
2016.02.08 23:08:59.777,1.17044,1.17082,1.00,1.00
2016.02.08 23:09:00.323,1.17046,1.17082,1.00,1.00
2016.02.08 23:09:00.846,1.17047,1.17082,1.00,1.00
2016.02.08 23:09:01.253,1.17049,1.17082,1.00,1.00
2016.02.08 23:09:02.030,1.17049,1.17083,1.00,1.00
2016.02.08 23:09:02.385,1.17046,1.17083,1.00,1.00
2016.02.08 23:09:02.565,1.17048,1.17083,1.00,1.00
2016.02.08 23:09:02.798,1.17046,1.17082,1.00,1.00
2016.02.08 23:09:03.051,1.17049,1.17082,1.00,1.00
2016.02.08 23:09:03.199,1.17047,1.17082,1.00,1.00
2016.02.08 23:09:03.674,1.17049,1.17081,1.00,1.00
2016.02.08 23:09:05.236,1.17049,1.17082,1.00,1.00
2016.02.08 23:09:05.546,1.17047,1.17081,2.25,1.00
2016.02.08 23:09:05.597,1.17049,1.17081,1.00,1.00
2016.02.08 23:09:05.902,1.17052,1.17082,1.00,1.00
2016.02.08 23:09:06.990,1.17051,1.17082,1.00,1.00
2016.02.08 23:09:07.793,1.17052,1.17082,1.00,1.00
2016.02.08 23:09:08.606,1.17051,1.17082,1.00,1.00
2016.02.08 23:09:09.431,1.17052,1.17082,1.00,1.00
2016.02.08 23:09:09.980,1.17053,1.17082,1.00,1.00
2016.02.08 23:09:10.234,1.17053,1.17085,1.00,1.00
2016.02.08 23:09:10.336,1.17051,1.17085,1.00,1.00
2016.02.08 23:09:10.539,1.17053,1.17086,1.00,1.00
2016.02.08 23:09:10.742,1.17051,1.17085,1.00,1.00
2016.02.08 23:09:10.946,1.17052,1.17087,1.00,1.00
2016.02.08 23:09:12.176,1.17053,1.17087,1.00,1.00
2016.02.08 23:09:13.717,1.17053,1.17088,1.00,1.00
2016.02.08 23:09:14.009,1.17055,1.17088,1.00,1.00
2016.02.08 23:09:14.802,1.17054,1.17088,1.00,1.00
2016.02.08 23:09:15.138,1.17056,1.17088,1.00,1.00
2016.02.08 23:09:15.686,1.17055,1.17088,1.00,1.00
2016.02.08 23:09:16.345,1.17056,1.17088,1.00,1.00
2016.02.08 23:09:16.865,1.17054,1.17088,1.00,1.00
2016.02.08 23:09:17.112,1.17056,1.17088,1.00,1.00
2016.02.08 23:09:18.057,1.17056,1.17087,1.00,1.00
2016.02.08 23:09:19.325,1.17055,1.17087,1.00,1.00
2016.02.08 23:09:19.859,1.17056,1.17087,1.00,1.00
2016.02.08 23:09:21.568,1.17056,1.17088,1.00,1.00
2016.02.08 23:09:21.620,1.17054,1.17088,1.00,1.00
2016.02.08 23:09:21.721,1.17052,1.17088,1.00,1.00
2016.02.08 23:09:22.239,1.17053,1.17088,1.00,1.00
2016.02.08 23:09:22.957,1.17052,1.17088,1.00,1.00
2016.02.08 23:09:24.821,1.1705,1.17088,1.00,1.00
2016.02.08 23:09:25.431,1.17049,1.17087,1.00,1.00
2016.02.08 23:09:29.687,1.17048,1.17085,1.00,1.00
2016.02.08 23:09:31.185,1.1705,1.17085,1.00,1.00
2016.02.08 23:09:31.697,1.1705,1.17086,1.00,1.00
2016.02.08 23:09:33.628,1.17051,1.17086,1.00,1.00
2016.02.08 23:09:35.192,1.17048,1.17086,1.87,1.00
2016.02.08 23:09:35.567,1.1705,1.17086,1.00,1.00
2016.02.08 23:09:35.618,1.1705,1.17088,1.00,1.00
2016.02.08 23:09:36.419,1.1705,1.17087,1.00,1.00
2016.02.08 23:09:36.927,1.17049,1.17087,1.50,1.00
2016.02.08 23:09:44.391,1.17052,1.17087,1.00,1.00
2016.02.08 23:09:45.606,1.17052,1.17085,1.00,1.00
2016.02.08 23:09:48.670,1.17052,1.17086,1.00,1.00
2016.02.08 23:09:49.227,1.17051,1.17086,1.00,1.00
2016.02.08 23:09:49.771,1.17051,1.17083,1.00,1.00
2016.02.08 23:09:49.904,1.17049,1.17083,1.12,1.00
2016.02.08 23:09:51.174,1.17047,1.17083,1.00,1.00
2016.02.08 23:09:53.382,1.17048,1.17083,1.00,1.50
2016.02.08 23:09:54.538,1.17049,1.17083,1.00,1.00
2016.02.08 23:09:54.792,1.17049,1.17085,1.00,1.00
2016.02.08 23:09:55.009,1.17049,1.17083,1.00,1.00
2016.02.08 23:09:56.567,1.17049,1.17086,1.50,1.00
2016.02.08 23:09:57.238,1.17049,1.17082,1.00,1.00
2016.02.08 23:10:00.183,1.1705,1.17087,1.00,1.00
2016.02.08 23:10:00.234,1.1705,1.17088,1.37,1.00
2016.02.08 23:10:00.439,1.17063,1.17099,1.12,1.50
2016.02.08 23:10:00.490,1.17065,1.17102,1.00,1.50
2016.02.08 23:10:00.694,1.17069,1.17103,1.50,1.00
2016.02.08 23:10:00.746,1.17069,1.17105,1.50,1.00
2016.02.08 23:10:00.797,1.17084,1.17105,1.00,1.00
2016.02.08 23:10:00.848,1.17086,1.17116,1.00,1.00
2016.02.08 23:10:00.899,1.17089,1.17116,1.00,1.00
2016.02.08 23:10:01.001,1.17081,1.17112,1.50,1.00
2016.02.08 23:10:01.053,1.17081,1.17115,1.50,1.00
2016.02.08 23:10:01.104,1.17092,1.17115,1.00,1.00
2016.02.08 23:10:01.419,1.1709,1.17117,1.00,1.00
2016.02.08 23:10:01.470,1.17093,1.17117,1.00,1.00
2016.02.08 23:10:02.135,1.17093,1.17116,1.00,1.00
2016.02.08 23:10:02.673,1.17094,1.17116,1.00,1.00
2016.02.08 23:10:02.927,1.17096,1.1712,1.00,1.00
2016.02.08 23:10:02.978,1.17098,1.1712,1.00,1.00
2016.02.08 23:10:03.132,1.17102,1.1713,1.00,1.00
2016.02.08 23:10:03.183,1.17099,1.1713,1.00,1.50
2016.02.08 23:10:03.234,1.17097,1.17129,1.00,1.00
2016.02.08 23:10:03.336,1.17098,1.17131,1.00,1.00
2016.02.08 23:10:03.388,1.17102,1.17131,1.00,1.00
2016.02.08 23:10:03.439,1.17102,1.17134,1.00,1.00
2016.02.08 23:10:03.592,1.171,1.17134,1.00,1.00
2016.02.08 23:10:03.694,1.17095,1.17129,1.00,1.00
2016.02.08 23:10:03.839,1.17092,1.17129,1.50,1.00
2016.02.08 23:10:03.890,1.17096,1.17129,1.00,1.00
2016.02.08 23:10:04.400,1.17097,1.17129,1.00,1.00
2016.02.08 23:10:04.909,1.17098,1.17129,1.00,1.00
2016.02.08 23:10:05.011,1.17098,1.17133,1.00,1.00
2016.02.08 23:10:05.185,1.171,1.17134,1.00,1.00
2016.02.08 23:10:05.287,1.17096,1.17132,1.50,1.00
2016.02.08 23:10:05.338,1.17096,1.17134,1.00,1.50
2016.02.08 23:10:05.390,1.17098,1.17134,1.00,1.50
2016.02.08 23:10:05.441,1.17098,1.17137,1.00,1.00
2016.02.08 23:10:05.493,1.17101,1.17137,1.00,1.00
2016.02.08 23:10:06.000,1.17102,1.17136,1.00,1.00
2016.02.08 23:10:06.504,1.17103,1.17137,1.00,2.25
2016.02.08 23:10:07.013,1.17102,1.17136,1.00,1.00
2016.02.08 23:10:07.420,1.171,1.17137,1.00,1.50
2016.02.08 23:10:07.891,1.17098,1.17137,1.00,1.50
2016.02.08 23:10:08.400,1.17097,1.17137,1.00,1.50
2016.02.08 23:10:08.857,1.17097,1.17135,1.00,1.00
2016.02.08 23:10:09.292,1.17095,1.17135,1.00,1.00
2016.02.08 23:10:09.806,1.17093,1.17135,1.00,1.00
2016.02.08 23:10:10.541,1.17093,1.1713,1.00,1.00
2016.02.08 23:10:10.644,1.1709,1.1713,1.00,1.00
2016.02.08 23:10:12.723,1.17091,1.1713,1.00,1.00
2016.02.08 23:10:13.233,1.17092,1.1713,1.00,1.00
2016.02.08 23:10:13.754,1.17091,1.1713,1.00,1.00
2016.02.08 23:10:14.630,1.17088,1.1713,1.00,1.00
2016.02.08 23:10:14.799,1.17085,1.1713,1.50,1.00
2016.02.08 23:10:15.627,1.17085,1.17127,1.00,1.00
2016.02.08 23:10:17.563,1.17094,1.17134,1.00,1.00
2016.02.08 23:10:17.875,1.17101,1.17137,1.00,1.50
2016.02.08 23:10:18.837,1.17101,1.17139,1.00,1.50
2016.02.08 23:10:19.641,1.17101,1.17138,1.00,1.00
2016.02.08 23:10:20.241,1.17101,1.17139,1.00,1.00
2016.02.08 23:10:20.550,1.17104,1.17138,1.00,1.00
2016.02.08 23:10:21.057,1.17104,1.17137,1.00,1.00
2016.02.08 23:10:23.998,1.17104,1.17134,1.00,1.00
2016.02.08 23:10:24.049,1.17094,1.17134,1.50,1.00
2016.02.08 23:10:24.100,1.17089,1.17126,1.00,1.00
2016.02.08 23:10:24.629,1.17088,1.17126,1.00,1.00
2016.02.08 23:10:25.864,1.17087,1.17126,1.00,1.00
2016.02.08 23:10:26.016,1.17091,1.17132,1.00,1.00
2016.02.08 23:10:26.067,1.17094,1.17132,1.00,1.00
2016.02.08 23:10:26.874,1.17095,1.17132,1.00,1.00
2016.02.08 23:10:26.979,1.17095,1.17135,1.00,1.00
2016.02.08 23:10:27.527,1.17094,1.17135,1.00,1.00
2016.02.08 23:10:28.968,1.17093,1.17135,1.00,1.00
2016.02.08 23:10:30.700,1.17093,1.1712,1.00,1.00
2016.02.08 23:10:30.751,1.17091,1.1712,1.00,1.00
2016.02.08 23:10:30.803,1.17091,1.17124,1.00,1.00
2016.02.08 23:10:30.955,1.17093,1.17124,1.00,1.00
2016.02.08 23:10:32.459,1.17093,1.17128,1.00,1.00
2016.02.08 23:10:32.966,1.17093,1.17133,1.00,1.00
2016.02.08 23:10:33.067,1.17095,1.17133,1.00,1.00
2016.02.08 23:10:33.673,1.17094,1.17133,1.00,1.00
2016.02.08 23:10:35.199,1.17093,1.17133,1.00,1.00
2016.02.08 23:10:35.603,1.17089,1.1713,1.00,1.00
2016.02.08 23:10:35.708,1.17086,1.1713,1.00,1.87
2016.02.08 23:10:36.055,1.17086,1.17125,1.00,1.00
2016.02.08 23:10:39.274,1.17087,1.17125,1.00,1.00
2016.02.08 23:10:40.437,1.17087,1.17122,1.00,1.00
2016.02.08 23:10:41.065,1.17088,1.17122,1.00,1.00
2016.02.08 23:10:42.391,1.17086,1.17122,1.00,1.00
2016.02.08 23:10:42.913,1.17087,1.17122,1.00,1.00
2016.02.08 23:10:45.224,1.17087,1.17125,1.00,1.00
2016.02.08 23:10:45.275,1.17088,1.17125,1.00,1.37
2016.02.08 23:10:45.428,1.17088,1.17125,1.00,1.00
2016.02.08 23:10:46.607,1.17086,1.17125,1.00,1.00
2016.02.08 23:10:47.110,1.17087,1.17125,1.00,1.50
2016.02.08 23:10:48.817,1.17085,1.17125,1.00,1.50
2016.02.08 23:10:49.519,1.17086,1.17125,1.00,1.50
2016.02.08 23:10:50.352,1.17086,1.17122,1.00,1.00
2016.02.08 23:10:50.909,1.17088,1.17122,1.00,1.00
2016.02.08 23:10:55.049,1.1709,1.17125,1.00,1.50
2016.02.08 23:10:56.809,1.1709,1.17123,1.00,1.00
2016.02.08 23:10:57.369,1.1709,1.17124,1.00,1.12
2016.02.08 23:10:58.653,1.17092,1.17124,1.00,1.12
2016.02.08 23:10:59.183,1.17091,1.17124,1.00,1.12
2016.02.08 23:10:59.720,1.17091,1.17124,1.00,2.25
2016.02.08 23:11:00.066,1.1709,1.17123,1.00,1.50
2016.02.08 23:11:00.596,1.17089,1.17124,1.00,1.75
2016.02.08 23:11:01.638,1.17085,1.17119,1.00,1.00
2016.02.08 23:11:01.690,1.17085,1.17116,1.00,1.00
2016.02.08 23:11:01.741,1.1708,1.17116,1.00,1.00
2016.02.08 23:11:01.843,1.17077,1.17113,1.00,1.00
2016.02.08 23:11:01.945,1.17068,1.1711,1.37,1.00
2016.02.08 23:11:02.048,1.17068,1.1711,1.00,1.75
2016.02.08 23:11:02.099,1.17064,1.17107,1.00,1.00
2016.02.08 23:11:02.447,1.17064,1.17107,1.00,1.75
2016.02.08 23:11:02.549,1.17059,1.17104,1.12,1.12
2016.02.08 23:11:03.265,1.17059,1.17101,1.12,1.00
2016.02.08 23:11:03.469,1.17053,1.17098,1.75,1.50
2016.02.08 23:11:03.572,1.17053,1.17096,1.00,1.00
2016.02.08 23:11:04.132,1.17053,1.17092,1.00,1.00
2016.02.08 23:11:04.845,1.17053,1.17095,1.00,1.00
2016.02.08 23:11:04.948,1.17053,1.17097,1.00,1.00
2016.02.08 23:11:05.331,1.17053,1.17095,1.00,1.00
2016.02.08 23:11:05.434,1.17053,1.17097,1.00,1.00
2016.02.08 23:11:05.957,1.17053,1.17098,2.25,1.00
2016.02.08 23:11:06.974,1.17053,1.17098,1.00,1.50
2016.02.08 23:11:08.449,1.17052,1.17096,1.12,1.12
2016.02.08 23:11:10.789,1.17052,1.17095,1.12,1.00
2016.02.08 23:11:12.244,1.17052,1.17096,1.12,1.12
2016.02.08 23:11:17.178,1.17053,1.17096,1.00,1.12
2016.02.08 23:11:20.718,1.17052,1.17096,1.12,1.12
2016.02.08 23:11:21.023,1.17052,1.17093,1.12,1.00
2016.02.08 23:11:21.567,1.17052,1.17092,1.00,1.12
2016.02.08 23:11:22.826,1.17047,1.17092,1.50,1.12
2016.02.08 23:11:22.878,1.17047,1.1709,1.50,1.00
2016.02.08 23:11:23.183,1.17047,1.17088,1.50,1.50
2016.02.08 23:11:23.710,1.17047,1.17087,1.50,1.00
2016.02.08 23:11:24.200,1.17045,1.17086,1.00,1.50
2016.02.08 23:11:24.303,1.17043,1.17081,1.00,1.00
2016.02.08 23:11:24.610,1.17043,1.17083,1.00,1.12
2016.02.08 23:11:24.813,1.17043,1.17081,1.00,1.00
2016.02.08 23:11:25.285,1.17043,1.17083,1.00,1.12
2016.02.08 23:11:25.489,1.17037,1.17081,1.12,1.00
2016.02.08 23:11:25.693,1.17037,1.17083,1.12,1.12
2016.02.08 23:11:26.252,1.17042,1.17085,1.00,2.25
2016.02.08 23:11:26.775,1.17042,1.17084,1.00,1.00
2016.02.08 23:11:27.294,1.17042,1.17086,1.00,1.12
2016.02.08 23:11:27.981,1.17042,1.17083,1.00,1.00
2016.02.08 23:11:28.293,1.17042,1.17086,1.00,1.12
2016.02.08 23:11:28.346,1.17036,1.17067,1.75,1.00
2016.02.08 23:11:28.397,1.17036,1.1707,1.75,1.00
2016.02.08 23:11:28.449,1.17031,1.17062,1.12,1.00
2016.02.08 23:11:28.500,1.17029,1.17062,1.75,1.00
2016.02.08 23:11:28.551,1.17028,1.17064,1.12,1.00
2016.02.08 23:11:28.649,1.17024,1.17065,1.00,1.00
2016.02.08 23:11:28.700,1.17021,1.17062,1.00,1.00
2016.02.08 23:11:29.007,1.17023,1.17063,1.12,1.00
2016.02.08 23:11:29.109,1.17019,1.17063,1.00,1.37
2016.02.08 23:11:29.262,1.17019,1.17061,1.00,1.37
2016.02.08 23:11:29.365,1.17017,1.17061,1.00,1.75
2016.02.08 23:11:29.416,1.17019,1.17066,1.87,1.75
2016.02.08 23:11:29.519,1.17024,1.17069,1.00,2.25
2016.02.08 23:11:29.621,1.17025,1.17071,1.00,1.12
2016.02.08 23:11:29.753,1.17024,1.17071,1.87,1.75
2016.02.08 23:11:30.060,1.1703,1.17071,1.00,1.50
2016.02.08 23:11:30.366,1.17032,1.17074,1.00,1.75
2016.02.08 23:11:30.572,1.1703,1.17076,1.12,1.75
2016.02.08 23:11:31.073,1.17031,1.17076,1.00,2.25
2016.02.08 23:11:31.226,1.17033,1.17076,1.00,2.25
2016.02.08 23:11:31.430,1.17035,1.17076,1.00,1.00
2016.02.08 23:11:31.951,1.17036,1.17076,1.00,1.00
2016.02.08 23:11:34.168,1.17035,1.17076,1.00,1.00
2016.02.08 23:11:34.549,1.1703,1.17076,2.25,1.00
2016.02.08 23:11:34.855,1.1703,1.17071,1.50,1.00
2016.02.08 23:11:34.957,1.17023,1.17071,1.75,1.00
2016.02.08 23:11:35.009,1.17023,1.17071,1.50,1.50
2016.02.08 23:11:36.708,1.17027,1.17071,1.00,1.50
2016.02.08 23:11:37.133,1.17027,1.17066,1.00,1.00
2016.02.08 23:11:37.185,1.17025,1.17066,1.12,1.00
2016.02.08 23:11:37.287,1.17018,1.17063,1.37,1.12
2016.02.08 23:11:37.338,1.17017,1.17063,1.50,2.25
2016.02.08 23:11:37.491,1.17016,1.17063,1.37,3.00
2016.02.08 23:11:37.644,1.17015,1.17063,1.12,2.25
2016.02.08 23:11:37.848,1.17018,1.17063,1.00,1.75
2016.02.08 23:11:37.900,1.17018,1.17063,1.12,1.00
2016.02.08 23:11:38.357,1.1702,1.17063,1.00,1.00
2016.02.08 23:11:38.662,1.1702,1.17061,1.00,1.00
2016.02.08 23:11:39.116,1.1702,1.17063,1.00,1.00
2016.02.08 23:11:39.253,1.17022,1.17066,1.00,2.25
2016.02.08 23:11:40.017,1.17022,1.17063,1.00,1.00
2016.02.08 23:11:40.477,1.17018,1.17065,1.87,1.50
2016.02.08 23:11:40.782,1.1702,1.17068,1.00,1.75
2016.02.08 23:11:41.102,1.1702,1.17068,2.25,1.75
2016.02.08 23:11:42.372,1.1702,1.17065,1.75,1.00
2016.02.08 23:11:42.577,1.17018,1.17064,1.87,2.25
2016.02.08 23:11:43.087,1.17018,1.17061,1.00,1.00
2016.02.08 23:11:43.443,1.17015,1.17058,1.50,1.00
2016.02.08 23:11:43.748,1.17014,1.17055,1.00,1.00
2016.02.08 23:11:43.851,1.17012,1.17056,1.00,1.00
2016.02.08 23:11:44.370,1.17013,1.17058,1.00,1.50
2016.02.08 23:11:44.421,1.17015,1.17058,1.00,1.50
2016.02.08 23:11:44.960,1.17016,1.17057,1.00,1.50
2016.02.08 23:11:45.266,1.17018,1.17063,1.00,1.75
2016.02.08 23:11:45.522,1.17014,1.17058,1.37,1.50
2016.02.08 23:11:45.637,1.17014,1.17055,1.00,1.00
2016.02.08 23:11:45.946,1.17016,1.17058,1.00,1.75
2016.02.08 23:11:46.049,1.17013,1.17057,1.00,1.37
2016.02.08 23:11:46.355,1.17013,1.17054,1.00,1.00
2016.02.08 23:11:46.508,1.17011,1.17054,1.00,1.00
2016.02.08 23:11:46.655,1.17009,1.17053,1.50,1.37
2016.02.08 23:11:46.961,1.17014,1.17056,1.00,2.25
2016.02.08 23:11:47.470,1.17013,1.17055,1.00,1.50
2016.02.08 23:11:47.981,1.17014,1.17055,1.00,1.50
2016.02.08 23:11:48.187,1.1701,1.17052,1.00,1.00
2016.02.08 23:11:48.239,1.1701,1.17054,1.37,1.75
2016.02.08 23:11:48.341,1.17014,1.17054,1.12,1.75
2016.02.08 23:11:48.494,1.17017,1.17054,1.00,1.75
2016.02.08 23:11:48.699,1.17014,1.17055,1.00,1.75
2016.02.08 23:11:48.853,1.17014,1.17054,1.00,1.75
2016.02.08 23:11:48.961,1.17011,1.17052,1.37,1.75
2016.02.08 23:11:49.269,1.17008,1.17052,1.12,2.25
2016.02.08 23:11:49.321,1.17008,1.17046,1.12,1.37
2016.02.08 23:11:49.728,1.17006,1.17046,1.12,1.37
2016.02.08 23:11:50.076,1.17009,1.17048,1.00,1.75
2016.02.08 23:11:50.483,1.17007,1.17048,1.00,1.75
2016.02.08 23:11:50.636,1.17007,1.17048,1.37,1.75
2016.02.08 23:11:51.145,1.17008,1.17048,1.37,1.75
2016.02.08 23:11:51.451,1.17011,1.17049,1.37,1.75
2016.02.08 23:11:52.049,1.17011,1.1705,1.37,1.50
2016.02.08 23:11:52.986,1.17009,1.17048,1.37,1.00
2016.02.08 23:11:53.505,1.17011,1.17051,1.37,1.75
2016.02.08 23:11:54.262,1.17012,1.17049,1.37,1.12
2016.02.08 23:11:54.999,1.17014,1.1705,1.00,1.50
2016.02.08 23:11:55.051,1.17012,1.17051,1.37,1.75
2016.02.08 23:11:55.205,1.17005,1.17046,1.12,1.00
2016.02.08 23:11:55.460,1.17005,1.17046,1.37,1.50
2016.02.08 23:11:55.664,1.17011,1.1705,1.00,1.00
2016.02.08 23:11:55.766,1.17009,1.1705,1.12,1.75
2016.02.08 23:11:55.868,1.17003,1.17046,1.00,1.00
2016.02.08 23:11:55.971,1.17003,1.17044,1.00,1.00
2016.02.08 23:11:56.496,1.17002,1.17044,1.00,1.50
2016.02.08 23:11:56.999,1.17003,1.17045,1.00,3.00
2016.02.08 23:11:57.783,1.17001,1.17045,1.00,1.75
2016.02.08 23:11:57.885,1.17004,1.17047,1.37,1.75
2016.02.08 23:11:58.192,1.17011,1.17052,1.37,2.25
2016.02.08 23:11:58.243,1.17011,1.1705,1.00,1.00
2016.02.08 23:11:58.294,1.17009,1.1705,1.00,1.00
2016.02.08 23:11:58.377,1.17011,1.1705,1.00,1.00
2016.02.08 23:11:58.850,1.17014,1.1705,1.00,1.00
2016.02.08 23:12:01.258,1.17008,1.1705,1.37,1.00
2016.02.08 23:12:01.360,1.17006,1.17045,1.00,1.00
2016.02.08 23:12:01.564,1.17004,1.17046,1.50,2.25
2016.02.08 23:12:01.881,1.17004,1.17042,1.50,1.00
2016.02.08 23:12:02.233,1.17001,1.17041,1.37,1.00
2016.02.08 23:12:02.742,1.17001,1.17043,1.37,2.25
2016.02.08 23:12:03.188,1.17005,1.17044,1.00,1.75
2016.02.08 23:12:03.240,1.17002,1.17043,1.00,1.50
2016.02.08 23:12:03.457,1.17004,1.17043,1.00,1.50
2016.02.08 23:12:04.242,1.17003,1.17043,1.00,1.50
2016.02.08 23:12:04.752,1.17009,1.17043,1.00,1.50
2016.02.08 23:12:04.855,1.17004,1.17052,1.50,1.75
2016.02.08 23:12:04.907,1.17009,1.17053,1.37,1.75
2016.02.08 23:12:05.060,1.17015,1.17054,1.12,1.00
2016.02.08 23:12:06.205,1.17016,1.17054,1.00,1.00
2016.02.08 23:12:07.213,1.17017,1.17054,1.00,1.00
2016.02.08 23:12:07.723,1.17016,1.17054,1.00,1.00
2016.02.08 23:12:08.080,1.17018,1.17059,1.00,1.50
2016.02.08 23:12:08.487,1.17017,1.17058,1.00,1.75
2016.02.08 23:12:08.969,1.17015,1.17055,1.12,1.12
2016.02.08 23:12:09.359,1.17015,1.17056,1.00,2.25
2016.02.08 23:12:11.274,1.17014,1.17055,1.00,1.75
2016.02.08 23:12:11.825,1.17018,1.17057,1.00,2.25
2016.02.08 23:12:11.877,1.17018,1.17058,1.00,1.50
2016.02.08 23:12:12.227,1.17021,1.1706,1.00,1.87
2016.02.08 23:12:12.279,1.17021,1.17064,1.00,1.50
2016.02.08 23:12:12.483,1.17023,1.17064,1.00,1.50
2016.02.08 23:12:13.009,1.17022,1.17064,1.00,1.50
2016.02.08 23:12:14.490,1.17022,1.17063,1.00,1.75
2016.02.08 23:12:14.998,1.17024,1.17064,1.00,2.25
2016.02.08 23:12:15.884,1.17026,1.17064,1.00,1.75
2016.02.08 23:12:17.290,1.17022,1.17065,1.00,1.75
2016.02.08 23:12:17.650,1.17024,1.17065,1.00,1.75
2016.02.08 23:12:18.611,1.17029,1.17068,1.00,3.00
2016.02.08 23:12:19.727,1.17025,1.17065,1.00,1.75
2016.02.08 23:12:20.738,1.17023,1.17067,1.12,1.75
2016.02.08 23:12:21.244,1.17024,1.17067,1.00,2.25
2016.02.08 23:12:23.905,1.17023,1.17064,1.00,2.25
2016.02.08 23:12:24.226,1.17023,1.17064,1.00,2.25
2016.02.08 23:12:24.481,1.17021,1.17057,1.00,1.12
2016.02.08 23:12:24.532,1.17021,1.17061,1.00,1.75
2016.02.08 23:12:24.997,1.17021,1.17062,1.00,1.75
2016.02.08 23:12:25.101,1.17023,1.17061,1.00,1.75
2016.02.08 23:12:26.391,1.17023,1.1706,1.00,1.75
2016.02.08 23:12:26.902,1.1702,1.1706,1.12,1.75
2016.02.08 23:12:27.449,1.17021,1.1706,1.00,1.75
2016.02.08 23:12:27.763,1.17023,1.1706,1.00,2.25
2016.02.08 23:12:27.869,1.17019,1.1706,1.00,2.25
2016.02.08 23:12:28.372,1.17019,1.17061,1.00,1.75
2016.02.08 23:12:28.530,1.17023,1.17058,1.00,1.75
2016.02.08 23:12:28.640,1.1702,1.17058,1.00,1.75
2016.02.08 23:12:34.530,1.1702,1.17054,1.00,1.00
2016.02.08 23:12:35.114,1.1702,1.17053,1.00,1.00
2016.02.08 23:12:35.617,1.1702,1.17054,1.00,1.00
2016.02.08 23:12:36.149,1.1702,1.17053,1.00,1.50
2016.02.08 23:12:36.251,1.1702,1.17051,1.00,1.00
2016.02.08 23:12:36.353,1.17018,1.17053,1.00,1.00
2016.02.08 23:12:36.718,1.17015,1.17053,1.87,1.50
2016.02.08 23:12:36.769,1.17015,1.17048,1.12,1.00
2016.02.08 23:12:36.873,1.17014,1.17052,1.87,1.00
2016.02.08 23:12:36.977,1.1702,1.17058,1.00,1.00
2016.02.08 23:12:37.132,1.17024,1.17061,1.50,1.12
2016.02.08 23:12:37.439,1.1703,1.17067,1.00,1.37
2016.02.08 23:12:38.389,1.17029,1.17067,1.00,1.37
2016.02.08 23:12:39.636,1.17031,1.17068,1.00,1.50
2016.02.08 23:12:40.382,1.17029,1.17067,1.00,1.37
2016.02.08 23:12:40.920,1.1703,1.17069,1.00,1.75
2016.02.08 23:12:41.477,1.17029,1.17067,1.00,1.37
2016.02.08 23:12:43.240,1.1703,1.17067,1.00,1.37
2016.02.08 23:12:45.357,1.17027,1.17066,1.00,1.12
2016.02.08 23:12:45.905,1.17027,1.17065,1.00,1.00
2016.02.08 23:12:46.452,1.17027,1.17064,1.00,1.00
2016.02.08 23:12:46.971,1.17027,1.17065,1.00,1.00
2016.02.08 23:12:50.713,1.17026,1.17064,1.50,1.00
2016.02.08 23:12:50.917,1.17023,1.17061,1.50,1.00
2016.02.08 23:12:51.577,1.17021,1.17061,1.50,1.00
2016.02.08 23:12:52.260,1.17022,1.17062,1.00,1.00
2016.02.08 23:12:52.467,1.17022,1.1706,1.00,1.00
2016.02.08 23:12:54.119,1.17023,1.1706,1.00,1.00
2016.02.08 23:12:54.649,1.17023,1.17059,1.00,1.00
2016.02.08 23:12:55.007,1.17023,1.17057,1.00,1.00
2016.02.08 23:12:55.584,1.17023,1.17056,1.00,1.00
2016.02.08 23:12:56.309,1.17023,1.17058,1.00,1.00
2016.02.08 23:12:59.358,1.17022,1.17058,1.00,1.00
2016.02.08 23:12:59.917,1.17022,1.17059,1.00,1.12
2016.02.08 23:13:02.253,1.17019,1.17059,1.12,1.12
2016.02.08 23:13:02.508,1.17016,1.17053,1.12,1.00
2016.02.08 23:13:02.662,1.17013,1.17051,1.50,1.00
2016.02.08 23:13:02.815,1.1701,1.1705,1.87,1.00
2016.02.08 23:13:03.328,1.1701,1.1705,1.00,1.00
2016.02.08 23:13:03.850,1.17009,1.17049,1.00,1.00
2016.02.08 23:13:04.065,1.17017,1.17048,1.00,1.00
2016.02.08 23:13:04.268,1.17012,1.17048,1.00,1.00
2016.02.08 23:13:05.040,1.17016,1.17051,1.00,1.12
2016.02.08 23:13:05.244,1.17016,1.17053,1.00,1.00
2016.02.08 23:13:05.785,1.17016,1.17052,1.00,1.00
2016.02.08 23:13:06.296,1.17016,1.17051,1.00,1.00
2016.02.08 23:13:06.678,1.17016,1.17053,1.00,1.00
2016.02.08 23:13:06.897,1.17016,1.17055,1.00,1.50
2016.02.08 23:13:07.584,1.17019,1.17055,1.00,1.50
2016.02.08 23:13:08.238,1.17019,1.17058,1.87,1.00
2016.02.08 23:13:08.340,1.17021,1.17058,1.00,1.00
2016.02.08 23:13:08.647,1.1703,1.17061,1.00,1.00
2016.02.08 23:13:08.851,1.17028,1.17062,1.00,1.00
2016.02.08 23:13:09.068,1.17031,1.17062,1.00,1.00
2016.02.08 23:13:09.222,1.17029,1.17062,1.00,1.00
2016.02.08 23:13:09.748,1.17032,1.17061,1.00,1.00
2016.02.08 23:13:10.105,1.17033,1.17064,1.00,1.00
2016.02.08 23:13:10.242,1.17035,1.17064,1.00,1.00
2016.02.08 23:13:11.408,1.17035,1.17065,1.00,1.00
2016.02.08 23:13:11.459,1.17033,1.17065,1.50,1.00
2016.02.08 23:13:11.511,1.17035,1.17065,1.00,1.00
2016.02.08 23:13:12.064,1.17034,1.17065,1.00,1.00
2016.02.08 23:13:12.726,1.17034,1.17067,1.00,1.00
2016.02.08 23:13:12.982,1.17035,1.17069,1.00,1.00
2016.02.08 23:13:13.288,1.17036,1.17072,1.00,1.00
2016.02.08 23:13:14.182,1.17036,1.17071,1.00,1.00
2016.02.08 23:13:14.284,1.17038,1.17071,1.00,1.00
2016.02.08 23:13:14.683,1.17038,1.17074,1.00,1.00
2016.02.08 23:13:16.344,1.17037,1.17074,1.00,1.00
2016.02.08 23:13:19.151,1.17036,1.17047,1.00,0.75
2016.02.08 23:13:19.203,1.17031,1.17049,1.12,1.00
2016.02.08 23:13:19.306,1.17028,1.17048,1.00,1.37
2016.02.08 23:13:19.358,1.17028,1.17043,1.00,1.00
2016.02.08 23:13:19.460,1.17005,1.17043,1.87,1.00
2016.02.08 23:13:19.563,1.17003,1.17043,1.50,1.00
2016.02.08 23:13:19.666,1.17003,1.17036,1.37,1.00
2016.02.08 23:13:19.718,1.17003,1.17036,1.00,1.00
2016.02.08 23:13:19.770,1.17004,1.1704,1.00,1.50
2016.02.08 23:13:20.127,1.17005,1.17046,1.00,1.00
2016.02.08 23:13:20.179,1.17007,1.17039,1.00,1.00
2016.02.08 23:13:20.303,1.17006,1.17042,1.00,1.00
2016.02.08 23:13:20.354,1.17006,1.17045,1.00,1.00
2016.02.08 23:13:20.406,1.17009,1.17045,1.00,1.00
2016.02.08 23:13:20.713,1.17009,1.17049,1.00,1.00
2016.02.08 23:13:20.764,1.17011,1.17049,1.00,1.00
2016.02.08 23:13:21.196,1.17013,1.17049,1.00,1.00
2016.02.08 23:13:23.407,1.17014,1.17049,1.00,1.00
2016.02.08 23:13:24.309,1.17014,1.17051,1.00,1.00
2016.02.08 23:13:24.360,1.17014,1.17053,1.00,1.50
2016.02.08 23:13:24.869,1.17015,1.17052,1.00,1.00
2016.02.08 23:13:25.022,1.17017,1.17053,1.00,1.00
2016.02.08 23:13:25.523,1.17016,1.17052,1.00,1.00
2016.02.08 23:13:25.574,1.17014,1.17052,1.00,1.00
2016.02.08 23:13:25.676,1.17017,1.17054,1.00,1.87
2016.02.08 23:13:26.185,1.17016,1.17054,1.37,1.12
2016.02.08 23:13:26.598,1.1702,1.17048,1.00,1.00
2016.02.08 23:13:26.700,1.17012,1.17048,1.00,1.00
2016.02.08 23:13:26.803,1.17016,1.17053,1.00,1.50
2016.02.08 23:13:27.109,1.1702,1.17054,1.00,1.00
2016.02.08 23:13:27.629,1.17021,1.17054,1.00,1.00
2016.02.08 23:13:27.997,1.17022,1.17056,1.00,1.00
2016.02.08 23:13:28.252,1.17024,1.17056,1.00,1.00
2016.02.08 23:13:28.759,1.17023,1.17056,1.00,1.00
2016.02.08 23:13:29.101,1.17027,1.17056,1.00,1.00
2016.02.08 23:13:29.560,1.17027,1.17059,1.00,1.00
2016.02.08 23:13:30.102,1.17028,1.17059,1.00,1.00
2016.02.08 23:13:32.313,1.17027,1.17059,1.00,1.00
2016.02.08 23:13:32.870,1.17026,1.17059,1.00,1.00
2016.02.08 23:13:32.973,1.17028,1.17058,1.00,1.00
2016.02.08 23:13:33.419,1.1703,1.17058,1.00,1.00
2016.02.08 23:13:33.777,1.17031,1.17062,1.00,1.00
2016.02.08 23:13:34.032,1.17032,1.17065,1.00,1.00
2016.02.08 23:13:34.542,1.17033,1.17065,1.00,1.00
2016.02.08 23:13:35.061,1.17033,1.17066,1.00,1.50
2016.02.08 23:13:35.264,1.1703,1.17066,1.00,1.50
2016.02.08 23:13:35.366,1.1703,1.17066,1.37,1.50
2016.02.08 23:13:35.868,1.17032,1.17065,1.12,1.00
2016.02.08 23:13:36.545,1.17032,1.17066,1.00,1.00
2016.02.08 23:13:37.225,1.17031,1.17066,1.12,1.00
2016.02.08 23:13:37.946,1.17031,1.17068,1.12,1.00
2016.02.08 23:13:39.972,1.17031,1.17066,1.12,1.00
2016.02.08 23:13:40.582,1.17031,1.17063,1.00,1.00
2016.02.08 23:13:40.684,1.17029,1.17063,1.00,1.00
2016.02.08 23:13:41.189,1.17028,1.17063,1.12,1.00
2016.02.08 23:13:41.393,1.17027,1.17043,1.37,1.00
2016.02.08 23:13:41.445,1.17028,1.17047,1.00,1.00
2016.02.08 23:13:41.599,1.17014,1.17043,1.75,1.00
2016.02.08 23:13:41.650,1.17011,1.17043,1.00,1.00
2016.02.08 23:13:41.701,1.17011,1.17047,1.00,1.00
2016.02.08 23:13:41.752,1.17013,1.17047,1.00,1.00
2016.02.08 23:13:41.855,1.1701,1.17047,1.00,1.00
2016.02.08 23:13:41.957,1.17012,1.17047,1.00,1.00
2016.02.08 23:13:42.110,1.17009,1.17047,1.50,1.00
2016.02.08 23:13:42.313,1.17011,1.17047,1.00,1.00
2016.02.08 23:13:43.075,1.1701,1.17047,1.00,1.00
2016.02.08 23:13:43.380,1.17011,1.17047,1.37,1.00
2016.02.08 23:13:45.569,1.17009,1.17047,1.37,1.00
2016.02.08 23:13:47.618,1.17006,1.17047,1.87,1.00
2016.02.08 23:13:47.721,1.1701,1.17047,1.00,1.00
2016.02.08 23:13:48.026,1.17012,1.17047,1.37,1.00
2016.02.08 23:13:48.586,1.17012,1.17047,1.37,1.00
2016.02.08 23:13:49.393,1.17013,1.17047,1.12,1.00
2016.02.08 23:13:51.126,1.17014,1.17047,1.00,1.00
2016.02.08 23:13:51.796,1.17014,1.17049,1.00,1.00
2016.02.08 23:13:52.559,1.17012,1.17049,1.87,1.00
2016.02.08 23:13:52.784,1.17015,1.17049,1.00,1.00
2016.02.08 23:13:53.295,1.17014,1.17049,1.12,1.00
2016.02.08 23:13:53.346,1.17015,1.17051,1.00,1.00
2016.02.08 23:13:53.602,1.17015,1.17053,1.37,1.00
2016.02.08 23:13:54.456,1.17015,1.17049,1.37,1.00
2016.02.08 23:13:54.507,1.17015,1.17049,1.00,1.00
2016.02.08 23:13:57.505,1.17013,1.17049,1.87,1.00
2016.02.08 23:13:58.683,1.17013,1.17045,1.00,1.00
2016.02.08 23:13:58.735,1.1701,1.17045,1.12,1.00
2016.02.08 23:13:58.938,1.17008,1.17045,1.00,1.00
2016.02.08 23:13:59.040,1.17006,1.17045,1.50,1.00
2016.02.08 23:13:59.346,1.17008,1.17045,1.00,1.00
2016.02.08 23:13:59.895,1.17007,1.17045,1.50,1.00
2016.02.08 23:14:00.500,1.17007,1.1704,1.50,1.00
2016.02.08 23:14:00.603,1.17003,1.1704,1.00,1.50
2016.02.08 23:14:00.654,1.17003,1.1704,1.37,1.50
2016.02.08 23:14:00.912,1.17002,1.1704,1.12,1.00
2016.02.08 23:14:01.422,1.17003,1.1704,1.00,1.00
2016.02.08 23:14:01.938,1.17004,1.1704,1.00,1.00
2016.02.08 23:14:01.991,1.17002,1.1704,1.00,1.00
2016.02.08 23:14:02.095,1.17004,1.1704,1.00,1.00
2016.02.08 23:14:02.607,1.17003,1.1704,1.00,1.00
2016.02.08 23:14:02.912,1.17005,1.1704,1.00,1.00
2016.02.08 23:14:03.468,1.1701,1.17043,1.00,1.00
2016.02.08 23:14:03.672,1.17008,1.17043,1.12,1.00
2016.02.08 23:14:03.723,1.17008,1.17043,1.37,1.00
2016.02.08 23:14:03.774,1.17013,1.17048,1.00,1.00
2016.02.08 23:14:03.826,1.17013,1.17048,1.37,1.00
2016.02.08 23:14:03.877,1.17016,1.17052,1.00,1.00
2016.02.08 23:14:04.081,1.17018,1.17052,1.00,1.00
2016.02.08 23:14:04.660,1.1702,1.17052,1.00,1.00
2016.02.08 23:14:05.431,1.17023,1.17051,1.00,1.00
2016.02.08 23:14:05.941,1.17023,1.17052,1.00,1.00
2016.02.08 23:14:06.602,1.17024,1.17052,1.00,1.00
2016.02.08 23:14:07.077,1.17022,1.17052,1.00,1.00
2016.02.08 23:14:07.179,1.17024,1.17053,1.00,1.00
2016.02.08 23:14:07.485,1.17022,1.17053,1.00,1.00
2016.02.08 23:14:07.740,1.17026,1.17053,1.00,1.00
2016.02.08 23:14:08.046,1.1703,1.17055,1.00,1.00
2016.02.08 23:14:08.354,1.17032,1.17057,1.00,1.00
2016.02.08 23:14:08.558,1.17032,1.17061,1.12,1.00
2016.02.08 23:14:08.610,1.17035,1.17061,1.00,1.00
2016.02.08 23:14:08.763,1.17035,1.17063,1.00,1.00
2016.02.08 23:14:08.865,1.17037,1.17063,1.00,1.00
2016.02.08 23:14:09.171,1.1704,1.17063,1.00,1.00
2016.02.08 23:14:09.680,1.1704,1.17064,1.00,1.00
2016.02.08 23:14:10.088,1.1704,1.17067,1.37,1.00
2016.02.08 23:14:10.972,1.1704,1.17066,1.50,1.00
2016.02.08 23:14:11.482,1.17044,1.17067,1.00,1.00
2016.02.08 23:14:12.294,1.17044,1.17064,1.00,1.00
2016.02.08 23:14:13.207,1.17044,1.17065,1.00,1.00
2016.02.08 23:14:13.720,1.17043,1.17064,1.00,1.00
2016.02.08 23:14:14.237,1.17043,1.17065,1.00,1.00
2016.02.08 23:14:14.780,1.17042,1.17065,1.00,1.00
2016.02.08 23:14:15.689,1.17041,1.17066,1.00,1.00
2016.02.08 23:14:16.402,1.17041,1.17071,1.00,1.00
2016.02.08 23:14:16.453,1.17036,1.17071,1.00,1.00
2016.02.08 23:14:18.389,1.17036,1.17072,1.37,1.50
2016.02.08 23:14:18.492,1.17034,1.17072,1.50,1.50
2016.02.08 23:14:19.502,1.17036,1.17072,1.00,1.00
2016.02.08 23:14:20.054,1.17034,1.17072,2.25,1.00
2016.02.08 23:14:20.562,1.17036,1.17072,1.00,1.00
2016.02.08 23:14:20.903,1.17036,1.17073,1.75,1.00
2016.02.08 23:14:21.709,1.1704,1.17073,1.12,1.00
2016.02.08 23:14:22.015,1.17044,1.17075,1.00,1.00
2016.02.08 23:14:23.104,1.17044,1.17077,1.00,1.00
2016.02.08 23:14:25.679,1.17041,1.17077,2.62,1.00
2016.02.08 23:14:26.207,1.17041,1.17078,1.50,1.00
2016.02.08 23:14:27.685,1.17044,1.17078,1.00,1.00
2016.02.08 23:14:28.193,1.17046,1.17077,1.00,1.00
2016.02.08 23:14:28.244,1.17046,1.17079,1.00,1.00
2016.02.08 23:14:28.296,1.17045,1.17083,1.87,1.00
2016.02.08 23:14:28.415,1.17052,1.17085,1.00,1.00
2016.02.08 23:14:28.622,1.17045,1.17087,1.75,1.00
2016.02.08 23:14:28.931,1.17046,1.17088,1.37,1.00
2016.02.08 23:14:29.721,1.17045,1.17086,1.50,1.00
2016.02.08 23:14:29.824,1.17039,1.17086,1.75,1.00
2016.02.08 23:14:30.384,1.17039,1.17085,2.25,1.00
2016.02.08 23:14:30.597,1.1704,1.17087,1.75,1.50
2016.02.08 23:14:31.233,1.17041,1.17087,1.00,1.00
2016.02.08 23:14:32.134,1.17041,1.17084,1.00,1.00
2016.02.08 23:14:34.933,1.17041,1.17083,1.00,1.00
2016.02.08 23:14:37.817,1.17041,1.17083,1.37,1.00
2016.02.08 23:14:38.122,1.1704,1.17082,1.12,1.00
2016.02.08 23:14:38.174,1.17039,1.17082,1.75,1.00
2016.02.08 23:14:38.691,1.17043,1.17081,1.00,1.00
2016.02.08 23:14:39.395,1.17035,1.1708,1.75,1.00
2016.02.08 23:14:39.447,1.17035,1.1708,1.75,1.00
2016.02.08 23:14:39.959,1.17035,1.17081,1.75,1.00
2016.02.08 23:14:40.466,1.17035,1.1708,1.75,1.00
2016.02.08 23:14:41.028,1.17035,1.17081,1.75,1.00
2016.02.08 23:14:41.537,1.17035,1.1708,1.75,1.00
2016.02.08 23:14:42.040,1.17035,1.17079,1.75,1.00
2016.02.08 23:14:42.874,1.17035,1.17079,1.50,1.00
2016.02.08 23:14:43.080,1.17035,1.17083,1.50,1.50
2016.02.08 23:14:45.311,1.17033,1.17081,1.37,1.12
2016.02.08 23:14:45.468,1.17028,1.17072,1.00,1.75
2016.02.08 23:14:45.521,1.17028,1.17072,1.00,1.75
2016.02.08 23:14:45.827,1.17025,1.17065,1.00,1.00
2016.02.08 23:14:45.930,1.1702,1.17064,1.00,1.37
2016.02.08 23:14:46.337,1.17022,1.17064,1.00,1.75
2016.02.08 23:14:46.436,1.17022,1.17064,1.00,1.75
2016.02.08 23:14:46.487,1.17016,1.17064,1.12,1.75
2016.02.08 23:14:46.895,1.17018,1.17071,1.75,1.75
2016.02.08 23:14:48.257,1.17023,1.17069,1.00,1.00
2016.02.08 23:14:48.360,1.17018,1.17073,1.50,1.87
2016.02.08 23:14:48.666,1.17018,1.17073,1.75,1.75
2016.02.08 23:14:48.979,1.17029,1.17078,1.75,1.12
2016.02.08 23:14:49.489,1.17029,1.17077,1.75,1.00
2016.02.08 23:14:49.693,1.17023,1.17071,1.12,1.50
2016.02.08 23:14:49.744,1.1702,1.17071,1.75,1.75
2016.02.08 23:14:49.840,1.17021,1.17067,1.00,1.00
2016.02.08 23:14:56.882,1.1702,1.17069,1.00,3.00
2016.02.08 23:14:57.412,1.17015,1.17066,1.75,1.50
2016.02.08 23:15:00.481,1.17015,1.17066,1.75,1.75
2016.02.08 23:15:01.275,1.17015,1.17068,1.75,2.25
2016.02.08 23:15:01.327,1.17015,1.17068,1.75,2.25
2016.02.08 23:15:01.379,1.17015,1.17068,1.50,1.75
2016.02.08 23:15:01.481,1.17019,1.17065,1.00,1.00
2016.02.08 23:15:03.632,1.1703,1.17065,1.00,1.00
2016.02.08 23:15:03.937,1.17032,1.17065,1.00,1.00
2016.02.08 23:15:04.090,1.17029,1.17065,1.00,1.00
2016.02.08 23:15:04.889,1.17029,1.17073,1.50,2.25
2016.02.08 23:15:04.940,1.17031,1.17073,1.00,2.25
2016.02.08 23:15:06.366,1.17032,1.17075,1.00,2.62
2016.02.08 23:15:06.417,1.17032,1.17075,1.00,2.25
2016.02.08 23:15:07.466,1.17031,1.17075,1.37,1.75
2016.02.08 23:15:09.016,1.17036,1.17075,1.00,1.75
2016.02.08 23:15:10.002,1.17037,1.17076,1.00,1.75
2016.02.08 23:15:10.104,1.17035,1.17076,1.12,1.75
2016.02.08 23:15:10.206,1.1704,1.17077,1.00,2.25
2016.02.08 23:15:11.009,1.1704,1.17076,1.00,1.75
2016.02.08 23:15:12.774,1.17036,1.17077,1.00,1.75
2016.02.08 23:15:12.923,1.17036,1.17077,1.37,1.75
2016.02.08 23:15:13.028,1.17037,1.17076,1.37,1.00
2016.02.08 23:15:13.080,1.17044,1.17079,1.00,1.00
2016.02.08 23:15:13.385,1.17041,1.1708,1.00,1.12
2016.02.08 23:15:14.952,1.17038,1.1708,1.12,1.12
2016.02.08 23:15:15.055,1.17032,1.1708,1.75,2.62
2016.02.08 23:15:15.163,1.17037,1.1708,1.00,1.12
2016.02.08 23:15:15.459,1.17032,1.17078,1.75,1.00
2016.02.08 23:15:15.510,1.17032,1.1708,1.75,1.12
2016.02.08 23:15:15.612,1.17032,1.1708,1.00,2.25
2016.02.08 23:15:16.374,1.17036,1.1708,1.00,2.25
2016.02.08 23:15:16.628,1.17031,1.17073,1.00,1.00
2016.02.08 23:15:16.732,1.17029,1.17073,1.12,1.00
2016.02.08 23:15:16.834,1.17031,1.17073,1.00,1.00
2016.02.08 23:15:17.343,1.17032,1.17073,1.00,1.00
2016.02.08 23:15:17.700,1.17036,1.17073,1.00,1.00
2016.02.08 23:15:18.003,1.17036,1.17077,1.00,1.00
2016.02.08 23:15:18.210,1.17036,1.17077,1.00,1.50
2016.02.08 23:15:18.261,1.1703,1.17077,1.00,1.75
2016.02.08 23:15:18.923,1.17034,1.17077,1.00,1.75
2016.02.08 23:15:20.481,1.17036,1.17078,1.00,2.25
2016.02.08 23:15:20.635,1.17036,1.17078,1.00,1.00
2016.02.08 23:15:20.686,1.17042,1.17079,1.00,1.00
2016.02.08 23:15:20.890,1.17035,1.17079,1.00,1.00
2016.02.08 23:15:20.941,1.17035,1.17081,1.00,2.25
2016.02.08 23:15:20.993,1.17033,1.1708,1.00,2.25
2016.02.08 23:15:21.202,1.17036,1.1708,1.00,2.25
2016.02.08 23:15:22.018,1.17034,1.17079,1.00,1.75
2016.02.08 23:15:22.121,1.17032,1.17079,1.00,1.75
2016.02.08 23:15:24.080,1.17034,1.17078,1.00,1.75
2016.02.08 23:15:24.131,1.17034,1.17077,1.12,1.00
2016.02.08 23:15:24.182,1.17038,1.17077,1.00,1.00
2016.02.08 23:15:24.613,1.17031,1.17078,1.87,1.50
2016.02.08 23:15:24.766,1.17031,1.17078,1.50,2.25
2016.02.08 23:15:25.748,1.17032,1.17077,1.00,1.75
2016.02.08 23:15:25.850,1.1703,1.17077,1.12,1.75
2016.02.08 23:15:26.360,1.17031,1.17077,1.00,1.75
2016.02.08 23:15:26.871,1.17032,1.17075,1.00,1.37
2016.02.08 23:15:27.383,1.1703,1.17075,1.12,1.37
2016.02.08 23:15:27.905,1.17031,1.17076,1.00,1.50
2016.02.08 23:15:28.413,1.1703,1.17075,1.12,1.37
2016.02.08 23:15:28.973,1.1703,1.17076,1.50,1.50
2016.02.08 23:15:29.262,1.17035,1.17077,1.00,1.12
2016.02.08 23:15:29.364,1.17031,1.17077,1.12,1.12
2016.02.08 23:15:29.568,1.17038,1.17078,1.00,1.50
2016.02.08 23:15:29.773,1.1704,1.17084,1.00,1.75
2016.02.08 23:15:29.875,1.1704,1.17084,1.12,1.12
2016.02.08 23:15:29.926,1.17043,1.17084,1.00,1.12
2016.02.08 23:15:30.445,1.17042,1.17082,1.00,1.00
2016.02.08 23:15:30.700,1.17039,1.17082,1.00,1.00
2016.02.08 23:15:31.007,1.17043,1.17082,1.00,1.00
2016.02.08 23:15:31.314,1.1705,1.17083,1.00,1.00
2016.02.08 23:15:31.366,1.17046,1.17083,1.00,1.12
2016.02.08 23:15:31.468,1.17046,1.17079,1.00,1.00
2016.02.08 23:15:31.570,1.17039,1.17079,1.00,1.00
2016.02.08 23:15:31.773,1.17041,1.17079,1.00,1.00
2016.02.08 23:15:32.539,1.17042,1.17079,1.00,1.00
2016.02.08 23:15:32.642,1.17039,1.17079,1.00,1.00
2016.02.08 23:15:32.896,1.17033,1.17079,1.00,1.00
2016.02.08 23:15:34.179,1.17032,1.17082,1.75,1.00
2016.02.08 23:15:34.485,1.17041,1.17082,1.75,1.00
2016.02.08 23:15:34.664,1.17041,1.17082,1.00,1.00
2016.02.08 23:15:34.766,1.17036,1.17082,2.25,1.00
2016.02.08 23:15:35.803,1.17036,1.17083,1.75,1.12
2016.02.08 23:15:35.855,1.17036,1.17083,1.12,1.75
2016.02.08 23:15:36.059,1.17036,1.17082,1.00,1.75
2016.02.08 23:15:36.161,1.17031,1.17082,2.25,1.75
2016.02.08 23:15:37.638,1.17036,1.17082,1.00,1.75
2016.02.08 23:15:37.690,1.17036,1.17083,1.50,1.50
2016.02.08 23:15:37.741,1.17044,1.17083,1.00,1.50
2016.02.08 23:15:38.250,1.17041,1.17082,1.00,1.00
2016.02.08 23:15:38.484,1.17038,1.17082,1.00,1.00
2016.02.08 23:15:39.197,1.17033,1.17082,1.75,1.00
2016.02.08 23:15:40.216,1.17042,1.17082,1.00,1.00
2016.02.08 23:15:40.420,1.17042,1.17084,1.37,1.00
2016.02.08 23:15:40.578,1.17039,1.17078,1.00,1.00
2016.02.08 23:15:40.834,1.17033,1.17082,1.00,1.75
2016.02.08 23:15:40.936,1.17035,1.17079,1.00,1.75
2016.02.08 23:15:41.242,1.17035,1.17072,1.00,1.75
2016.02.08 23:15:41.700,1.17026,1.17074,1.00,1.75
2016.02.08 23:15:42.107,1.17026,1.17072,1.00,1.75
2016.02.08 23:15:42.852,1.17029,1.17069,1.00,1.75
2016.02.08 23:15:43.157,1.17031,1.17074,1.00,1.75
2016.02.08 23:15:43.310,1.17031,1.17074,1.00,1.50
2016.02.08 23:15:43.463,1.17029,1.17073,1.00,1.37
2016.02.08 23:15:44.105,1.17027,1.17073,1.37,1.37
2016.02.08 23:15:44.258,1.17027,1.17069,1.37,1.00
2016.02.08 23:15:44.361,1.17027,1.17073,1.37,1.37
2016.02.08 23:15:44.565,1.17025,1.17069,1.75,1.00
2016.02.08 23:15:44.667,1.17025,1.17071,1.75,1.00
2016.02.08 23:15:45.145,1.17025,1.17069,1.75,1.00
2016.02.08 23:15:45.457,1.17028,1.17072,1.12,1.12
2016.02.08 23:15:45.560,1.17028,1.17069,1.12,1.00
2016.02.08 23:15:45.773,1.17028,1.17071,1.12,1.00
2016.02.08 23:15:45.875,1.17028,1.17068,1.12,1.00
2016.02.08 23:15:46.079,1.17028,1.17071,1.12,1.00
2016.02.08 23:15:46.181,1.17028,1.17068,1.12,1.00
2016.02.08 23:15:46.384,1.17028,1.17072,1.12,1.12
2016.02.08 23:15:46.633,1.17028,1.17068,1.12,1.00
2016.02.08 23:15:46.794,1.17028,1.17072,1.12,1.12
2016.02.08 23:15:46.896,1.17028,1.17069,1.12,1.00
2016.02.08 23:15:47.100,1.17028,1.17071,1.12,1.00
2016.02.08 23:15:47.151,1.17028,1.17069,1.12,1.00
2016.02.08 23:15:47.764,1.17028,1.17072,1.12,1.12
2016.02.08 23:15:47.866,1.17028,1.17069,1.12,1.00
2016.02.08 23:15:48.070,1.17028,1.17072,1.12,1.12
2016.02.08 23:15:48.190,1.17028,1.17069,1.12,1.00
2016.02.08 23:15:48.719,1.17028,1.1707,1.12,1.50
2016.02.08 23:15:49.177,1.17025,1.17068,1.75,1.00
2016.02.08 23:15:49.279,1.17025,1.17071,1.75,1.00
2016.02.08 23:15:49.394,1.17025,1.17068,1.75,1.00
2016.02.08 23:15:49.598,1.17025,1.17071,1.75,1.50
2016.02.08 23:15:49.653,1.17025,1.17068,1.75,1.00
2016.02.08 23:15:49.856,1.17025,1.17071,1.75,1.00
2016.02.08 23:15:50.618,1.17033,1.17071,1.00,1.00
2016.02.08 23:15:51.138,1.17032,1.17072,1.00,1.12
2016.02.08 23:15:52.926,1.17033,1.17077,1.12,1.37
2016.02.08 23:15:53.028,1.17033,1.17078,1.12,1.50
2016.02.08 23:15:53.130,1.17037,1.17078,1.00,1.50
2016.02.08 23:15:53.233,1.17032,1.17077,1.00,1.12
2016.02.08 23:15:53.336,1.17036,1.17076,1.00,1.37
2016.02.08 23:15:53.439,1.17034,1.17074,1.00,1.00
2016.02.08 23:15:53.694,1.17039,1.17074,1.00,1.00
2016.02.08 23:15:53.796,1.1703,1.17074,1.00,1.00
2016.02.08 23:15:54.101,1.17031,1.17076,1.00,1.75
2016.02.08 23:15:54.204,1.17028,1.17076,1.00,1.75
2016.02.08 23:15:54.306,1.17025,1.17077,1.12,1.12
2016.02.08 23:15:54.357,1.1703,1.17076,1.00,1.75
2016.02.08 23:15:54.408,1.1703,1.17073,1.00,1.00
2016.02.08 23:15:54.714,1.17031,1.1707,1.00,1.00
2016.02.08 23:15:54.765,1.17027,1.17068,1.00,1.00
2016.02.08 23:15:54.919,1.17024,1.17068,1.00,1.75
2016.02.08 23:15:56.313,1.17026,1.17069,1.00,1.75
2016.02.08 23:15:56.636,1.17028,1.17071,1.00,1.75
2016.02.08 23:15:56.739,1.17025,1.17076,1.00,2.62
2016.02.08 23:15:57.502,1.17024,1.17076,1.00,2.62
2016.02.08 23:15:57.604,1.17024,1.17076,1.50,2.25
2016.02.08 23:15:58.136,1.1703,1.17076,1.00,2.25
2016.02.08 23:15:58.340,1.17037,1.17083,1.37,1.00
2016.02.08 23:15:58.442,1.17037,1.17083,1.00,1.00
2016.02.08 23:15:58.645,1.17034,1.17085,1.37,1.75
2016.02.08 23:16:01.938,1.17031,1.17077,1.00,1.00
2016.02.08 23:16:02.142,1.17029,1.17081,1.12,1.12
2016.02.08 23:16:03.711,1.17029,1.17079,1.37,1.75
2016.02.08 23:16:03.762,1.17029,1.17081,1.75,1.75
2016.02.08 23:16:03.814,1.17035,1.17081,1.00,1.75
2016.02.08 23:16:03.992,1.17035,1.17081,1.12,1.12
2016.02.08 23:16:06.044,1.17035,1.17085,1.75,1.75
2016.02.08 23:16:06.373,1.17041,1.1708,1.00,1.12
2016.02.08 23:16:06.791,1.17041,1.17075,1.00,1.00
2016.02.08 23:16:06.995,1.17035,1.17074,1.50,1.00
2016.02.08 23:16:07.917,1.17035,1.1708,1.00,2.25
2016.02.08 23:16:08.020,1.17035,1.1708,1.50,1.75
2016.02.08 23:16:08.071,1.17036,1.1708,1.00,1.50
2016.02.08 23:16:11.172,1.17038,1.17082,1.00,1.75
2016.02.08 23:16:11.483,1.1704,1.17082,1.00,1.75
2016.02.08 23:16:12.144,1.17042,1.17083,1.00,1.75
2016.02.08 23:16:12.516,1.17037,1.17079,1.00,1.12
2016.02.08 23:16:12.578,1.17037,1.17077,1.00,1.50
2016.02.08 23:16:17.062,1.17035,1.17073,1.00,1.00
2016.02.08 23:16:17.113,1.17033,1.17073,1.00,1.00
2016.02.08 23:16:17.429,1.17032,1.17071,1.00,1.00
2016.02.08 23:16:17.531,1.17028,1.17068,1.12,1.00
2016.02.08 23:16:18.039,1.17028,1.17069,1.00,1.00
2016.02.08 23:16:18.663,1.17028,1.1707,1.00,1.50
2016.02.08 23:16:19.527,1.17028,1.17066,1.00,1.50
2016.02.08 23:16:19.731,1.17019,1.17059,1.12,1.50
2016.02.08 23:16:19.985,1.17018,1.17058,1.00,1.75
2016.02.08 23:16:20.495,1.17017,1.17056,1.00,1.12
2016.02.08 23:16:21.056,1.17018,1.17057,1.00,1.50
2016.02.08 23:16:21.622,1.1702,1.17058,1.00,1.75
2016.02.08 23:16:22.134,1.1702,1.17058,1.00,1.75
2016.02.08 23:16:22.492,1.17021,1.17059,1.00,1.50
2016.02.08 23:16:23.069,1.17021,1.17061,1.00,1.12
2016.02.08 23:16:23.171,1.17025,1.17063,1.00,1.75
2016.02.08 23:16:23.274,1.17025,1.17067,1.12,1.75
2016.02.08 23:16:23.379,1.17028,1.17068,1.00,1.00
2016.02.08 23:16:23.840,1.17031,1.17069,1.00,1.12
2016.02.08 23:16:24.449,1.1703,1.1707,1.00,1.37
2016.02.08 23:16:25.262,1.17034,1.17074,1.00,1.75
2016.02.08 23:16:25.568,1.17034,1.17076,1.00,1.50
2016.02.08 23:16:25.670,1.17034,1.17073,1.00,1.75
2016.02.08 23:16:26.179,1.17034,1.1707,1.00,1.00
2016.02.08 23:16:26.633,1.17034,1.17068,1.00,1.00
2016.02.08 23:16:26.845,1.17034,1.1707,1.00,1.00
2016.02.08 23:16:27.100,1.17034,1.1707,1.00,1.75
2016.02.08 23:16:28.169,1.17034,1.17072,1.37,1.12
2016.02.08 23:16:28.271,1.17034,1.17068,1.37,1.00
2016.02.08 23:16:28.779,1.17034,1.17069,1.37,1.50
2016.02.08 23:16:29.157,1.17034,1.17069,1.00,1.50
2016.02.08 23:16:29.310,1.1703,1.17069,1.00,1.50
2016.02.08 23:16:29.420,1.1703,1.17066,1.00,1.00
2016.02.08 23:16:29.574,1.1703,1.17068,1.00,1.00
2016.02.08 23:16:30.112,1.1703,1.17069,1.00,1.50
2016.02.08 23:16:31.313,1.17035,1.17069,1.00,1.00
2016.02.08 23:16:33.807,1.17037,1.17069,1.00,1.00
2016.02.08 23:16:36.662,1.17041,1.17069,1.00,1.00
2016.02.08 23:16:37.521,1.17041,1.17075,1.00,3.00
2016.02.08 23:16:39.035,1.1704,1.17076,1.00,1.75
2016.02.08 23:16:40.960,1.17039,1.17075,1.00,1.75
2016.02.08 23:16:45.908,1.1704,1.17075,1.00,2.25
2016.02.08 23:16:46.010,1.1704,1.17075,1.00,1.87
2016.02.08 23:16:46.061,1.1704,1.17075,1.00,1.50
2016.02.08 23:16:46.725,1.1704,1.17075,1.12,2.25
2016.02.08 23:16:47.031,1.17038,1.17071,1.37,1.12
2016.02.08 23:16:47.406,1.17038,1.17071,1.00,1.12
2016.02.08 23:16:47.661,1.17034,1.17071,1.00,1.12
2016.02.08 23:16:47.814,1.17034,1.17071,1.00,1.37
2016.02.08 23:16:47.916,1.17031,1.17068,1.00,1.00
2016.02.08 23:16:50.462,1.17031,1.17064,1.00,1.00
2016.02.08 23:16:50.771,1.17023,1.17054,1.00,1.00
2016.02.08 23:16:50.977,1.1702,1.17054,1.00,1.00
2016.02.08 23:16:51.481,1.1702,1.17053,1.00,1.00
2016.02.08 23:16:52.000,1.1702,1.17054,1.00,1.00
2016.02.08 23:16:52.407,1.17025,1.17054,1.00,1.00
2016.02.08 23:16:52.720,1.1702,1.17054,1.12,1.00
2016.02.08 23:16:53.801,1.1702,1.17055,1.12,1.00
2016.02.08 23:16:53.853,1.17024,1.17055,1.00,1.00
2016.02.08 23:16:53.931,1.17024,1.17058,1.00,1.00
2016.02.08 23:16:54.921,1.17024,1.17058,1.37,1.00
2016.02.08 23:16:56.240,1.17026,1.17058,1.00,1.00
2016.02.08 23:16:58.484,1.17025,1.17063,1.37,1.50
2016.02.08 23:16:58.586,1.17029,1.17063,1.00,1.50
2016.02.08 23:16:58.948,1.17029,1.17066,1.12,1.87
2016.02.08 23:16:59.000,1.17031,1.17066,1.00,1.87
2016.02.08 23:17:00.168,1.17031,1.17066,1.37,1.00
2016.02.08 23:17:00.731,1.17031,1.1706,1.37,1.00
2016.02.08 23:17:00.986,1.17022,1.17052,1.00,1.00
2016.02.08 23:17:01.038,1.17022,1.17048,1.00,1.00
2016.02.08 23:17:01.090,1.17016,1.17049,1.00,1.00
2016.02.08 23:17:01.142,1.17019,1.17049,1.00,1.00
2016.02.08 23:17:01.447,1.17013,1.17049,1.00,1.50
2016.02.08 23:17:05.037,1.17013,1.17043,1.00,1.00
2016.02.08 23:17:07.612,1.17012,1.17043,1.00,1.00
2016.02.08 23:17:08.257,1.17012,1.17042,1.00,1.00
2016.02.08 23:17:10.540,1.17014,1.17042,1.00,1.50
2016.02.08 23:17:12.193,1.17011,1.17042,1.00,1.50
2016.02.08 23:17:14.254,1.17011,1.17047,1.00,1.50
2016.02.08 23:17:14.305,1.17013,1.17047,1.12,1.50
2016.02.08 23:17:14.629,1.17017,1.17051,1.00,1.75
2016.02.08 23:17:14.936,1.1702,1.17051,1.00,1.75
2016.02.08 23:17:15.242,1.17022,1.17054,1.50,1.75
2016.02.08 23:17:16.287,1.17019,1.17054,1.00,1.75
2016.02.08 23:17:17.056,1.17019,1.17053,1.37,1.75
2016.02.08 23:17:17.621,1.17019,1.17053,1.37,1.12
2016.02.08 23:17:18.657,1.17019,1.17054,1.00,2.25
2016.02.08 23:17:19.238,1.1702,1.17054,1.00,3.00
2016.02.08 23:17:21.017,1.17021,1.17053,1.00,1.87
2016.02.08 23:17:21.547,1.17021,1.17052,1.00,1.00
2016.02.08 23:17:22.049,1.17021,1.17054,1.00,1.50
2016.02.08 23:17:25.292,1.17018,1.17058,1.00,2.25
2016.02.08 23:17:25.826,1.17018,1.17058,1.00,1.75
2016.02.08 23:17:26.169,1.17023,1.17058,1.00,1.75
2016.02.08 23:17:31.352,1.17029,1.17058,1.00,1.75
2016.02.08 23:17:31.454,1.17029,1.17058,1.00,1.50
2016.02.08 23:17:32.233,1.17029,1.17058,1.00,1.00
2016.02.08 23:17:36.327,1.17029,1.1706,1.00,1.50
2016.02.08 23:17:36.531,1.17031,1.17059,1.00,1.00
2016.02.08 23:17:37.057,1.17031,1.1706,1.00,1.00
2016.02.08 23:17:46.669,1.1703,1.17063,1.00,1.37
2016.02.08 23:17:46.720,1.1703,1.17063,1.00,1.00
2016.02.08 23:17:48.850,1.17031,1.17063,1.00,1.00
2016.02.08 23:17:48.960,1.17031,1.17065,1.00,1.12
2016.02.08 23:17:51.263,1.17034,1.17065,1.00,1.12
2016.02.08 23:17:56.389,1.17034,1.17062,1.00,1.00
2016.02.08 23:17:56.896,1.17034,1.17063,1.00,1.00
2016.02.08 23:17:57.738,1.1703,1.17063,1.00,1.00
2016.02.08 23:17:58.094,1.17029,1.17064,1.00,1.75
2016.02.08 23:17:58.757,1.17029,1.17063,1.00,1.37
2016.02.08 23:17:58.808,1.17029,1.17063,1.00,1.00
2016.02.08 23:17:58.859,1.17029,1.17063,1.00,1.37
2016.02.08 23:17:59.897,1.17029,1.17063,1.00,1.00
2016.02.08 23:18:00.479,1.17033,1.17063,1.00,1.00
2016.02.08 23:18:01.640,1.17033,1.17064,1.00,1.50
2016.02.08 23:18:01.692,1.17029,1.17064,1.00,1.50
2016.02.08 23:18:01.844,1.17032,1.17064,1.00,1.50
2016.02.08 23:18:03.811,1.17031,1.17063,1.00,1.00
2016.02.08 23:18:05.220,1.17031,1.17061,1.00,1.00
2016.02.08 23:18:05.322,1.17022,1.17061,1.00,1.00
2016.02.08 23:18:05.373,1.17022,1.17061,1.00,1.37
2016.02.08 23:18:06.089,1.17022,1.1706,1.00,1.75
2016.02.08 23:18:06.598,1.17022,1.17061,1.12,1.75
2016.02.08 23:18:07.538,1.17022,1.17061,1.37,1.75
2016.02.08 23:18:07.873,1.1703,1.17061,1.00,1.75
2016.02.08 23:18:08.179,1.17032,1.17058,1.00,1.00
2016.02.08 23:18:10.065,1.1703,1.17058,1.00,1.00
2016.02.08 23:18:10.269,1.17026,1.17059,1.00,1.37
2016.02.08 23:18:10.626,1.17026,1.17059,1.00,1.75
2016.02.08 23:18:12.255,1.17025,1.17059,1.00,1.75
2016.02.08 23:18:13.711,1.17021,1.17056,1.00,1.50
2016.02.08 23:18:15.818,1.1702,1.17055,1.00,1.37
2016.02.08 23:18:15.920,1.17018,1.17055,1.00,1.37
2016.02.08 23:18:16.125,1.17018,1.17055,1.00,1.75
2016.02.08 23:18:16.329,1.17018,1.17055,1.00,1.50
2016.02.08 23:18:17.528,1.17015,1.17055,1.37,1.50
2016.02.08 23:18:18.029,1.17015,1.17054,1.12,1.00
2016.02.08 23:18:18.279,1.17015,1.17051,1.00,1.00
2016.02.08 23:18:23.032,1.17016,1.17051,1.00,1.00
2016.02.08 23:18:23.336,1.17019,1.17051,1.00,1.00
2016.02.08 23:18:23.490,1.17017,1.17052,1.00,1.00
2016.02.08 23:18:25.411,1.17017,1.17048,1.00,1.00
2016.02.08 23:18:25.722,1.17017,1.17052,1.00,1.00
2016.02.08 23:18:26.261,1.17016,1.17052,1.00,1.00
2016.02.08 23:18:26.884,1.17013,1.17052,1.12,1.00
2016.02.08 23:18:27.038,1.17016,1.17052,1.00,1.00
2016.02.08 23:18:29.991,1.17014,1.17052,1.00,1.00
2016.02.08 23:18:36.120,1.17014,1.1705,1.00,1.00
2016.02.08 23:18:40.462,1.17014,1.17049,1.00,1.00
2016.02.08 23:18:42.249,1.17014,1.1705,1.00,1.12
2016.02.08 23:18:42.557,1.17014,1.17051,1.00,1.75
2016.02.08 23:18:43.068,1.17015,1.17051,1.00,1.75
2016.02.08 23:18:49.184,1.17015,1.17045,1.00,1.00
2016.02.08 23:18:49.657,1.17013,1.17046,1.00,1.00
2016.02.08 23:18:49.759,1.17011,1.17045,1.00,1.00
2016.02.08 23:18:50.014,1.17008,1.17044,1.00,1.00
2016.02.08 23:18:50.116,1.1701,1.17044,1.00,1.12
2016.02.08 23:18:50.218,1.17007,1.17044,1.00,1.12
2016.02.08 23:18:52.386,1.17007,1.17042,1.00,1.00
2016.02.08 23:18:54.801,1.17007,1.17038,1.00,1.00
2016.02.08 23:18:55.186,1.17007,1.1704,1.00,1.00
2016.02.08 23:18:55.467,1.17008,1.17036,1.00,1.00
2016.02.08 23:18:55.621,1.16994,1.17035,1.37,1.75
2016.02.08 23:18:55.724,1.16999,1.17037,1.00,1.12
2016.02.08 23:18:55.826,1.16999,1.17039,1.00,1.75
2016.02.08 23:18:55.928,1.17001,1.17039,1.00,1.75
2016.02.08 23:18:56.081,1.17001,1.17036,1.00,1.00
2016.02.08 23:18:56.183,1.17003,1.17036,1.00,1.00
2016.02.08 23:18:56.896,1.17003,1.17038,1.00,1.12
2016.02.08 23:18:57.399,1.17004,1.17038,1.00,1.12
2016.02.08 23:18:59.409,1.17004,1.17035,1.00,1.00
2016.02.08 23:19:03.535,1.17004,1.17034,1.00,1.00
2016.02.08 23:19:04.078,1.17003,1.17035,1.00,1.00
2016.02.08 23:19:04.383,1.17004,1.17033,1.00,1.00
2016.02.08 23:19:04.640,1.17,1.17034,1.00,1.37
2016.02.08 23:19:04.845,1.16996,1.17032,1.37,1.00
2016.02.08 23:19:04.958,1.17,1.17032,1.00,1.00
2016.02.08 23:19:05.315,1.16996,1.17032,1.12,1.00
2016.02.08 23:19:05.417,1.17,1.17032,1.00,1.00
2016.02.08 23:19:05.620,1.16996,1.17032,1.37,1.00
2016.02.08 23:19:05.742,1.16995,1.17032,1.37,1.00
2016.02.08 23:19:05.947,1.16999,1.17032,1.00,1.00
2016.02.08 23:19:06.254,1.17002,1.17033,1.00,1.75
2016.02.08 23:19:06.305,1.16996,1.17033,1.00,1.75
2016.02.08 23:19:07.441,1.16996,1.1703,1.00,1.00
2016.02.08 23:19:08.366,1.16996,1.17029,1.00,1.00
2016.02.08 23:19:09.246,1.16995,1.17029,1.00,1.00
2016.02.08 23:19:10.250,1.16999,1.1703,1.00,1.00
2016.02.08 23:19:10.454,1.17003,1.17037,1.00,1.50
2016.02.08 23:19:11.322,1.17003,1.17036,1.00,1.00
2016.02.08 23:19:11.868,1.17003,1.17037,1.00,1.00
2016.02.08 23:19:12.439,1.17003,1.17035,1.00,1.00
2016.02.08 23:19:13.430,1.17,1.17035,1.37,1.37
2016.02.08 23:19:13.482,1.17,1.17035,1.00,1.37
2016.02.08 23:19:13.533,1.16999,1.17035,1.00,1.75
2016.02.08 23:19:13.839,1.17003,1.17034,1.00,1.00
2016.02.08 23:19:15.307,1.17005,1.17034,1.00,1.00
2016.02.08 23:19:15.562,1.17005,1.17036,1.00,1.00
2016.02.08 23:19:19.867,1.17005,1.17036,1.37,1.00
2016.02.08 23:19:19.919,1.17011,1.17036,1.00,1.00
2016.02.08 23:19:19.970,1.17011,1.17038,1.00,1.00
2016.02.08 23:19:20.275,1.17012,1.17043,1.00,1.12
2016.02.08 23:19:20.378,1.17015,1.17043,1.00,1.12
2016.02.08 23:19:20.684,1.17011,1.17042,1.00,1.00
2016.02.08 23:19:21.783,1.17013,1.17043,1.00,1.12
2016.02.08 23:19:22.223,1.1701,1.17043,1.00,1.12
2016.02.08 23:19:23.343,1.1701,1.1704,1.00,1.00
2016.02.08 23:19:26.391,1.1701,1.17038,1.00,1.00
2016.02.08 23:19:28.315,1.1701,1.17039,1.00,1.00
2016.02.08 23:19:28.622,1.17009,1.17041,1.00,1.00
2016.02.08 23:19:29.129,1.1701,1.17041,1.12,1.00
2016.02.08 23:19:29.633,1.1701,1.17042,1.12,1.00
2016.02.08 23:19:31.886,1.17011,1.17042,1.00,1.00
2016.02.08 23:19:32.081,1.17011,1.17038,1.00,1.12
2016.02.08 23:19:32.132,1.17003,1.17035,1.00,1.75
2016.02.08 23:19:32.184,1.17003,1.17035,1.00,1.50
2016.02.08 23:19:32.235,1.17001,1.17034,1.00,1.37
2016.02.08 23:19:32.505,1.17002,1.17041,1.00,1.75
2016.02.08 23:19:32.556,1.17002,1.17041,1.00,1.75
2016.02.08 23:19:32.710,1.17002,1.17041,1.00,1.75
2016.02.08 23:19:33.775,1.17005,1.17041,1.00,1.75
2016.02.08 23:19:33.877,1.17005,1.17043,1.00,1.75
2016.02.08 23:19:35.137,1.17005,1.17038,1.00,1.00
2016.02.08 23:19:35.677,1.17003,1.17039,1.00,1.00
2016.02.08 23:19:37.431,1.17003,1.17036,1.00,1.00
2016.02.08 23:19:38.473,1.17003,1.17035,1.00,1.00
2016.02.08 23:19:39.880,1.17003,1.17035,1.00,1.37
2016.02.08 23:19:40.033,1.16996,1.17034,1.00,1.50
2016.02.08 23:19:40.084,1.16996,1.17035,1.00,2.25
2016.02.08 23:19:40.186,1.16993,1.17035,1.00,2.25
2016.02.08 23:19:41.496,1.16993,1.17033,1.37,1.00
2016.02.08 23:19:41.598,1.16993,1.17034,1.37,1.00
2016.02.08 23:19:41.928,1.17002,1.17035,1.00,1.12
2016.02.08 23:19:43.384,1.17002,1.17034,1.00,1.00
2016.02.08 23:19:46.430,1.17002,1.17033,1.00,1.00
2016.02.08 23:19:47.005,1.17001,1.17033,1.00,1.00
2016.02.08 23:19:47.551,1.17001,1.17034,1.00,1.00
2016.02.08 23:19:48.240,1.17001,1.17033,1.00,1.00
2016.02.08 23:19:48.292,1.16995,1.17033,1.00,1.37
2016.02.08 23:19:48.547,1.16995,1.17034,1.37,1.50
2016.02.08 23:19:49.611,1.16995,1.17034,1.37,1.75
2016.02.08 23:19:49.713,1.16995,1.17033,1.37,1.00
2016.02.08 23:19:50.227,1.16995,1.17033,1.12,1.00
2016.02.08 23:19:50.927,1.16998,1.17033,1.00,1.00
2016.02.08 23:19:53.023,1.16999,1.17033,1.00,1.00
2016.02.08 23:19:58.542,1.16996,1.17033,1.00,1.00
2016.02.08 23:19:59.663,1.16996,1.17037,1.00,1.87
2016.02.08 23:20:04.278,1.16996,1.17036,1.00,1.75
2016.02.08 23:20:04.448,1.16996,1.17035,1.00,1.00
2016.02.08 23:20:04.500,1.16999,1.17035,1.00,1.00
2016.02.08 23:20:07.149,1.16999,1.17032,1.00,1.00
2016.02.08 23:20:08.225,1.16999,1.17035,1.00,1.50
2016.02.08 23:20:08.276,1.16999,1.17035,1.00,1.75
2016.02.08 23:20:11.196,1.16999,1.17035,1.00,1.00
2016.02.08 23:20:11.738,1.16999,1.17034,1.00,1.00
2016.02.08 23:20:12.399,1.16999,1.17034,1.00,1.50
2016.02.08 23:20:12.911,1.16998,1.17034,1.00,1.50
2016.02.08 23:20:16.446,1.16998,1.1703,1.00,1.00
2016.02.08 23:20:16.598,1.16995,1.1703,1.12,1.00
2016.02.08 23:20:17.138,1.16995,1.17031,1.00,1.12
2016.02.08 23:20:20.273,1.16995,1.17028,1.00,1.00
2016.02.08 23:20:22.962,1.16997,1.17028,1.00,1.00
2016.02.08 23:20:23.267,1.17,1.17029,1.00,1.00
2016.02.08 23:20:23.471,1.17,1.17031,1.00,1.00
2016.02.08 23:20:24.837,1.16997,1.17031,1.00,1.00
2016.02.08 23:20:25.368,1.16997,1.17032,1.00,1.00
2016.02.08 23:20:28.881,1.16995,1.17032,1.00,1.00
2016.02.08 23:20:29.292,1.16995,1.17033,1.00,1.75
2016.02.08 23:20:29.344,1.16991,1.17033,1.00,1.75
2016.02.08 23:20:29.446,1.16989,1.17028,1.00,1.75
2016.02.08 23:20:29.549,1.16982,1.17019,1.00,1.00
2016.02.08 23:20:29.755,1.16979,1.17019,1.37,1.00
2016.02.08 23:20:30.039,1.16986,1.17019,1.00,1.00
2016.02.08 23:20:30.090,1.16981,1.1702,1.00,1.75
2016.02.08 23:20:30.193,1.16981,1.17016,1.00,1.75
2016.02.08 23:20:30.450,1.16975,1.17016,1.00,1.87
2016.02.08 23:20:30.552,1.16979,1.17017,1.00,1.75
2016.02.08 23:20:35.919,1.16981,1.1702,1.00,2.25
2016.02.08 23:20:36.231,1.16979,1.17019,1.00,1.12
2016.02.08 23:20:37.276,1.16983,1.17016,1.00,1.75
2016.02.08 23:20:37.581,1.16983,1.17015,1.00,1.00
2016.02.08 23:20:39.337,1.16982,1.17023,1.37,2.62
2016.02.08 23:20:39.390,1.16982,1.17019,1.37,1.00
2016.02.08 23:20:39.493,1.16982,1.17028,1.37,3.00
2016.02.08 23:20:39.545,1.16992,1.17028,1.00,1.75
2016.02.08 23:20:39.851,1.16996,1.1703,1.00,1.75
2016.02.08 23:20:42.510,1.16997,1.17032,1.00,1.75
2016.02.08 23:20:48.787,1.16993,1.17027,1.00,1.75
2016.02.08 23:20:48.889,1.16993,1.17027,1.00,1.00
2016.02.08 23:20:50.741,1.16993,1.17028,1.00,1.00
2016.02.08 23:20:51.344,1.16992,1.17028,1.00,1.00
2016.02.08 23:20:54.765,1.16993,1.17028,1.00,1.00
2016.02.08 23:20:56.182,1.16993,1.17027,1.00,1.00
2016.02.08 23:20:56.312,1.1699,1.17028,1.00,1.50
2016.02.08 23:21:00.474,1.16989,1.17027,1.00,1.37
2016.02.08 23:21:04.511,1.1699,1.17027,1.00,1.37
2016.02.08 23:21:11.668,1.16989,1.17027,1.00,1.37
2016.02.08 23:21:13.940,1.16989,1.17027,1.00,1.12
2016.02.08 23:21:14.483,1.1699,1.17027,1.00,1.12
2016.02.08 23:21:14.636,1.16992,1.17027,1.00,1.12
2016.02.08 23:21:15.506,1.16992,1.17025,1.00,1.00
2016.02.08 23:21:15.761,1.1699,1.17025,1.00,1.00
2016.02.08 23:21:18.055,1.16991,1.17025,1.00,1.00
2016.02.08 23:21:22.247,1.16991,1.17029,1.37,1.75
2016.02.08 23:21:22.551,1.16998,1.1703,1.00,1.37
2016.02.08 23:21:23.567,1.17001,1.17029,1.00,1.12
2016.02.08 23:21:25.073,1.17001,1.17031,1.00,1.00
2016.02.08 23:21:28.450,1.17003,1.17031,1.00,1.00
2016.02.08 23:21:28.959,1.17003,1.17032,1.00,1.00
2016.02.08 23:21:29.870,1.17003,1.17033,1.00,1.00
2016.02.08 23:21:32.807,1.17003,1.17032,1.00,1.00
2016.02.08 23:21:33.113,1.17005,1.17033,1.00,1.00
2016.02.08 23:21:33.317,1.17005,1.17036,1.00,1.00
2016.02.08 23:21:34.181,1.17005,1.17037,1.50,1.00
2016.02.08 23:21:34.232,1.17009,1.17037,1.00,1.00
2016.02.08 23:21:34.437,1.17005,1.17037,1.00,1.00
2016.02.08 23:21:34.488,1.17005,1.17039,1.00,1.12
2016.02.08 23:21:37.550,1.17008,1.17039,1.12,1.00
2016.02.08 23:21:38.082,1.17008,1.1704,1.12,1.00
2016.02.08 23:21:38.707,1.17008,1.17041,1.00,1.00
2016.02.08 23:21:38.758,1.17006,1.17041,1.00,1.00
2016.02.08 23:21:39.189,1.17011,1.17041,1.00,1.00
2016.02.08 23:21:39.342,1.17011,1.17043,1.00,1.00
2016.02.08 23:21:39.952,1.17012,1.17043,1.00,1.00
2016.02.08 23:21:40.307,1.17012,1.17045,1.00,1.00
2016.02.08 23:21:42.231,1.17012,1.1705,1.37,1.00
2016.02.08 23:21:42.384,1.17016,1.1705,1.00,1.00
2016.02.08 23:21:45.029,1.17016,1.17049,1.00,1.00
2016.02.08 23:21:45.456,1.1702,1.1705,1.00,1.00
2016.02.08 23:21:45.558,1.1702,1.17052,1.00,1.00
2016.02.08 23:21:45.762,1.17018,1.17052,1.00,1.00
2016.02.08 23:21:46.017,1.17018,1.17053,1.00,1.37
2016.02.08 23:21:46.119,1.17018,1.17053,1.00,1.37
2016.02.08 23:21:46.628,1.17018,1.17053,1.00,1.00
2016.02.08 23:21:47.424,1.17018,1.17051,1.12,1.00
2016.02.08 23:21:48.836,1.17018,1.17052,1.12,1.00
2016.02.08 23:21:50.269,1.17019,1.17052,1.00,1.00
2016.02.08 23:21:50.591,1.17019,1.17056,1.00,1.50
2016.02.08 23:21:50.644,1.17024,1.17056,1.00,1.50
2016.02.08 23:21:50.975,1.17026,1.17056,1.00,1.50
2016.02.08 23:21:51.026,1.17026,1.17056,1.00,1.12
2016.02.08 23:21:51.535,1.17025,1.17056,1.12,1.00
2016.02.08 23:21:52.050,1.17025,1.17056,1.37,1.00
2016.02.08 23:21:52.162,1.17025,1.17058,1.37,1.00
2016.02.08 23:21:52.901,1.17025,1.17058,1.12,1.12
