2016.02.26 07:00:00.308,1.14033,1.14046,1.00,1.00
2016.02.26 07:00:00.613,1.14041,1.14059,1.87,1.50
2016.02.26 07:00:00.716,1.14041,1.14058,1.50,1.12
2016.02.26 07:00:01.364,1.1404,1.14058,1.12,1.87
2016.02.26 07:00:01.686,1.14042,1.14058,1.00,1.12
2016.02.26 07:00:01.942,1.14044,1.1406,1.00,1.50
2016.02.26 07:00:02.045,1.14044,1.14061,1.75,1.00
2016.02.26 07:00:02.352,1.14041,1.14057,1.50,1.12
2016.02.26 07:00:02.672,1.14043,1.14057,1.00,1.12
2016.02.26 07:00:02.836,1.14046,1.14061,1.00,1.87
2016.02.26 07:00:03.089,1.14051,1.14061,1.00,1.87
2016.02.26 07:00:03.242,1.14052,1.14066,1.00,1.12
2016.02.26 07:00:03.293,1.14056,1.14066,1.00,1.12
2016.02.26 07:00:03.732,1.14065,1.14078,1.00,1.12
2016.02.26 07:00:03.783,1.14068,1.14078,1.00,1.12
2016.02.26 07:00:03.835,1.14072,1.14081,1.00,1.75
2016.02.26 07:00:03.887,1.14074,1.14081,1.00,1.75
2016.02.26 07:00:04.040,1.14075,1.14088,1.00,1.12
2016.02.26 07:00:04.192,1.14072,1.1409,1.00,2.25
2016.02.26 07:00:04.299,1.14075,1.1409,1.00,1.75
2016.02.26 07:00:04.408,1.14073,1.1409,1.00,1.75
2016.02.26 07:00:04.510,1.14074,1.14085,1.00,1.75
2016.02.26 07:00:04.818,1.14072,1.1409,1.00,2.25
2016.02.26 07:00:04.920,1.14075,1.1409,1.00,2.25
2016.02.26 07:00:05.224,1.14089,1.14102,1.00,2.62
2016.02.26 07:00:05.427,1.14089,1.14102,1.00,2.25
2016.02.26 07:00:06.052,1.14089,1.14106,1.00,2.25
2016.02.26 07:00:06.118,1.14092,1.14106,1.00,2.25
2016.02.26 07:00:06.423,1.14107,1.14114,1.00,1.50
2016.02.26 07:00:06.525,1.14119,1.14124,1.00,1.00
2016.02.26 07:00:06.577,1.14122,1.14129,1.50,1.12
2016.02.26 07:00:06.629,1.14125,1.14132,1.00,1.87
2016.02.26 07:00:06.680,1.14128,1.14132,1.50,1.12
2016.02.26 07:00:06.732,1.14133,1.14146,1.00,1.12
2016.02.26 07:00:06.979,1.14143,1.14153,1.00,1.00
2016.02.26 07:00:07.133,1.14143,1.14157,1.00,1.12
2016.02.26 07:00:07.184,1.14145,1.14157,1.00,1.12
2016.02.26 07:00:07.338,1.14145,1.14164,1.00,1.75
2016.02.26 07:00:07.389,1.14147,1.14159,1.00,1.00
2016.02.26 07:00:07.491,1.14144,1.14159,1.00,1.00
2016.02.26 07:00:07.593,1.14137,1.14153,1.75,1.00
2016.02.26 07:00:07.645,1.14137,1.14153,1.00,1.00
2016.02.26 07:00:07.697,1.14132,1.14153,1.00,1.00
2016.02.26 07:00:07.902,1.14131,1.14148,1.12,1.00
2016.02.26 07:00:08.004,1.14129,1.14149,1.00,1.50
2016.02.26 07:00:08.310,1.14131,1.14152,1.00,1.12
2016.02.26 07:00:08.463,1.14134,1.14153,1.00,1.00
2016.02.26 07:00:08.678,1.14136,1.14153,1.00,1.00
2016.02.26 07:00:09.035,1.14138,1.14157,1.00,1.50
2016.02.26 07:00:09.322,1.14142,1.14159,1.00,1.00
2016.02.26 07:00:09.778,1.1414,1.14159,1.00,1.00
2016.02.26 07:00:10.000,1.14142,1.14159,1.00,1.00
2016.02.26 07:00:10.503,1.14141,1.14159,1.00,1.00
2016.02.26 07:00:10.656,1.14139,1.14159,1.00,1.00
2016.02.26 07:00:11.162,1.14139,1.14159,1.00,1.12
2016.02.26 07:00:11.213,1.14137,1.14157,1.00,1.75
2016.02.26 07:00:11.828,1.14138,1.14157,1.00,1.75
2016.02.26 07:00:11.981,1.14136,1.14157,1.00,1.75
2016.02.26 07:00:12.235,1.14137,1.14155,1.00,3.37
2016.02.26 07:00:12.337,1.14133,1.14153,1.00,1.75
2016.02.26 07:00:12.440,1.1413,1.14151,1.00,1.12
2016.02.26 07:00:12.542,1.1413,1.14146,1.00,1.00
2016.02.26 07:00:12.951,1.1413,1.14138,1.00,1.87
2016.02.26 07:00:13.003,1.14117,1.14138,1.00,1.87
2016.02.26 07:00:13.156,1.14117,1.14138,1.00,1.00
2016.02.26 07:00:13.207,1.14118,1.14136,1.00,1.00
2016.02.26 07:00:13.360,1.14115,1.14136,1.00,1.50
2016.02.26 07:00:13.564,1.14112,1.14134,1.12,1.37
2016.02.26 07:00:13.768,1.14109,1.14131,1.50,1.37
2016.02.26 07:00:14.292,1.14109,1.14132,1.37,1.12
2016.02.26 07:00:14.395,1.14097,1.14118,1.12,1.37
2016.02.26 07:00:14.446,1.14097,1.14117,1.00,2.62
2016.02.26 07:00:14.497,1.14093,1.14111,1.12,1.00
2016.02.26 07:00:14.548,1.14092,1.14113,1.00,1.00
2016.02.26 07:00:14.762,1.1409,1.14113,1.87,1.50
2016.02.26 07:00:15.067,1.14089,1.14112,1.37,1.37
2016.02.26 07:00:15.169,1.14088,1.14111,1.00,1.75
2016.02.26 07:00:15.504,1.14084,1.14105,1.00,1.00
2016.02.26 07:00:15.827,1.14083,1.14104,1.37,1.75
2016.02.26 07:00:15.878,1.14087,1.14108,1.00,1.75
2016.02.26 07:00:15.981,1.14091,1.14109,1.00,1.12
2016.02.26 07:00:16.083,1.14087,1.14109,1.12,2.62
2016.02.26 07:00:16.287,1.14092,1.14109,1.12,1.12
2016.02.26 07:00:16.678,1.14106,1.14123,1.00,1.00
2016.02.26 07:00:16.882,1.14111,1.14128,1.00,1.12
2016.02.26 07:00:17.278,1.14115,1.14132,1.37,1.12
2016.02.26 07:00:17.483,1.1412,1.14135,1.37,1.00
2016.02.26 07:00:17.534,1.14124,1.14135,1.00,1.00
2016.02.26 07:00:17.689,1.14123,1.14139,1.12,1.00
2016.02.26 07:00:17.962,1.14122,1.14139,1.37,1.00
2016.02.26 07:00:18.013,1.14122,1.14139,1.00,1.00
2016.02.26 07:00:18.270,1.14124,1.14139,1.00,1.00
2016.02.26 07:00:19.086,1.14123,1.14139,1.00,1.00
2016.02.26 07:00:19.331,1.1412,1.14139,1.00,1.00
2016.02.26 07:00:19.382,1.14117,1.14138,1.00,2.25
2016.02.26 07:00:19.484,1.14115,1.14135,1.00,1.12
2016.02.26 07:00:19.535,1.14115,1.14132,1.00,1.00
2016.02.26 07:00:19.942,1.14112,1.14131,1.00,1.00
2016.02.26 07:00:19.993,1.14112,1.1413,1.00,1.50
2016.02.26 07:00:20.298,1.14115,1.14132,1.00,1.87
2016.02.26 07:00:20.541,1.14115,1.14134,1.00,1.12
2016.02.26 07:00:20.593,1.14118,1.14135,1.00,1.87
2016.02.26 07:00:21.113,1.14119,1.14132,1.00,1.00
2016.02.26 07:00:21.164,1.14113,1.14132,1.00,1.00
2016.02.26 07:00:21.266,1.14113,1.14129,1.00,1.50
2016.02.26 07:00:21.367,1.1411,1.14129,1.87,1.75
2016.02.26 07:00:22.139,1.14111,1.1413,1.00,1.12
2016.02.26 07:00:22.241,1.14113,1.1413,1.00,1.12
2016.02.26 07:00:22.292,1.14113,1.1413,2.25,1.00
2016.02.26 07:00:22.495,1.14115,1.1413,1.00,1.00
2016.02.26 07:00:22.902,1.14115,1.14128,1.00,1.12
2016.02.26 07:00:23.005,1.14111,1.14128,1.00,1.12
2016.02.26 07:00:25.062,1.1411,1.14128,1.50,1.12
2016.02.26 07:00:25.215,1.14112,1.14128,1.00,1.12
2016.02.26 07:00:25.469,1.14111,1.14127,1.50,1.00
2016.02.26 07:00:27.213,1.14111,1.14128,1.00,1.12
2016.02.26 07:00:28.310,1.14109,1.14127,1.00,1.75
2016.02.26 07:00:28.853,1.14108,1.14128,1.87,1.87
2016.02.26 07:00:30.115,1.14108,1.14128,1.50,1.87
2016.02.26 07:00:30.369,1.14111,1.14128,1.00,1.12
2016.02.26 07:00:30.899,1.14109,1.14128,1.37,1.12
2016.02.26 07:00:31.407,1.14109,1.14128,1.12,1.12
2016.02.26 07:00:31.923,1.14108,1.14128,3.00,1.12
2016.02.26 07:00:32.255,1.1411,1.14128,1.00,1.12
2016.02.26 07:00:33.605,1.14113,1.14129,1.00,1.12
2016.02.26 07:00:33.658,1.14113,1.14127,1.50,1.00
2016.02.26 07:00:34.974,1.14114,1.14127,1.00,1.00
2016.02.26 07:00:35.476,1.14113,1.14127,1.00,1.00
2016.02.26 07:00:35.984,1.14114,1.14127,1.00,1.00
2016.02.26 07:00:36.705,1.14115,1.14127,1.00,1.00
2016.02.26 07:00:36.993,1.14115,1.14133,1.12,1.87
2016.02.26 07:00:37.298,1.14114,1.14134,1.75,1.75
2016.02.26 07:00:37.552,1.14117,1.14135,1.50,1.12
2016.02.26 07:00:37.604,1.14122,1.14137,1.00,1.75
2016.02.26 07:00:37.757,1.14123,1.14139,1.37,1.87
2016.02.26 07:00:37.808,1.14124,1.14139,1.37,1.00
2016.02.26 07:00:38.514,1.14129,1.14145,1.00,1.87
2016.02.26 07:00:38.831,1.14131,1.14145,1.00,1.12
2016.02.26 07:00:39.136,1.14136,1.14151,1.00,1.75
2016.02.26 07:00:39.340,1.14137,1.14156,1.12,1.12
2016.02.26 07:00:39.394,1.14139,1.14156,1.00,1.12
2016.02.26 07:00:39.814,1.14144,1.14159,1.00,1.00
2016.02.26 07:00:39.870,1.14146,1.14159,1.00,1.00
2016.02.26 07:00:40.175,1.1415,1.14165,1.12,1.12
2016.02.26 07:00:40.227,1.14151,1.14168,1.00,1.87
2016.02.26 07:00:40.588,1.14149,1.14168,1.12,1.12
2016.02.26 07:00:41.117,1.1415,1.14166,1.00,1.50
2016.02.26 07:00:41.225,1.14149,1.14166,1.87,1.00
2016.02.26 07:00:41.547,1.14146,1.14164,1.12,1.12
2016.02.26 07:00:41.598,1.14145,1.14161,1.00,1.50
2016.02.26 07:00:41.650,1.14145,1.14157,1.00,1.00
2016.02.26 07:00:41.803,1.1414,1.14155,1.75,1.00
2016.02.26 07:00:41.906,1.14138,1.14151,1.00,1.00
2016.02.26 07:00:42.211,1.14135,1.14151,1.87,1.00
2016.02.26 07:00:42.415,1.14134,1.14148,1.50,1.00
2016.02.26 07:00:42.667,1.14131,1.14147,1.75,1.00
2016.02.26 07:00:42.720,1.1413,1.14143,1.00,1.00
2016.02.26 07:00:42.824,1.14125,1.14143,2.25,1.37
2016.02.26 07:00:43.030,1.14123,1.1414,2.25,1.00
2016.02.26 07:00:43.132,1.14123,1.14138,1.37,1.00
2016.02.26 07:00:43.387,1.14122,1.14135,1.50,1.00
2016.02.26 07:00:43.540,1.14122,1.14135,1.00,1.00
2016.02.26 07:00:43.781,1.14119,1.14137,1.12,1.50
2016.02.26 07:00:43.935,1.1412,1.14137,1.75,1.12
2016.02.26 07:00:44.345,1.14126,1.14142,1.12,1.00
2016.02.26 07:00:44.454,1.14125,1.14141,1.00,1.00
2016.02.26 07:00:45.135,1.14122,1.14141,1.12,1.12
2016.02.26 07:00:45.743,1.14126,1.14141,1.00,1.12
2016.02.26 07:00:45.845,1.14129,1.14146,1.00,1.12
2016.02.26 07:00:45.896,1.14132,1.14146,1.00,1.12
2016.02.26 07:00:45.947,1.14133,1.14147,1.00,1.75
2016.02.26 07:00:45.998,1.14135,1.14147,1.00,1.75
2016.02.26 07:00:46.049,1.14135,1.14154,1.12,1.12
2016.02.26 07:00:46.548,1.14138,1.14155,1.37,1.50
2016.02.26 07:00:46.856,1.14144,1.14158,1.00,1.00
2016.02.26 07:00:46.959,1.14145,1.14163,2.25,1.37
2016.02.26 07:00:47.164,1.14147,1.14166,1.50,1.12
2016.02.26 07:00:47.215,1.14148,1.14168,2.25,1.12
2016.02.26 07:00:47.266,1.14151,1.14171,1.00,1.87
2016.02.26 07:00:47.419,1.14151,1.14168,1.87,1.87
2016.02.26 07:00:47.938,1.1415,1.14171,1.37,1.12
2016.02.26 07:00:47.989,1.14149,1.14171,1.37,1.12
2016.02.26 07:00:48.142,1.14149,1.14167,1.00,1.12
2016.02.26 07:00:48.193,1.14146,1.14167,1.00,1.12
2016.02.26 07:00:48.244,1.14146,1.14161,1.00,1.00
2016.02.26 07:00:48.550,1.14142,1.14159,1.00,1.50
2016.02.26 07:00:48.755,1.14132,1.14153,1.50,3.37
2016.02.26 07:00:48.997,1.14131,1.14148,1.12,1.75
2016.02.26 07:00:49.631,1.14127,1.14147,1.75,1.87
2016.02.26 07:00:49.682,1.14127,1.14147,1.37,1.87
2016.02.26 07:00:49.784,1.14124,1.14141,1.12,1.00
2016.02.26 07:00:49.835,1.14124,1.14141,1.00,1.50
2016.02.26 07:00:50.090,1.14124,1.14139,1.00,1.00
2016.02.26 07:00:50.423,1.1412,1.14139,1.37,1.37
2016.02.26 07:00:50.475,1.1412,1.14137,1.00,1.00
2016.02.26 07:00:50.983,1.1412,1.14138,1.12,1.00
2016.02.26 07:00:51.393,1.14121,1.14138,1.37,1.00
2016.02.26 07:00:51.444,1.14121,1.14143,1.37,2.25
2016.02.26 07:00:51.495,1.14122,1.14143,1.37,1.50
2016.02.26 07:00:52.034,1.14124,1.14146,1.00,1.12
2016.02.26 07:00:52.187,1.14125,1.14147,1.00,1.50
2016.02.26 07:00:52.341,1.14127,1.14149,1.12,1.87
2016.02.26 07:00:52.647,1.14129,1.14149,1.12,1.12
2016.02.26 07:00:53.251,1.14131,1.14153,1.87,2.62
2016.02.26 07:00:53.353,1.14131,1.14153,1.87,1.50
2016.02.26 07:00:54.318,1.14131,1.14153,1.50,1.50
2016.02.26 07:00:55.548,1.14131,1.14153,1.00,2.62
2016.02.26 07:00:55.599,1.14129,1.14152,1.12,1.87
2016.02.26 07:00:55.752,1.14131,1.14152,1.00,1.87
2016.02.26 07:00:56.141,1.14131,1.14146,1.00,1.50
2016.02.26 07:00:56.192,1.14129,1.14146,1.00,1.87
2016.02.26 07:00:56.243,1.14126,1.14146,1.87,1.87
2016.02.26 07:00:56.345,1.14126,1.14143,1.00,1.12
2016.02.26 07:00:56.447,1.1412,1.14141,3.00,1.75
2016.02.26 07:00:56.550,1.14121,1.14139,1.37,1.37
2016.02.26 07:00:56.653,1.14119,1.14135,1.00,1.00
2016.02.26 07:00:56.856,1.14119,1.14135,1.00,1.12
2016.02.26 07:00:57.060,1.14117,1.14135,1.50,1.12
2016.02.26 07:00:57.162,1.14117,1.14137,2.25,1.12
2016.02.26 07:00:57.453,1.14114,1.14135,2.25,1.87
2016.02.26 07:00:57.714,1.14114,1.14132,1.00,1.12
2016.02.26 07:00:57.765,1.14112,1.14132,1.12,1.12
2016.02.26 07:00:59.300,1.14114,1.14132,1.00,1.87
2016.02.26 07:00:59.962,1.14115,1.14132,1.50,1.12
2016.02.26 07:01:00.407,1.14116,1.14134,1.12,1.12
2016.02.26 07:01:00.713,1.14115,1.14132,1.50,1.87
2016.02.26 07:01:01.223,1.14115,1.14128,1.12,1.00
2016.02.26 07:01:04.082,1.14113,1.14128,1.00,1.00
2016.02.26 07:01:04.184,1.14114,1.14129,1.00,1.12
2016.02.26 07:01:04.388,1.14111,1.1413,1.50,1.12
2016.02.26 07:01:04.591,1.1411,1.14125,1.00,1.00
2016.02.26 07:01:04.846,1.14108,1.14125,1.00,1.00
2016.02.26 07:01:05.082,1.14107,1.14126,1.00,1.12
2016.02.26 07:01:05.597,1.14105,1.14124,1.87,1.75
2016.02.26 07:01:05.902,1.14107,1.14127,1.50,1.12
2016.02.26 07:01:06.783,1.14101,1.14124,3.00,1.87
2016.02.26 07:01:07.089,1.141,1.14119,1.50,1.87
2016.02.26 07:01:07.294,1.14096,1.14116,1.50,1.75
2016.02.26 07:01:07.345,1.14095,1.1411,1.75,1.00
2016.02.26 07:01:07.691,1.14093,1.14107,1.00,1.75
2016.02.26 07:01:07.743,1.14089,1.14109,1.12,2.62
2016.02.26 07:01:07.794,1.14089,1.14109,1.00,2.62
2016.02.26 07:01:07.897,1.14087,1.14106,1.00,1.50
2016.02.26 07:01:08.101,1.14085,1.14106,1.00,1.50
2016.02.26 07:01:08.628,1.14084,1.14106,1.00,1.50
2016.02.26 07:01:09.195,1.14083,1.14104,1.87,1.12
2016.02.26 07:01:09.347,1.14086,1.14105,1.00,1.37
2016.02.26 07:01:09.861,1.14085,1.14108,1.00,2.62
2016.02.26 07:01:10.191,1.14088,1.14108,1.00,1.50
2016.02.26 07:01:10.395,1.14091,1.14112,1.12,1.75
2016.02.26 07:01:10.446,1.14095,1.14113,1.00,1.75
2016.02.26 07:01:10.650,1.14098,1.14115,1.00,1.00
2016.02.26 07:01:10.701,1.141,1.14115,1.37,1.00
2016.02.26 07:01:11.006,1.14109,1.14126,1.00,1.75
2016.02.26 07:01:11.524,1.14115,1.14133,1.00,1.87
2016.02.26 07:01:11.830,1.14115,1.14134,1.00,3.00
2016.02.26 07:01:12.410,1.14114,1.14134,1.00,1.50
2016.02.26 07:01:12.462,1.14113,1.14128,1.12,1.00
2016.02.26 07:01:12.822,1.14108,1.14125,1.00,1.00
2016.02.26 07:01:12.874,1.14108,1.1412,1.00,1.00
2016.02.26 07:01:12.926,1.14104,1.1412,1.00,1.00
2016.02.26 07:01:13.028,1.14099,1.14118,1.37,1.00
2016.02.26 07:01:13.386,1.14103,1.1412,1.00,1.87
2016.02.26 07:01:13.592,1.141,1.14118,1.12,1.50
2016.02.26 07:01:13.747,1.141,1.14115,1.00,1.00
2016.02.26 07:01:13.799,1.14098,1.14115,1.00,1.00
2016.02.26 07:01:14.210,1.14095,1.14115,1.37,1.12
2016.02.26 07:01:14.468,1.14098,1.14115,1.00,1.37
2016.02.26 07:01:16.122,1.141,1.14115,1.00,1.50
2016.02.26 07:01:16.681,1.141,1.14115,1.50,1.00
2016.02.26 07:01:17.187,1.14099,1.14115,1.50,1.37
2016.02.26 07:01:17.733,1.14097,1.14115,1.87,1.50
2016.02.26 07:01:18.716,1.14099,1.14115,1.50,1.50
2016.02.26 07:01:19.034,1.14097,1.1411,1.00,1.12
2016.02.26 07:01:19.638,1.14095,1.1411,1.87,1.00
2016.02.26 07:01:20.664,1.14086,1.14102,1.87,1.00
2016.02.26 07:01:20.919,1.14086,1.14102,1.50,1.37
2016.02.26 07:01:21.433,1.14086,1.14102,1.00,1.00
2016.02.26 07:01:22.057,1.14087,1.14104,1.00,1.12
2016.02.26 07:01:22.645,1.14087,1.14106,1.12,1.00
2016.02.26 07:01:24.066,1.14087,1.14108,1.12,1.12
2016.02.26 07:01:24.168,1.14089,1.1411,1.00,2.25
2016.02.26 07:01:24.270,1.14091,1.14113,1.00,1.50
2016.02.26 07:01:24.321,1.14091,1.14113,1.37,2.25
2016.02.26 07:01:24.625,1.14096,1.14115,1.00,1.50
2016.02.26 07:01:28.665,1.14095,1.14115,1.00,1.50
2016.02.26 07:01:29.131,1.14095,1.14115,1.12,2.25
2016.02.26 07:01:29.761,1.14098,1.14115,1.12,1.87
2016.02.26 07:01:29.863,1.14096,1.14115,1.00,1.87
2016.02.26 07:01:30.382,1.14094,1.14114,2.25,1.75
2016.02.26 07:01:32.464,1.14096,1.14115,1.00,2.62
2016.02.26 07:01:32.749,1.141,1.14116,1.12,1.12
2016.02.26 07:01:32.808,1.141,1.14115,1.87,1.00
2016.02.26 07:01:32.960,1.14104,1.14121,1.50,1.00
2016.02.26 07:01:33.062,1.14104,1.14121,1.00,1.87
2016.02.26 07:01:33.266,1.14103,1.14123,1.37,1.75
2016.02.26 07:01:33.519,1.14107,1.14124,1.00,1.87
2016.02.26 07:01:33.835,1.14106,1.14124,1.37,1.75
2016.02.26 07:01:34.352,1.14107,1.14127,1.75,1.87
2016.02.26 07:01:34.404,1.14111,1.14127,1.00,1.87
2016.02.26 07:01:34.456,1.14111,1.14128,1.87,1.50
2016.02.26 07:01:34.864,1.14111,1.14126,1.00,1.50
2016.02.26 07:01:34.915,1.14108,1.14123,1.12,1.00
2016.02.26 07:01:34.967,1.14108,1.14123,1.00,1.75
2016.02.26 07:01:35.018,1.14105,1.14123,1.87,1.75
2016.02.26 07:01:37.074,1.14106,1.14125,1.37,1.87
2016.02.26 07:01:37.125,1.14106,1.14125,1.12,1.50
2016.02.26 07:01:37.521,1.14107,1.14127,1.87,1.75
2016.02.26 07:01:37.877,1.14105,1.14123,1.87,1.00
2016.02.26 07:01:38.173,1.14105,1.14122,1.00,1.00
2016.02.26 07:01:42.446,1.14105,1.14121,1.00,1.00
2016.02.26 07:01:42.498,1.14103,1.14119,1.37,1.37
2016.02.26 07:01:42.549,1.14103,1.14119,1.00,1.75
2016.02.26 07:01:43.020,1.14099,1.14115,1.37,1.37
2016.02.26 07:01:43.071,1.14099,1.14115,1.00,1.75
2016.02.26 07:01:43.376,1.14094,1.14111,1.00,1.00
2016.02.26 07:01:46.378,1.14093,1.14113,1.87,2.62
2016.02.26 07:01:46.789,1.1409,1.14108,1.00,1.87
2016.02.26 07:01:46.841,1.1409,1.14108,1.37,1.50
2016.02.26 07:01:46.892,1.1409,1.14109,1.87,1.87
2016.02.26 07:01:46.943,1.14093,1.14109,1.00,1.50
2016.02.26 07:01:47.182,1.14093,1.14109,1.50,1.50
2016.02.26 07:01:47.233,1.14095,1.14111,1.00,1.00
2016.02.26 07:01:48.812,1.14091,1.14112,3.00,1.75
2016.02.26 07:01:48.863,1.14091,1.14112,2.62,1.75
2016.02.26 07:01:49.374,1.14091,1.14112,2.62,1.75
2016.02.26 07:01:50.165,1.1409,1.14108,1.12,1.50
2016.02.26 07:01:50.471,1.14086,1.14097,1.00,1.12
2016.02.26 07:01:50.573,1.14086,1.14106,1.75,1.75
2016.02.26 07:01:52.512,1.1409,1.14107,1.00,1.12
2016.02.26 07:01:52.614,1.14093,1.14112,1.00,2.62
2016.02.26 07:01:52.767,1.14092,1.14112,1.75,1.87
2016.02.26 07:01:53.099,1.14092,1.14112,2.25,1.87
2016.02.26 07:01:55.769,1.14091,1.14112,2.62,2.62
2016.02.26 07:01:56.073,1.14096,1.14113,1.00,1.75
2016.02.26 07:01:56.468,1.14098,1.14118,1.00,1.12
2016.02.26 07:01:56.975,1.14097,1.14118,1.87,1.12
2016.02.26 07:01:57.228,1.141,1.14121,1.12,1.87
2016.02.26 07:01:59.637,1.141,1.14116,1.12,1.00
2016.02.26 07:01:59.791,1.14097,1.14113,1.12,1.37
2016.02.26 07:01:59.842,1.14095,1.14113,2.25,1.50
2016.02.26 07:01:59.995,1.14094,1.14113,1.50,2.62
2016.02.26 07:02:00.046,1.14094,1.14112,1.12,1.12
2016.02.26 07:02:01.093,1.14095,1.14112,1.00,1.12
2016.02.26 07:02:01.871,1.14095,1.14112,1.37,1.12
2016.02.26 07:02:01.922,1.14096,1.14116,1.00,2.25
2016.02.26 07:02:02.594,1.14097,1.14116,1.00,1.75
2016.02.26 07:02:02.645,1.14097,1.14117,1.12,1.50
2016.02.26 07:02:05.065,1.14098,1.14117,2.62,1.50
2016.02.26 07:02:05.116,1.14101,1.1412,1.50,1.75
2016.02.26 07:02:05.167,1.14101,1.14122,1.50,1.87
2016.02.26 07:02:05.636,1.14104,1.14123,1.50,1.12
2016.02.26 07:02:05.942,1.14106,1.14128,1.75,1.87
2016.02.26 07:02:07.266,1.14107,1.14127,1.37,1.12
2016.02.26 07:02:07.318,1.14103,1.14122,2.25,1.12
2016.02.26 07:02:07.420,1.14102,1.14122,1.37,4.87
2016.02.26 07:02:07.471,1.14101,1.14118,1.00,1.00
2016.02.26 07:02:07.928,1.14098,1.14119,1.37,1.87
2016.02.26 07:02:07.980,1.14098,1.14115,1.12,1.00
2016.02.26 07:02:08.651,1.14101,1.14117,1.00,1.00
2016.02.26 07:02:09.572,1.14102,1.14117,1.00,1.00
2016.02.26 07:02:10.186,1.14101,1.14117,1.00,1.00
2016.02.26 07:02:18.979,1.14097,1.1412,3.00,3.37
2016.02.26 07:02:19.341,1.14097,1.14118,2.62,1.12
2016.02.26 07:02:21.695,1.14097,1.14114,1.12,1.12
2016.02.26 07:02:21.797,1.14097,1.14117,1.50,1.75
2016.02.26 07:02:27.864,1.14095,1.14115,1.37,1.12
2016.02.26 07:02:27.915,1.14095,1.14112,1.12,1.00
2016.02.26 07:02:31.477,1.14098,1.14112,1.00,1.00
2016.02.26 07:02:31.731,1.141,1.14118,1.12,1.87
2016.02.26 07:02:31.782,1.14103,1.14118,1.00,1.87
2016.02.26 07:02:32.546,1.14099,1.14119,1.87,1.12
2016.02.26 07:02:32.598,1.14099,1.14119,1.50,1.87
2016.02.26 07:02:36.187,1.14098,1.14117,1.87,1.12
2016.02.26 07:02:36.238,1.14098,1.14113,1.50,1.00
2016.02.26 07:02:36.767,1.14097,1.14113,1.12,1.00
2016.02.26 07:02:38.996,1.14098,1.14113,1.00,1.00
2016.02.26 07:02:39.199,1.14096,1.14113,1.00,1.00
2016.02.26 07:02:39.301,1.14095,1.14114,1.37,2.25
2016.02.26 07:02:39.605,1.14095,1.14113,1.00,1.12
2016.02.26 07:02:40.974,1.14093,1.14112,1.37,1.75
2016.02.26 07:02:41.076,1.14092,1.14112,1.12,1.12
2016.02.26 07:02:41.178,1.14094,1.1411,1.75,1.00
2016.02.26 07:02:41.229,1.14094,1.14112,1.75,1.12
2016.02.26 07:02:41.281,1.14092,1.1411,1.12,1.50
2016.02.26 07:02:41.554,1.1409,1.1411,1.50,2.62
2016.02.26 07:02:41.707,1.14092,1.14111,1.12,2.62
2016.02.26 07:02:43.387,1.1409,1.14109,1.12,1.12
2016.02.26 07:02:43.693,1.14089,1.14106,1.00,1.12
2016.02.26 07:02:44.417,1.14087,1.14106,1.37,1.12
2016.02.26 07:02:46.318,1.14089,1.14106,1.00,1.12
2016.02.26 07:02:46.847,1.1409,1.14106,1.00,1.12
2016.02.26 07:02:48.538,1.14089,1.14106,1.00,1.12
2016.02.26 07:02:49.395,1.14085,1.14105,1.75,2.25
2016.02.26 07:02:54.330,1.14089,1.14106,1.00,1.12
2016.02.26 07:02:54.685,1.14087,1.14104,1.12,1.87
2016.02.26 07:02:55.101,1.1409,1.14107,1.00,2.62
2016.02.26 07:02:55.640,1.1409,1.14107,1.12,1.75
2016.02.26 07:02:56.006,1.1409,1.14111,1.75,2.62
2016.02.26 07:02:58.221,1.14093,1.14111,1.50,1.12
2016.02.26 07:02:58.424,1.14094,1.14114,2.25,2.62
2016.02.26 07:02:59.027,1.14096,1.14114,1.00,1.87
2016.02.26 07:02:59.180,1.14096,1.14115,1.87,1.12
2016.02.26 07:02:59.231,1.14099,1.14116,1.00,3.00
2016.02.26 07:02:59.741,1.14096,1.14116,1.75,1.75
2016.02.26 07:03:06.802,1.14094,1.14112,1.75,1.50
2016.02.26 07:03:06.905,1.14093,1.14111,1.37,1.37
2016.02.26 07:03:06.956,1.14093,1.1411,1.00,1.00
2016.02.26 07:03:07.210,1.14089,1.14109,1.87,1.87
2016.02.26 07:03:07.261,1.14088,1.14109,1.75,2.25
2016.02.26 07:03:08.621,1.14091,1.1411,1.75,1.12
2016.02.26 07:03:12.629,1.14094,1.14112,1.00,1.75
2016.02.26 07:03:15.953,1.14094,1.14114,1.75,3.00
2016.02.26 07:03:16.461,1.14093,1.14112,1.75,1.00
2016.02.26 07:03:16.963,1.14095,1.14111,1.00,1.00
2016.02.26 07:03:17.484,1.14095,1.14112,1.00,1.50
2016.02.26 07:03:22.964,1.14095,1.1411,1.00,1.00
2016.02.26 07:03:23.845,1.14091,1.1411,1.50,1.75
2016.02.26 07:03:24.149,1.14092,1.1411,1.75,1.50
2016.02.26 07:03:25.020,1.14095,1.14112,1.00,1.75
2016.02.26 07:03:27.717,1.14095,1.1411,1.00,1.87
2016.02.26 07:03:27.775,1.1409,1.14108,1.50,1.75
2016.02.26 07:03:28.053,1.14091,1.14104,1.00,1.12
2016.02.26 07:03:28.155,1.14088,1.14106,1.12,1.87
2016.02.26 07:03:28.522,1.14091,1.14106,1.00,2.62
2016.02.26 07:03:28.979,1.14091,1.14106,1.12,1.50
2016.02.26 07:03:29.316,1.14089,1.14106,1.50,1.50
2016.02.26 07:03:29.468,1.14089,1.14104,1.00,1.00
2016.02.26 07:03:29.974,1.14088,1.14104,1.00,1.00
2016.02.26 07:03:30.278,1.1409,1.14104,1.00,1.00
2016.02.26 07:03:33.392,1.14088,1.14104,1.00,1.00
2016.02.26 07:03:33.494,1.14088,1.14104,1.00,1.12
2016.02.26 07:03:33.988,1.14088,1.14106,1.12,1.75
2016.02.26 07:03:34.292,1.14092,1.14107,1.00,1.87
2016.02.26 07:03:34.394,1.14092,1.14108,1.12,1.75
2016.02.26 07:03:37.807,1.14089,1.14105,1.00,1.00
2016.02.26 07:03:38.314,1.14088,1.14105,1.00,1.50
2016.02.26 07:03:38.868,1.14089,1.14105,1.00,1.50
2016.02.26 07:03:39.277,1.14092,1.14105,1.00,1.00
2016.02.26 07:03:39.328,1.14092,1.14109,1.00,3.00
2016.02.26 07:03:39.835,1.14093,1.1411,1.00,2.25
2016.02.26 07:03:40.638,1.14092,1.1411,1.00,2.25
2016.02.26 07:03:40.892,1.14088,1.14104,1.00,1.00
2016.02.26 07:03:41.415,1.14087,1.14103,1.00,1.00
2016.02.26 07:03:43.494,1.14088,1.14103,1.00,1.00
2016.02.26 07:03:43.739,1.14089,1.14108,1.87,1.75
2016.02.26 07:03:45.041,1.14091,1.1411,1.12,1.12
2016.02.26 07:03:45.092,1.14092,1.14109,1.00,1.00
2016.02.26 07:03:45.502,1.14093,1.14111,1.50,1.12
2016.02.26 07:03:48.363,1.14093,1.14109,1.00,1.00
2016.02.26 07:03:48.680,1.14092,1.1411,1.12,1.00
2016.02.26 07:03:48.732,1.1409,1.1411,3.00,1.50
2016.02.26 07:03:49.746,1.14091,1.14109,1.12,1.87
2016.02.26 07:03:51.628,1.14093,1.1411,1.00,1.50
2016.02.26 07:03:51.984,1.14096,1.1411,1.00,1.00
2016.02.26 07:03:52.237,1.14098,1.14114,1.12,2.25
2016.02.26 07:03:52.340,1.141,1.14114,1.00,1.50
2016.02.26 07:03:52.442,1.141,1.14115,1.87,1.00
2016.02.26 07:03:52.544,1.14102,1.14115,1.37,1.00
2016.02.26 07:03:52.646,1.14103,1.14118,1.12,1.12
2016.02.26 07:03:53.033,1.14098,1.14106,1.75,1.00
2016.02.26 07:03:53.187,1.14077,1.14095,1.12,1.12
2016.02.26 07:03:53.289,1.14075,1.14088,1.75,1.37
2016.02.26 07:03:53.341,1.1407,1.14084,1.50,1.00
2016.02.26 07:03:53.392,1.1407,1.14086,1.00,1.12
2016.02.26 07:03:53.696,1.14062,1.14073,1.00,1.00
2016.02.26 07:03:53.798,1.1406,1.14076,1.00,1.37
2016.02.26 07:03:53.849,1.14062,1.14076,1.00,1.37
2016.02.26 07:03:53.901,1.14062,1.14076,1.00,1.00
2016.02.26 07:03:53.952,1.14065,1.14076,1.00,1.00
2016.02.26 07:03:54.247,1.14065,1.1408,1.00,1.00
2016.02.26 07:03:55.760,1.14067,1.14084,1.00,1.75
2016.02.26 07:03:56.065,1.1407,1.14085,1.00,1.00
2016.02.26 07:03:56.402,1.14074,1.14085,1.00,1.00
2016.02.26 07:03:56.453,1.14074,1.14089,1.00,1.00
2016.02.26 07:04:01.473,1.14073,1.14089,1.00,1.00
2016.02.26 07:04:03.363,1.14073,1.14092,1.75,1.37
2016.02.26 07:04:05.238,1.14073,1.14091,1.37,1.37
2016.02.26 07:04:05.289,1.14073,1.14087,1.00,1.00
2016.02.26 07:04:05.391,1.14073,1.14092,1.12,1.75
2016.02.26 07:04:11.143,1.1407,1.14089,1.75,1.37
2016.02.26 07:04:11.195,1.14071,1.14087,1.00,1.00
2016.02.26 07:04:11.347,1.1407,1.14087,1.37,1.87
2016.02.26 07:04:11.652,1.14073,1.14084,1.12,1.00
2016.02.26 07:04:11.703,1.14073,1.14089,1.00,1.50
2016.02.26 07:04:11.855,1.1407,1.14089,1.37,2.62
2016.02.26 07:04:11.906,1.1407,1.14088,1.00,1.12
2016.02.26 07:04:12.008,1.14073,1.14088,1.00,1.12
2016.02.26 07:04:12.476,1.14072,1.14089,1.00,1.50
2016.02.26 07:04:12.528,1.14074,1.14089,1.00,1.50
2016.02.26 07:04:12.579,1.14072,1.14089,1.00,1.50
2016.02.26 07:04:12.681,1.14072,1.14089,1.00,1.75
2016.02.26 07:04:12.986,1.14079,1.14095,1.00,1.75
2016.02.26 07:04:13.038,1.14076,1.14095,1.00,1.75
2016.02.26 07:04:13.743,1.14075,1.14092,1.87,1.12
2016.02.26 07:04:13.795,1.14079,1.14092,1.00,1.12
2016.02.26 07:04:15.849,1.1408,1.14094,1.00,1.87
2016.02.26 07:04:16.313,1.14082,1.14096,1.00,1.12
2016.02.26 07:04:16.415,1.14084,1.14096,1.00,1.12
2016.02.26 07:04:16.618,1.14087,1.14099,1.00,1.00
2016.02.26 07:04:16.821,1.14083,1.14099,1.00,1.00
2016.02.26 07:04:17.078,1.14083,1.14094,1.00,1.00
2016.02.26 07:04:17.694,1.14085,1.14094,1.00,1.00
2016.02.26 07:04:17.948,1.14083,1.14097,1.00,1.50
2016.02.26 07:04:18.491,1.14087,1.14099,1.00,1.12
2016.02.26 07:04:18.593,1.14089,1.14103,1.00,1.12
2016.02.26 07:04:18.695,1.14089,1.14103,1.00,1.37
2016.02.26 07:04:18.950,1.14093,1.14103,1.00,1.37
2016.02.26 07:04:19.102,1.14094,1.14108,1.00,2.62
2016.02.26 07:04:19.458,1.14092,1.14108,1.00,1.12
2016.02.26 07:04:19.509,1.14092,1.14107,1.00,1.37
2016.02.26 07:04:20.044,1.14092,1.14104,1.00,1.00
2016.02.26 07:04:20.704,1.14091,1.14103,1.00,1.00
2016.02.26 07:04:21.119,1.14096,1.14103,1.00,1.00
2016.02.26 07:04:21.222,1.14094,1.14107,1.00,1.75
2016.02.26 07:04:21.476,1.14098,1.14107,1.00,1.50
2016.02.26 07:04:21.528,1.14099,1.14109,1.00,1.75
2016.02.26 07:04:21.580,1.14101,1.14109,1.00,1.75
2016.02.26 07:04:21.733,1.14101,1.14108,1.00,1.00
2016.02.26 07:04:22.323,1.14101,1.14115,1.00,1.50
2016.02.26 07:04:23.426,1.14101,1.14114,1.00,1.12
2016.02.26 07:04:23.728,1.141,1.14119,1.75,1.50
2016.02.26 07:04:23.830,1.14098,1.14115,1.12,1.50
2016.02.26 07:04:24.136,1.14092,1.1411,1.87,1.12
2016.02.26 07:04:24.238,1.14092,1.14111,1.12,1.75
2016.02.26 07:04:24.593,1.14095,1.14111,1.00,1.75
2016.02.26 07:04:24.882,1.14098,1.14112,1.00,1.00
2016.02.26 07:04:24.933,1.14096,1.14112,1.50,1.00
2016.02.26 07:04:26.150,1.14097,1.14112,1.37,1.12
2016.02.26 07:04:26.525,1.14098,1.1411,1.00,1.00
2016.02.26 07:04:26.830,1.14091,1.14106,1.12,1.00
2016.02.26 07:04:27.134,1.14091,1.14103,1.12,1.00
2016.02.26 07:04:27.185,1.14087,1.14101,2.62,1.00
2016.02.26 07:04:27.695,1.14086,1.14103,1.50,1.12
2016.02.26 07:04:27.747,1.14083,1.14099,1.00,1.12
2016.02.26 07:04:28.298,1.14081,1.14099,3.75,1.12
2016.02.26 07:04:29.094,1.14084,1.14103,1.00,1.12
2016.02.26 07:04:29.604,1.14081,1.141,2.25,1.50
2016.02.26 07:04:29.707,1.14081,1.141,1.37,1.87
2016.02.26 07:04:30.042,1.14084,1.14096,1.00,1.00
2016.02.26 07:04:30.497,1.14086,1.14096,1.00,1.00
2016.02.26 07:04:30.739,1.14081,1.14096,1.00,1.00
2016.02.26 07:04:30.841,1.14078,1.14093,1.00,1.00
2016.02.26 07:04:31.148,1.14081,1.14093,1.00,1.00
2016.02.26 07:04:31.675,1.1408,1.14093,1.00,1.00
2016.02.26 07:04:32.000,1.14075,1.14092,1.00,1.87
2016.02.26 07:04:33.255,1.14075,1.1409,1.12,1.00
2016.02.26 07:04:33.409,1.14079,1.14093,1.00,1.87
2016.02.26 07:04:33.664,1.14082,1.14096,1.00,2.62
2016.02.26 07:04:34.768,1.14077,1.1409,1.00,1.00
2016.02.26 07:04:35.404,1.14075,1.1409,1.00,1.00
2016.02.26 07:04:35.456,1.14074,1.14087,1.00,1.00
2016.02.26 07:04:35.761,1.14067,1.14084,1.12,1.50
2016.02.26 07:04:36.071,1.14065,1.14078,1.00,1.00
2016.02.26 07:04:36.631,1.14067,1.14078,1.00,1.00
2016.02.26 07:04:37.373,1.14068,1.14083,1.00,1.12
2016.02.26 07:04:38.333,1.14064,1.14082,1.50,1.50
2016.02.26 07:04:38.587,1.14063,1.14077,1.00,1.00
2016.02.26 07:04:40.145,1.14063,1.14075,1.00,1.00
2016.02.26 07:04:40.439,1.14057,1.14076,1.87,1.87
2016.02.26 07:04:40.491,1.14057,1.14068,1.87,1.00
2016.02.26 07:04:40.594,1.14057,1.14071,1.00,1.50
2016.02.26 07:04:40.646,1.14055,1.14071,1.00,1.50
2016.02.26 07:04:40.698,1.14055,1.14071,1.00,1.87
2016.02.26 07:04:41.005,1.14052,1.14065,1.00,1.12
2016.02.26 07:04:41.906,1.14052,1.14064,1.00,1.00
2016.02.26 07:04:42.212,1.14058,1.1407,1.00,1.50
2016.02.26 07:04:42.671,1.1406,1.14072,1.00,1.75
2016.02.26 07:04:42.774,1.14055,1.14072,1.00,2.25
2016.02.26 07:04:42.876,1.14057,1.14072,1.00,3.00
2016.02.26 07:04:43.324,1.14057,1.14067,1.00,1.37
2016.02.26 07:04:43.378,1.14052,1.14067,1.00,1.37
2016.02.26 07:04:43.480,1.14051,1.14063,1.00,1.00
2016.02.26 07:04:44.003,1.1405,1.14063,1.00,1.00
2016.02.26 07:04:44.680,1.14051,1.14063,1.00,1.00
2016.02.26 07:04:47.044,1.14053,1.14063,1.00,1.00
2016.02.26 07:04:47.723,1.14055,1.14063,1.00,1.00
2016.02.26 07:04:47.977,1.14059,1.1407,1.00,1.50
2016.02.26 07:04:48.181,1.14056,1.14069,1.00,1.00
2016.02.26 07:04:48.283,1.14056,1.14067,1.00,1.00
2016.02.26 07:04:48.435,1.14057,1.1407,1.00,2.25
2016.02.26 07:04:48.486,1.14057,1.14068,1.00,1.00
2016.02.26 07:04:48.832,1.1406,1.14068,1.00,1.00
2016.02.26 07:04:49.559,1.14057,1.14068,1.00,1.00
2016.02.26 07:04:50.112,1.14057,1.14069,1.00,1.00
2016.02.26 07:04:50.163,1.14059,1.14072,1.00,1.50
2016.02.26 07:04:50.478,1.14061,1.14072,1.00,1.12
2016.02.26 07:04:50.783,1.14067,1.14077,1.00,1.87
2016.02.26 07:04:51.091,1.14065,1.14077,1.00,1.75
2016.02.26 07:04:51.591,1.14068,1.14079,1.00,1.50
2016.02.26 07:04:51.700,1.14068,1.14079,1.00,1.87
2016.02.26 07:04:52.692,1.14068,1.14079,1.00,1.00
2016.02.26 07:04:53.087,1.14068,1.14081,1.00,1.12
2016.02.26 07:04:53.240,1.14068,1.14079,1.00,1.00
2016.02.26 07:04:54.916,1.14064,1.14079,1.00,1.00
2016.02.26 07:04:55.489,1.14064,1.1408,1.00,1.12
2016.02.26 07:04:56.119,1.14066,1.1408,1.00,1.12
2016.02.26 07:04:57.719,1.14067,1.14081,1.00,1.50
2016.02.26 07:05:00.420,1.14069,1.14083,1.00,1.87
2016.02.26 07:05:00.726,1.14071,1.14084,1.00,1.50
2016.02.26 07:05:05.506,1.14069,1.14084,1.00,1.50
2016.02.26 07:05:06.717,1.14068,1.14083,1.00,1.37
2016.02.26 07:05:07.296,1.14065,1.14081,1.50,1.12
2016.02.26 07:05:07.347,1.14065,1.14081,1.12,1.50
2016.02.26 07:05:08.122,1.14067,1.14081,1.00,1.50
2016.02.26 07:05:08.347,1.14069,1.14083,1.00,1.12
2016.02.26 07:05:08.448,1.14072,1.14086,1.00,1.87
2016.02.26 07:05:08.932,1.14074,1.14086,1.00,1.00
2016.02.26 07:05:08.985,1.14076,1.14089,1.00,1.00
2016.02.26 07:05:09.854,1.14076,1.14091,1.00,1.50
2016.02.26 07:05:10.559,1.14076,1.1409,1.00,1.00
2016.02.26 07:05:10.610,1.14074,1.1409,1.00,1.00
2016.02.26 07:05:10.763,1.14073,1.1409,1.00,1.75
2016.02.26 07:05:11.689,1.14071,1.14088,1.50,1.50
2016.02.26 07:05:12.033,1.14071,1.14086,1.00,1.50
2016.02.26 07:05:14.944,1.14071,1.14085,1.00,1.12
2016.02.26 07:05:15.047,1.14071,1.14086,1.00,1.50
2016.02.26 07:05:17.349,1.1407,1.14086,1.00,1.50
2016.02.26 07:05:19.500,1.14067,1.14085,1.50,1.12
2016.02.26 07:05:19.551,1.14067,1.14083,1.50,1.00
2016.02.26 07:05:20.135,1.14067,1.14085,1.50,1.87
2016.02.26 07:05:21.551,1.14067,1.14083,1.37,1.37
2016.02.26 07:05:22.057,1.14067,1.14083,1.00,1.75
2016.02.26 07:05:22.159,1.14067,1.14083,1.50,1.12
2016.02.26 07:05:22.607,1.14064,1.14083,1.12,3.75
2016.02.26 07:05:22.659,1.14062,1.14079,1.50,1.00
2016.02.26 07:05:22.913,1.14064,1.14079,1.00,1.00
2016.02.26 07:05:23.218,1.14066,1.14079,1.00,1.00
2016.02.26 07:05:26.666,1.14063,1.14079,1.00,1.00
2016.02.26 07:05:27.845,1.14066,1.14079,1.00,1.00
2016.02.26 07:05:28.354,1.14066,1.14082,1.12,1.12
2016.02.26 07:05:29.098,1.14068,1.14082,1.00,1.12
2016.02.26 07:05:29.606,1.14069,1.14083,1.00,1.12
2016.02.26 07:05:29.912,1.14069,1.14084,1.00,1.12
2016.02.26 07:05:30.675,1.14069,1.14082,1.00,1.00
2016.02.26 07:05:31.204,1.14068,1.14081,1.12,1.12
2016.02.26 07:05:33.078,1.14069,1.14083,1.00,1.00
2016.02.26 07:05:33.734,1.1407,1.14086,1.00,1.00
2016.02.26 07:05:33.947,1.1407,1.14084,1.00,1.00
2016.02.26 07:05:34.967,1.1407,1.14086,1.00,1.00
2016.02.26 07:05:36.543,1.1407,1.14085,1.50,1.00
2016.02.26 07:05:37.146,1.14074,1.14087,1.00,1.50
2016.02.26 07:05:37.401,1.14078,1.14092,1.00,1.00
2016.02.26 07:05:37.503,1.14078,1.1409,1.00,1.00
2016.02.26 07:05:37.606,1.14074,1.14088,1.50,1.12
2016.02.26 07:05:37.708,1.14077,1.14084,1.00,1.00
2016.02.26 07:05:37.912,1.14077,1.1409,1.50,1.37
2016.02.26 07:05:38.014,1.14077,1.1409,1.00,2.25
2016.02.26 07:05:38.066,1.14069,1.14088,1.50,1.87
2016.02.26 07:05:38.168,1.14069,1.14083,1.50,1.00
2016.02.26 07:05:47.811,1.1407,1.14084,1.12,1.00
2016.02.26 07:05:49.057,1.14069,1.14084,1.50,1.37
2016.02.26 07:05:49.159,1.14064,1.14083,1.50,2.62
2016.02.26 07:05:49.261,1.14064,1.14075,1.50,1.00
2016.02.26 07:05:49.363,1.14062,1.14074,1.00,1.00
2016.02.26 07:05:50.625,1.1406,1.14074,1.50,1.50
2016.02.26 07:05:52.715,1.14062,1.14074,1.00,1.00
2016.02.26 07:05:53.020,1.14064,1.14078,1.00,1.50
2016.02.26 07:05:53.071,1.14064,1.14078,1.00,1.12
2016.02.26 07:05:58.145,1.14063,1.14078,1.12,1.12
2016.02.26 07:05:59.934,1.14063,1.14078,1.12,1.50
2016.02.26 07:05:59.985,1.14063,1.14078,1.00,1.75
2016.02.26 07:06:03.809,1.14062,1.14076,1.50,1.37
2016.02.26 07:06:04.215,1.14062,1.14077,1.87,1.00
2016.02.26 07:06:05.228,1.14062,1.14076,1.87,1.12
2016.02.26 07:06:05.482,1.14059,1.14075,2.25,1.00
2016.02.26 07:06:05.736,1.14059,1.14072,1.50,1.00
2016.02.26 07:06:05.991,1.14059,1.14075,1.50,1.50
2016.02.26 07:06:06.578,1.1406,1.14075,1.50,1.87
2016.02.26 07:06:06.629,1.1406,1.14074,1.00,1.37
2016.02.26 07:06:08.439,1.14058,1.14073,2.25,1.00
2016.02.26 07:06:08.947,1.14061,1.14072,1.00,1.00
2016.02.26 07:06:09.150,1.14061,1.14074,1.00,1.87
2016.02.26 07:06:09.404,1.14058,1.14074,1.50,1.87
2016.02.26 07:06:09.789,1.14058,1.14072,1.00,1.00
2016.02.26 07:06:10.094,1.14058,1.1407,1.00,1.00
2016.02.26 07:06:10.145,1.14058,1.14073,1.00,1.00
2016.02.26 07:06:10.399,1.14058,1.14069,1.00,1.00
2016.02.26 07:06:10.501,1.14055,1.14069,1.12,1.12
2016.02.26 07:06:11.007,1.14056,1.14068,1.12,1.00
2016.02.26 07:06:11.416,1.14053,1.14065,1.50,1.00
2016.02.26 07:06:11.475,1.14053,1.14067,1.00,1.12
2016.02.26 07:06:11.678,1.14052,1.14065,1.00,1.00
2016.02.26 07:06:11.983,1.14048,1.14061,1.75,1.00
2016.02.26 07:06:12.664,1.14051,1.14067,1.00,1.87
2016.02.26 07:06:12.817,1.14053,1.14064,1.50,1.00
2016.02.26 07:06:13.020,1.14053,1.14067,1.50,1.12
2016.02.26 07:06:17.683,1.14055,1.14068,1.00,1.12
2016.02.26 07:06:18.212,1.14056,1.14068,1.00,1.12
2016.02.26 07:06:19.315,1.14055,1.14068,1.00,1.12
2016.02.26 07:06:19.620,1.14059,1.1407,1.00,1.00
2016.02.26 07:06:19.824,1.14059,1.14073,1.50,1.12
2016.02.26 07:06:19.926,1.14059,1.14073,1.00,1.37
2016.02.26 07:06:20.682,1.14057,1.14073,1.00,1.87
2016.02.26 07:06:24.040,1.14056,1.14071,1.12,1.12
2016.02.26 07:06:24.142,1.14051,1.14067,1.75,1.37
2016.02.26 07:06:24.244,1.14051,1.14065,1.00,1.12
2016.02.26 07:06:24.347,1.14053,1.14065,1.00,1.50
2016.02.26 07:06:24.601,1.14053,1.14065,1.00,1.00
2016.02.26 07:06:25.225,1.14053,1.14064,1.00,1.00
2016.02.26 07:06:28.009,1.1405,1.14062,1.12,1.00
2016.02.26 07:06:28.111,1.14048,1.1406,1.00,1.00
2016.02.26 07:06:28.439,1.14048,1.14058,1.00,1.50
2016.02.26 07:06:28.540,1.14044,1.14057,1.00,1.00
2016.02.26 07:06:29.718,1.14044,1.14054,1.00,1.00
2016.02.26 07:06:30.073,1.14043,1.14052,1.37,1.00
2016.02.26 07:06:30.175,1.14048,1.1406,1.00,1.75
2016.02.26 07:06:30.429,1.14048,1.14052,1.00,1.00
2016.02.26 07:06:30.531,1.14039,1.1405,2.62,1.00
2016.02.26 07:06:30.632,1.14041,1.14051,1.00,1.00
2016.02.26 07:06:30.873,1.14042,1.14054,1.37,1.12
2016.02.26 07:06:30.924,1.14042,1.14057,1.75,1.50
2016.02.26 07:06:30.977,1.14042,1.14048,1.37,1.00
2016.02.26 07:06:31.028,1.14042,1.14048,1.00,1.00
2016.02.26 07:06:31.131,1.14036,1.14052,1.75,1.37
2016.02.26 07:06:31.182,1.14036,1.14048,1.75,1.00
2016.02.26 07:06:31.437,1.14033,1.14048,2.62,1.00
2016.02.26 07:06:32.956,1.14034,1.14048,1.37,1.00
2016.02.26 07:06:33.058,1.14034,1.14049,2.25,1.00
2016.02.26 07:06:33.348,1.14031,1.14048,2.62,1.00
2016.02.26 07:06:33.501,1.14031,1.14046,2.62,1.00
2016.02.26 07:06:33.692,1.14031,1.14048,2.62,1.12
2016.02.26 07:06:34.149,1.14037,1.14052,1.00,2.25
2016.02.26 07:06:34.251,1.14035,1.14052,2.25,1.00
2016.02.26 07:06:34.767,1.14036,1.14053,1.75,1.12
2016.02.26 07:06:36.427,1.14038,1.14051,1.12,1.00
2016.02.26 07:06:36.934,1.14038,1.14052,1.12,1.00
2016.02.26 07:06:37.535,1.14039,1.14052,1.00,1.00
2016.02.26 07:06:38.083,1.14039,1.14053,1.00,1.12
2016.02.26 07:06:40.823,1.1404,1.14053,1.00,1.12
2016.02.26 07:06:41.336,1.14034,1.14046,2.25,1.00
2016.02.26 07:06:41.388,1.14037,1.14052,1.00,1.37
2016.02.26 07:06:41.492,1.14037,1.14052,1.37,1.00
2016.02.26 07:06:44.043,1.14038,1.14053,1.12,1.12
2016.02.26 07:06:46.222,1.1404,1.14053,1.00,1.12
2016.02.26 07:06:46.476,1.14046,1.14062,1.00,1.75
2016.02.26 07:06:46.781,1.14048,1.14062,1.12,1.37
2016.02.26 07:06:46.992,1.1405,1.14064,1.00,1.12
2016.02.26 07:06:47.509,1.14049,1.14063,1.00,1.00
2016.02.26 07:06:48.420,1.1405,1.14064,1.00,1.12
2016.02.26 07:06:48.573,1.14052,1.14065,1.00,1.50
2016.02.26 07:06:48.827,1.14052,1.14066,1.12,1.12
2016.02.26 07:06:50.191,1.1405,1.14065,1.75,1.00
2016.02.26 07:06:50.832,1.14052,1.14068,1.12,1.75
2016.02.26 07:06:54.533,1.14053,1.1407,1.00,1.12
2016.02.26 07:06:54.584,1.14055,1.1407,1.00,1.12
2016.02.26 07:06:55.207,1.14052,1.14066,1.00,1.75
2016.02.26 07:06:55.258,1.14049,1.14066,1.12,1.75
2016.02.26 07:06:55.360,1.14051,1.14066,1.00,1.75
2016.02.26 07:06:55.715,1.14048,1.14062,2.25,1.00
2016.02.26 07:06:57.052,1.14047,1.14064,1.75,1.12
2016.02.26 07:06:57.904,1.14051,1.14068,1.50,1.12
2016.02.26 07:06:58.006,1.14053,1.14068,1.00,1.00
2016.02.26 07:06:58.531,1.14054,1.14068,1.50,1.00
2016.02.26 07:06:59.079,1.14055,1.14068,1.00,1.00
2016.02.26 07:06:59.744,1.14054,1.14068,1.50,1.00
2016.02.26 07:06:59.980,1.14057,1.14068,1.00,1.00
2016.02.26 07:07:00.133,1.14058,1.14075,1.50,1.75
2016.02.26 07:07:00.641,1.14059,1.14076,1.00,3.37
2016.02.26 07:07:01.554,1.14057,1.14075,1.00,1.75
2016.02.26 07:07:02.171,1.14055,1.14071,1.12,1.00
2016.02.26 07:07:02.222,1.14055,1.14069,1.12,1.00
2016.02.26 07:07:02.667,1.14045,1.14062,1.50,1.37
2016.02.26 07:07:02.719,1.14045,1.14061,1.00,1.50
2016.02.26 07:07:03.127,1.14045,1.14058,1.00,1.00
2016.02.26 07:07:03.636,1.14045,1.1406,1.00,1.12
2016.02.26 07:07:04.176,1.14043,1.1406,1.12,1.12
2016.02.26 07:07:04.379,1.14045,1.1406,1.00,1.12
2016.02.26 07:07:05.282,1.14046,1.1406,1.00,1.12
2016.02.26 07:07:06.935,1.14045,1.14061,1.00,1.50
2016.02.26 07:07:07.438,1.14044,1.1406,1.75,1.00
2016.02.26 07:07:07.692,1.14042,1.1406,2.25,1.75
2016.02.26 07:07:08.207,1.14045,1.1406,1.00,1.75
2016.02.26 07:07:08.873,1.14049,1.14062,1.00,1.37
2016.02.26 07:07:08.924,1.14049,1.14063,1.00,1.75
2016.02.26 07:07:09.426,1.1405,1.14065,1.00,1.12
2016.02.26 07:07:10.170,1.14051,1.14065,1.00,1.12
2016.02.26 07:07:10.720,1.1405,1.14065,1.00,1.12
2016.02.26 07:07:14.153,1.14049,1.14065,1.00,1.12
2016.02.26 07:07:17.678,1.1405,1.14065,1.00,1.12
2016.02.26 07:07:18.218,1.14049,1.14065,1.50,1.87
2016.02.26 07:07:18.561,1.14051,1.14065,1.00,1.12
2016.02.26 07:07:19.016,1.14049,1.14065,1.50,1.12
2016.02.26 07:07:20.670,1.1405,1.14065,1.00,1.12
2016.02.26 07:07:20.923,1.14051,1.14065,1.00,1.00
2016.02.26 07:07:22.575,1.14053,1.14065,1.00,1.00
2016.02.26 07:07:24.714,1.14052,1.14065,1.00,1.00
2016.02.26 07:07:25.037,1.14051,1.14066,1.00,1.75
2016.02.26 07:07:25.549,1.1405,1.14066,1.00,1.75
2016.02.26 07:07:27.894,1.14047,1.14058,1.12,1.00
2016.02.26 07:07:27.946,1.14041,1.14056,1.75,1.00
2016.02.26 07:07:28.048,1.14039,1.14056,2.25,1.12
2016.02.26 07:07:28.152,1.14039,1.14056,1.00,1.50
2016.02.26 07:07:28.357,1.1404,1.14057,1.50,1.00
2016.02.26 07:07:28.459,1.14042,1.14057,1.00,1.00
2016.02.26 07:07:28.815,1.14043,1.14062,2.25,1.75
2016.02.26 07:07:28.866,1.14045,1.14061,1.00,1.00
2016.02.26 07:07:29.273,1.14048,1.14064,1.00,1.12
2016.02.26 07:07:29.793,1.14048,1.14063,1.00,1.00
2016.02.26 07:07:30.144,1.1405,1.14063,1.00,1.00
2016.02.26 07:07:33.905,1.14049,1.14063,1.00,1.00
2016.02.26 07:07:38.682,1.14049,1.14064,1.00,1.87
2016.02.26 07:07:39.278,1.14048,1.14064,1.00,1.87
2016.02.26 07:07:39.902,1.14049,1.14064,1.00,1.87
2016.02.26 07:07:40.206,1.1405,1.14067,1.75,1.12
2016.02.26 07:07:43.992,1.14049,1.14064,1.12,1.00
2016.02.26 07:07:44.094,1.14048,1.14064,2.25,1.50
2016.02.26 07:07:44.638,1.14049,1.14064,1.00,1.50
2016.02.26 07:07:48.808,1.14048,1.14061,1.00,1.00
2016.02.26 07:07:49.113,1.14045,1.14062,1.50,1.75
2016.02.26 07:07:50.694,1.14043,1.14059,1.00,1.00
2016.02.26 07:07:51.230,1.14042,1.14059,1.50,1.00
2016.02.26 07:07:54.235,1.14043,1.14059,1.00,1.00
2016.02.26 07:08:00.508,1.14045,1.14059,1.00,1.50
2016.02.26 07:08:00.811,1.14047,1.14062,1.00,1.00
2016.02.26 07:08:01.020,1.14047,1.14064,1.00,1.00
2016.02.26 07:08:02.036,1.14048,1.14064,1.00,1.00
2016.02.26 07:08:09.020,1.14049,1.14064,1.00,1.00
2016.02.26 07:08:09.072,1.14051,1.14064,1.00,1.00
2016.02.26 07:08:09.174,1.14052,1.1407,1.00,2.25
2016.02.26 07:08:09.689,1.14053,1.1407,1.00,2.25
2016.02.26 07:08:10.214,1.14052,1.1407,1.00,2.25
2016.02.26 07:08:14.787,1.14054,1.1407,1.00,1.12
2016.02.26 07:08:14.889,1.14056,1.14071,1.00,1.50
2016.02.26 07:08:14.991,1.14056,1.14074,1.75,1.75
2016.02.26 07:08:15.498,1.14056,1.14076,2.25,1.12
2016.02.26 07:08:17.528,1.1406,1.14079,1.00,2.25
2016.02.26 07:08:18.072,1.14061,1.14079,1.00,2.25
2016.02.26 07:08:18.123,1.14063,1.14079,1.00,1.37
2016.02.26 07:08:18.174,1.14063,1.14079,1.12,1.37
2016.02.26 07:08:18.276,1.14066,1.14079,1.00,1.37
2016.02.26 07:08:18.378,1.14066,1.14082,1.00,1.50
2016.02.26 07:08:18.531,1.14061,1.14079,1.37,1.50
2016.02.26 07:08:18.582,1.14061,1.14078,1.00,1.00
2016.02.26 07:08:19.223,1.1406,1.14077,1.50,1.37
2016.02.26 07:08:19.760,1.1406,1.14077,1.12,1.75
2016.02.26 07:08:20.510,1.14062,1.14078,1.00,1.75
2016.02.26 07:08:20.612,1.14064,1.1408,1.00,1.50
2016.02.26 07:08:21.127,1.14061,1.14077,1.50,1.00
2016.02.26 07:08:21.491,1.14061,1.14075,1.50,1.00
2016.02.26 07:08:21.796,1.14059,1.14074,1.75,1.00
2016.02.26 07:08:24.772,1.14058,1.14073,1.75,1.00
2016.02.26 07:08:25.433,1.14057,1.14075,1.12,1.87
2016.02.26 07:08:27.015,1.14057,1.14073,1.87,1.00
2016.02.26 07:08:27.117,1.14057,1.14075,1.87,1.50
2016.02.26 07:08:27.455,1.14057,1.14076,1.37,1.87
2016.02.26 07:08:27.506,1.14057,1.14073,1.00,1.00
2016.02.26 07:08:28.022,1.14057,1.14072,1.00,1.00
2016.02.26 07:08:29.205,1.14057,1.14073,1.00,1.50
2016.02.26 07:08:33.795,1.14057,1.14072,1.00,1.00
2016.02.26 07:08:34.049,1.14057,1.1407,1.00,1.00
2016.02.26 07:08:34.152,1.14052,1.1407,2.25,1.87
2016.02.26 07:08:34.786,1.14051,1.14067,1.00,1.00
2016.02.26 07:08:34.990,1.14051,1.14064,1.00,1.00
2016.02.26 07:08:35.193,1.14051,1.14066,1.00,1.00
2016.02.26 07:08:36.340,1.14051,1.14068,1.00,1.50
2016.02.26 07:08:36.391,1.14053,1.14068,1.00,1.50
2016.02.26 07:08:37.258,1.14053,1.1407,1.75,1.00
2016.02.26 07:08:39.712,1.14054,1.14071,1.75,1.12
2016.02.26 07:08:40.477,1.14054,1.14071,1.12,1.75
2016.02.26 07:08:47.439,1.1405,1.14067,1.87,1.00
2016.02.26 07:08:47.490,1.1405,1.14067,1.37,1.50
2016.02.26 07:08:48.120,1.14045,1.14064,3.00,1.12
2016.02.26 07:08:49.868,1.14045,1.14063,1.50,1.37
2016.02.26 07:08:50.418,1.14044,1.14063,1.87,2.25
2016.02.26 07:08:51.766,1.14042,1.14059,1.12,1.00
2016.02.26 07:08:51.817,1.14041,1.14059,1.37,2.25
2016.02.26 07:08:52.071,1.14039,1.14056,1.50,1.37
2016.02.26 07:08:52.325,1.14034,1.14051,1.50,1.00
2016.02.26 07:08:52.871,1.14033,1.14053,1.75,3.00
2016.02.26 07:08:53.810,1.14031,1.14051,3.37,1.00
2016.02.26 07:08:54.313,1.14036,1.14051,1.00,1.00
2016.02.26 07:08:54.817,1.14036,1.1405,1.00,1.00
2016.02.26 07:08:55.320,1.14036,1.14051,1.00,1.00
2016.02.26 07:08:56.490,1.14036,1.14053,1.00,1.50
2016.02.26 07:08:57.463,1.14038,1.14053,1.00,1.50
2016.02.26 07:08:57.768,1.14041,1.14055,1.00,1.00
2016.02.26 07:08:58.118,1.14043,1.14056,1.00,1.00
2016.02.26 07:08:58.322,1.14044,1.1406,1.12,1.50
2016.02.26 07:08:59.320,1.14045,1.14061,1.00,1.75
2016.02.26 07:08:59.371,1.14047,1.14062,1.00,1.12
2016.02.26 07:08:59.634,1.14048,1.14063,1.12,1.50
2016.02.26 07:08:59.686,1.1405,1.14066,1.00,1.12
2016.02.26 07:09:01.405,1.1405,1.14069,1.12,3.75
2016.02.26 07:09:04.011,1.14052,1.14067,1.00,1.50
2016.02.26 07:09:04.316,1.14056,1.14071,1.00,1.75
2016.02.26 07:09:07.722,1.14053,1.14073,1.50,2.62
2016.02.26 07:09:10.294,1.14055,1.14072,1.00,1.75
2016.02.26 07:09:11.603,1.14053,1.14072,1.50,1.87
2016.02.26 07:09:11.755,1.14051,1.14068,1.50,1.00
2016.02.26 07:09:12.280,1.14051,1.14067,1.50,1.00
2016.02.26 07:09:13.076,1.14051,1.14066,1.50,1.37
2016.02.26 07:09:13.675,1.14051,1.14066,1.50,1.00
2016.02.26 07:09:16.881,1.14051,1.14068,1.00,1.87
2016.02.26 07:09:20.191,1.14051,1.14068,1.00,1.50
2016.02.26 07:09:20.855,1.14055,1.14068,1.00,1.75
2016.02.26 07:09:20.959,1.14055,1.14068,1.12,1.00
2016.02.26 07:09:21.061,1.14058,1.14069,1.00,1.00
2016.02.26 07:09:21.214,1.14056,1.14074,1.50,1.87
2016.02.26 07:09:21.469,1.1405,1.14068,1.12,1.12
2016.02.26 07:09:23.773,1.14057,1.14069,1.00,1.00
2016.02.26 07:09:23.824,1.14055,1.14069,1.00,1.00
2016.02.26 07:09:23.926,1.14058,1.1407,1.00,1.00
2016.02.26 07:09:24.435,1.14059,1.14071,1.00,1.00
2016.02.26 07:09:24.745,1.14057,1.14071,1.00,1.00
2016.02.26 07:09:27.281,1.14055,1.14071,1.00,1.00
2016.02.26 07:09:28.232,1.14054,1.14071,1.50,1.00
2016.02.26 07:09:28.283,1.14051,1.14067,1.50,1.00
2016.02.26 07:09:28.602,1.14053,1.14069,1.00,1.00
2016.02.26 07:09:29.132,1.14054,1.14069,1.00,1.00
2016.02.26 07:09:45.034,1.14054,1.14071,1.50,1.00
2016.02.26 07:09:45.717,1.14056,1.14071,1.00,1.00
2016.02.26 07:09:49.617,1.14056,1.1407,1.00,1.00
2016.02.26 07:09:51.146,1.14054,1.1407,1.50,1.00
2016.02.26 07:09:53.870,1.14054,1.14071,1.50,1.00
2016.02.26 07:09:55.620,1.14057,1.14071,1.00,1.00
2016.02.26 07:09:58.465,1.14063,1.14071,1.00,1.50
2016.02.26 07:09:58.516,1.14059,1.14071,1.00,1.00
2016.02.26 07:10:02.673,1.14063,1.14071,1.00,1.00
2016.02.26 07:10:02.926,1.14064,1.14077,1.00,1.12
2016.02.26 07:10:02.977,1.14064,1.14076,1.00,1.00
2016.02.26 07:10:03.800,1.14062,1.14076,1.00,1.00
2016.02.26 07:10:03.954,1.14062,1.14071,1.00,1.00
2016.02.26 07:10:08.467,1.14065,1.14079,1.00,2.62
2016.02.26 07:10:08.845,1.14069,1.14079,1.00,1.00
2016.02.26 07:10:09.306,1.14067,1.14079,1.50,1.00
2016.02.26 07:10:10.741,1.14068,1.14079,1.00,1.00
2016.02.26 07:10:12.676,1.14066,1.14079,1.00,1.00
2016.02.26 07:10:14.951,1.14067,1.14079,1.00,1.00
2016.02.26 07:10:20.722,1.14068,1.14079,1.00,1.00
2016.02.26 07:10:21.257,1.14067,1.14079,1.50,1.00
2016.02.26 07:10:29.291,1.14071,1.14083,1.00,1.87
2016.02.26 07:10:29.494,1.14072,1.14083,1.00,1.50
2016.02.26 07:10:29.698,1.14074,1.14085,1.00,1.12
2016.02.26 07:10:29.901,1.14074,1.14087,1.50,1.00
2016.02.26 07:10:30.003,1.14077,1.14087,1.00,1.00
2016.02.26 07:10:32.662,1.14076,1.14087,1.00,1.00
2016.02.26 07:10:33.261,1.14075,1.14087,1.00,1.00
2016.02.26 07:10:34.027,1.14076,1.14087,1.00,1.00
2016.02.26 07:10:38.995,1.14077,1.14087,1.00,1.00
2016.02.26 07:10:39.986,1.14078,1.14087,1.00,1.00
2016.02.26 07:10:40.037,1.14078,1.14093,1.00,3.00
2016.02.26 07:10:40.712,1.14077,1.14092,1.50,2.25
2016.02.26 07:10:41.270,1.14076,1.14088,1.50,1.00
2016.02.26 07:10:44.870,1.14077,1.14088,1.00,1.00
2016.02.26 07:10:45.219,1.14077,1.14093,1.00,1.75
2016.02.26 07:10:48.534,1.14078,1.14093,1.00,1.75
2016.02.26 07:10:48.938,1.14081,1.14093,1.00,1.75
2016.02.26 07:10:49.091,1.14082,1.14096,1.00,1.87
2016.02.26 07:10:49.244,1.14084,1.14096,1.00,1.12
2016.02.26 07:10:49.462,1.14084,1.14099,1.00,2.25
2016.02.26 07:10:50.095,1.14082,1.14099,1.50,2.25
2016.02.26 07:10:50.784,1.14083,1.14098,1.00,1.50
2016.02.26 07:10:50.835,1.14085,1.14098,1.00,1.50
2016.02.26 07:10:51.248,1.14085,1.14099,1.00,1.00
2016.02.26 07:10:56.009,1.14084,1.14099,1.00,1.00
2016.02.26 07:10:58.471,1.14085,1.14099,1.00,1.00
2016.02.26 07:10:59.066,1.14084,1.14099,1.00,1.00
2016.02.26 07:11:00.282,1.14083,1.14099,1.00,1.00
2016.02.26 07:11:00.871,1.14082,1.14099,1.50,1.50
2016.02.26 07:11:00.976,1.14084,1.14099,1.00,1.00
2016.02.26 07:11:01.483,1.14085,1.14099,1.00,1.00
2016.02.26 07:11:02.020,1.14084,1.14099,1.00,1.00
2016.02.26 07:11:03.908,1.14086,1.14099,1.00,1.00
2016.02.26 07:11:04.414,1.14087,1.14099,1.00,1.00
2016.02.26 07:11:05.141,1.14086,1.14099,1.50,1.00
2016.02.26 07:11:05.824,1.14085,1.14099,1.00,1.00
2016.02.26 07:11:06.029,1.14083,1.14099,1.00,1.00
2016.02.26 07:11:06.464,1.14083,1.14099,1.00,1.50
2016.02.26 07:11:06.516,1.14081,1.14097,1.00,1.00
2016.02.26 07:11:06.669,1.14081,1.14097,1.00,1.37
2016.02.26 07:11:07.176,1.1408,1.14097,1.00,2.25
2016.02.26 07:11:07.691,1.14079,1.14095,1.00,1.75
2016.02.26 07:11:09.413,1.14082,1.14097,1.00,1.50
2016.02.26 07:11:09.920,1.14083,1.14097,1.00,1.00
2016.02.26 07:11:10.427,1.14084,1.14097,1.00,1.00
2016.02.26 07:11:10.915,1.14082,1.14097,1.50,1.50
2016.02.26 07:11:11.017,1.14084,1.14097,1.00,1.50
2016.02.26 07:11:12.372,1.14086,1.141,1.00,1.37
2016.02.26 07:11:12.424,1.14087,1.14104,1.50,2.62
2016.02.26 07:11:12.628,1.14087,1.14104,2.25,2.25
2016.02.26 07:11:16.669,1.14085,1.14104,1.37,1.75
2016.02.26 07:11:17.206,1.14086,1.14103,1.00,1.12
2016.02.26 07:11:17.726,1.14085,1.14103,1.00,1.87
2016.02.26 07:11:21.198,1.14086,1.14103,1.00,2.62
2016.02.26 07:11:21.553,1.14084,1.14102,1.12,1.75
2016.02.26 07:11:22.235,1.14083,1.141,1.50,1.87
2016.02.26 07:11:22.287,1.14083,1.14099,1.37,1.75
2016.02.26 07:11:22.338,1.14082,1.14098,1.00,1.75
2016.02.26 07:11:23.077,1.1408,1.14098,1.87,1.12
2016.02.26 07:11:24.091,1.14081,1.14098,1.00,1.12
2016.02.26 07:11:24.982,1.1408,1.14098,1.87,1.12
2016.02.26 07:11:26.704,1.14081,1.14097,1.00,1.75
2016.02.26 07:11:27.365,1.1408,1.14097,1.87,1.75
2016.02.26 07:11:28.481,1.1408,1.14096,1.12,1.87
2016.02.26 07:11:31.167,1.1408,1.14095,1.00,1.00
2016.02.26 07:11:31.431,1.14078,1.14095,1.50,1.00
2016.02.26 07:11:31.584,1.14077,1.14094,1.37,1.37
2016.02.26 07:11:31.889,1.14076,1.14094,1.87,1.75
2016.02.26 07:11:32.225,1.14078,1.14094,1.00,1.75
2016.02.26 07:11:32.328,1.14076,1.14094,1.87,1.75
2016.02.26 07:11:35.277,1.14077,1.14093,1.00,1.50
2016.02.26 07:11:36.972,1.14078,1.14091,1.00,1.12
2016.02.26 07:11:37.488,1.14075,1.14092,1.87,1.37
2016.02.26 07:11:37.692,1.14078,1.14092,1.00,1.37
2016.02.26 07:11:38.521,1.1408,1.14094,1.00,1.12
2016.02.26 07:11:39.030,1.14081,1.14094,1.00,1.12
2016.02.26 07:11:39.284,1.14081,1.14095,1.00,1.37
2016.02.26 07:11:39.488,1.14083,1.14097,1.00,1.75
2016.02.26 07:11:39.591,1.14083,1.14098,1.00,1.00
2016.02.26 07:11:39.945,1.14085,1.14098,1.00,1.00
2016.02.26 07:11:42.789,1.14086,1.14098,1.00,1.00
2016.02.26 07:11:45.978,1.14085,1.14098,1.00,1.00
2016.02.26 07:11:48.087,1.14086,1.14098,1.00,1.00
2016.02.26 07:11:50.356,1.14086,1.14101,1.00,1.50
2016.02.26 07:11:52.019,1.14082,1.14098,1.00,1.12
2016.02.26 07:11:52.121,1.1408,1.14094,1.50,1.00
2016.02.26 07:11:52.425,1.14079,1.14094,1.00,1.12
2016.02.26 07:11:56.819,1.1408,1.14095,1.00,1.12
2016.02.26 07:11:59.555,1.14082,1.14095,1.00,1.12
2016.02.26 07:12:00.074,1.1408,1.14097,1.12,1.75
2016.02.26 07:12:00.740,1.14079,1.14093,1.00,1.00
2016.02.26 07:12:01.378,1.14078,1.14093,1.00,1.00
2016.02.26 07:12:02.771,1.14076,1.14093,2.25,1.00
2016.02.26 07:12:02.823,1.14076,1.14092,1.50,1.12
2016.02.26 07:12:02.924,1.14074,1.14092,1.50,1.12
2016.02.26 07:12:03.412,1.14077,1.14089,1.00,1.50
2016.02.26 07:12:03.565,1.14077,1.14091,1.00,1.37
2016.02.26 07:12:04.074,1.14078,1.14094,1.00,1.12
2016.02.26 07:12:04.627,1.14082,1.14096,1.00,1.75
2016.02.26 07:12:05.488,1.14083,1.14096,1.00,2.25
2016.02.26 07:12:06.411,1.1408,1.14097,1.50,1.12
2016.02.26 07:12:06.921,1.14083,1.14097,1.00,1.12
2016.02.26 07:12:07.343,1.14085,1.14098,1.50,1.00
2016.02.26 07:12:09.789,1.14084,1.14098,1.50,1.00
2016.02.26 07:12:09.941,1.14085,1.141,1.12,1.12
2016.02.26 07:12:10.729,1.14086,1.14102,1.00,1.50
2016.02.26 07:12:11.242,1.14086,1.14099,1.00,1.00
2016.02.26 07:12:12.351,1.14084,1.14099,1.00,1.00
2016.02.26 07:12:13.796,1.14085,1.14099,1.00,1.00
2016.02.26 07:12:14.303,1.14086,1.14099,1.00,1.00
2016.02.26 07:12:14.682,1.14084,1.14099,1.50,1.00
2016.02.26 07:12:15.547,1.14086,1.14099,1.00,1.00
2016.02.26 07:12:16.738,1.14087,1.14099,1.00,1.00
2016.02.26 07:12:17.158,1.14088,1.14104,1.00,1.75
2016.02.26 07:12:17.311,1.1409,1.14105,1.00,2.25
2016.02.26 07:12:17.828,1.14089,1.14105,1.00,1.75
2016.02.26 07:12:19.058,1.14091,1.14105,1.00,2.25
2016.02.26 07:12:20.691,1.14091,1.14105,1.00,1.50
2016.02.26 07:12:20.742,1.14089,1.14105,1.00,1.50
2016.02.26 07:12:20.793,1.14089,1.14105,1.00,1.12
2016.02.26 07:12:21.379,1.14088,1.14104,1.12,1.37
2016.02.26 07:12:21.908,1.14088,1.14102,1.00,1.50
2016.02.26 07:12:23.777,1.14086,1.14102,1.00,1.75
2016.02.26 07:12:24.704,1.14085,1.14101,1.00,1.75
2016.02.26 07:12:26.994,1.14084,1.14102,1.50,1.75
2016.02.26 07:12:27.316,1.14083,1.14097,1.00,1.37
2016.02.26 07:12:27.707,1.14079,1.14095,1.00,1.87
2016.02.26 07:12:28.213,1.1408,1.14095,1.00,1.12
2016.02.26 07:12:28.621,1.14082,1.14097,1.00,1.12
2016.02.26 07:12:29.219,1.14082,1.14098,1.00,1.87
2016.02.26 07:12:29.525,1.14084,1.14098,1.00,1.12
2016.02.26 07:12:29.677,1.14084,1.141,1.00,1.87
2016.02.26 07:12:30.185,1.14085,1.141,1.00,1.87
2016.02.26 07:12:32.320,1.14085,1.14102,1.00,1.75
2016.02.26 07:12:32.925,1.14086,1.14102,1.00,1.75
2016.02.26 07:12:33.783,1.14088,1.14103,1.00,1.75
2016.02.26 07:12:34.291,1.14089,1.14104,1.50,3.37
2016.02.26 07:12:34.938,1.14089,1.14103,1.00,1.00
2016.02.26 07:12:35.147,1.14089,1.14103,1.00,1.37
2016.02.26 07:12:35.249,1.14087,1.14103,1.50,1.12
2016.02.26 07:12:36.096,1.14089,1.14103,1.00,1.12
2016.02.26 07:12:36.646,1.14087,1.14103,1.50,1.12
2016.02.26 07:12:37.751,1.14089,1.14103,1.00,1.12
2016.02.26 07:12:38.227,1.14089,1.14104,1.00,1.50
2016.02.26 07:12:38.871,1.14088,1.14104,1.00,1.50
2016.02.26 07:12:40.277,1.1409,1.14104,1.00,1.50
2016.02.26 07:12:42.518,1.14088,1.14104,1.00,1.50
2016.02.26 07:12:42.928,1.14087,1.14103,1.12,1.37
2016.02.26 07:12:43.269,1.14087,1.14102,1.00,1.50
2016.02.26 07:12:43.808,1.14086,1.14102,1.00,1.50
2016.02.26 07:12:44.966,1.14087,1.14102,1.50,1.50
2016.02.26 07:12:45.169,1.1409,1.14107,1.00,2.25
2016.02.26 07:12:47.208,1.14092,1.14107,1.00,1.75
2016.02.26 07:12:48.996,1.14091,1.14105,1.00,1.50
2016.02.26 07:12:50.444,1.14089,1.14104,1.00,1.12
2016.02.26 07:12:55.783,1.14091,1.14106,1.00,1.75
2016.02.26 07:12:55.987,1.14092,1.14109,1.00,1.75
2016.02.26 07:12:56.498,1.14093,1.14108,1.00,1.75
2016.02.26 07:12:57.933,1.14092,1.14107,1.00,1.50
2016.02.26 07:12:58.712,1.14093,1.14107,1.00,1.50
2016.02.26 07:12:59.565,1.14094,1.14107,1.00,1.50
2016.02.26 07:13:02.190,1.14094,1.14107,1.12,1.00
2016.02.26 07:13:02.292,1.14096,1.14112,1.00,2.62
2016.02.26 07:13:02.802,1.14097,1.14112,1.00,1.87
2016.02.26 07:13:03.753,1.14095,1.14112,1.00,1.87
2016.02.26 07:13:04.740,1.14094,1.14111,1.12,1.75
2016.02.26 07:13:10.879,1.14093,1.1411,1.37,1.75
2016.02.26 07:13:10.931,1.14093,1.14109,1.00,1.12
2016.02.26 07:13:11.574,1.14094,1.14111,1.00,1.50
2016.02.26 07:13:11.676,1.14096,1.14112,1.00,2.25
2016.02.26 07:13:12.201,1.14095,1.14112,1.00,1.75
2016.02.26 07:13:13.834,1.14096,1.14112,1.00,1.75
2016.02.26 07:13:14.562,1.14095,1.14112,1.00,1.75
2016.02.26 07:13:14.878,1.14092,1.14108,1.00,1.87
2016.02.26 07:13:15.038,1.1409,1.14108,1.12,1.87
2016.02.26 07:13:15.191,1.14088,1.14106,1.50,1.12
2016.02.26 07:13:15.883,1.14088,1.14105,1.00,1.12
2016.02.26 07:13:16.534,1.14087,1.14105,1.00,1.87
2016.02.26 07:13:17.043,1.14086,1.14105,1.00,1.87
2016.02.26 07:13:20.855,1.14089,1.14105,1.00,1.12
2016.02.26 07:13:21.118,1.14089,1.14107,1.00,1.75
2016.02.26 07:13:21.681,1.1409,1.14107,1.00,2.25
2016.02.26 07:13:22.469,1.14089,1.14107,2.25,2.25
2016.02.26 07:13:22.774,1.14092,1.14107,1.00,1.75
2016.02.26 07:13:25.285,1.14091,1.14107,1.00,1.75
2016.02.26 07:13:25.387,1.14089,1.14105,1.50,1.50
2016.02.26 07:13:25.489,1.14089,1.14105,1.50,1.87
2016.02.26 07:13:25.591,1.14089,1.14106,1.50,1.75
2016.02.26 07:13:26.303,1.14091,1.14107,1.00,1.12
2016.02.26 07:13:27.795,1.1409,1.14107,1.00,1.12
2016.02.26 07:13:28.151,1.14088,1.14107,2.25,1.87
2016.02.26 07:13:29.285,1.14088,1.14104,1.00,1.37
2016.02.26 07:13:29.337,1.14086,1.14103,1.00,1.12
2016.02.26 07:13:29.855,1.14084,1.14102,2.25,1.75
2016.02.26 07:13:30.398,1.14084,1.141,1.50,1.12
2016.02.26 07:13:30.906,1.14085,1.141,1.00,1.12
2016.02.26 07:13:31.447,1.14086,1.141,1.00,1.12
2016.02.26 07:13:31.973,1.14087,1.141,1.00,1.12
2016.02.26 07:13:32.457,1.14085,1.141,1.00,1.12
2016.02.26 07:13:32.764,1.14083,1.141,1.00,1.12
2016.02.26 07:13:33.693,1.14082,1.141,1.12,1.12
2016.02.26 07:13:33.795,1.14081,1.14099,1.87,1.87
2016.02.26 07:13:34.302,1.14087,1.141,1.00,1.12
2016.02.26 07:13:34.793,1.14089,1.14105,1.37,1.75
2016.02.26 07:13:35.354,1.14092,1.14106,1.00,1.12
2016.02.26 07:13:36.309,1.14094,1.14106,1.50,1.12
2016.02.26 07:13:36.462,1.14096,1.14107,1.00,1.00
2016.02.26 07:13:37.022,1.14097,1.14107,1.00,1.00
2016.02.26 07:13:37.175,1.14098,1.14111,1.00,1.00
2016.02.26 07:13:37.587,1.14099,1.14113,1.00,1.00
2016.02.26 07:13:37.803,1.14104,1.14115,1.00,1.37
2016.02.26 07:13:37.854,1.14106,1.14121,1.50,1.12
2016.02.26 07:13:37.956,1.14108,1.14123,1.00,1.50
2016.02.26 07:13:38.393,1.14106,1.14126,1.50,1.12
2016.02.26 07:13:38.596,1.14108,1.14126,1.00,1.87
2016.02.26 07:13:39.038,1.14106,1.14126,1.00,1.87
2016.02.26 07:13:39.241,1.14105,1.14123,1.12,1.12
2016.02.26 07:13:39.748,1.14104,1.14119,2.25,1.00
2016.02.26 07:13:40.883,1.14106,1.14119,1.00,1.00
2016.02.26 07:13:41.188,1.14108,1.14119,1.00,1.00
2016.02.26 07:13:41.239,1.14106,1.14123,1.87,1.37
2016.02.26 07:13:41.290,1.14106,1.14126,2.25,1.12
2016.02.26 07:13:41.442,1.14107,1.14123,1.12,1.87
2016.02.26 07:13:41.945,1.14106,1.14122,1.50,1.12
2016.02.26 07:13:42.427,1.14108,1.14122,1.00,1.12
2016.02.26 07:13:42.580,1.14106,1.14122,1.50,1.12
2016.02.26 07:13:43.118,1.14107,1.14122,1.00,1.12
2016.02.26 07:13:43.322,1.1411,1.14122,1.00,1.37
2016.02.26 07:13:43.373,1.1411,1.14123,1.00,1.75
2016.02.26 07:13:43.424,1.14108,1.14124,1.00,1.12
2016.02.26 07:13:43.577,1.14107,1.14126,1.87,1.75
2016.02.26 07:13:45.097,1.1411,1.14126,1.00,1.75
2016.02.26 07:13:45.402,1.14111,1.1413,1.87,2.62
2016.02.26 07:13:45.966,1.14112,1.1413,1.00,1.87
2016.02.26 07:13:48.475,1.14113,1.1413,1.00,2.62
2016.02.26 07:13:49.494,1.14111,1.1413,1.87,2.62
2016.02.26 07:13:49.788,1.14113,1.1413,1.00,2.62
2016.02.26 07:13:50.093,1.14118,1.14131,1.00,1.12
2016.02.26 07:13:50.144,1.14118,1.14134,1.00,1.87
2016.02.26 07:13:50.347,1.14119,1.14135,1.00,1.87
2016.02.26 07:13:50.925,1.14114,1.14132,3.00,1.37
2016.02.26 07:13:50.977,1.14114,1.14129,1.50,1.00
2016.02.26 07:13:51.032,1.14112,1.14129,1.50,1.00
2016.02.26 07:13:51.237,1.14111,1.14129,1.00,1.12
2016.02.26 07:13:51.713,1.14111,1.14127,1.50,1.12
2016.02.26 07:13:52.266,1.14112,1.14126,1.00,1.12
2016.02.26 07:13:52.368,1.1411,1.14126,1.50,1.12
2016.02.26 07:13:52.989,1.14112,1.14126,1.00,1.12
2016.02.26 07:13:53.040,1.14112,1.14129,1.50,1.50
2016.02.26 07:13:53.142,1.14115,1.14131,1.00,1.75
2016.02.26 07:13:53.492,1.14118,1.14131,1.00,1.75
2016.02.26 07:13:54.024,1.14117,1.14133,1.00,1.12
2016.02.26 07:13:54.545,1.14116,1.14133,1.00,1.12
2016.02.26 07:13:55.057,1.14115,1.14133,1.87,1.12
2016.02.26 07:13:56.315,1.14114,1.1413,2.25,1.12
2016.02.26 07:13:56.634,1.14118,1.1413,1.00,1.12
2016.02.26 07:13:56.736,1.14118,1.14134,1.87,2.62
2016.02.26 07:13:56.838,1.1412,1.14133,1.00,1.00
2016.02.26 07:13:58.599,1.1412,1.14133,1.87,1.00
2016.02.26 07:13:59.107,1.1412,1.14133,1.00,1.00
2016.02.26 07:13:59.158,1.14122,1.14133,1.00,1.00
2016.02.26 07:13:59.260,1.14122,1.14138,1.00,1.50
2016.02.26 07:13:59.809,1.14123,1.14138,1.00,1.50
2016.02.26 07:14:00.662,1.14123,1.14138,1.00,1.87
2016.02.26 07:14:00.713,1.1412,1.14137,1.37,1.75
2016.02.26 07:14:00.765,1.1412,1.14136,1.00,1.12
2016.02.26 07:14:00.969,1.14122,1.14139,1.00,1.12
2016.02.26 07:14:02.053,1.14123,1.14139,1.00,1.12
2016.02.26 07:14:02.155,1.14123,1.14138,1.00,1.00
2016.02.26 07:14:03.038,1.14122,1.14138,1.00,1.00
2016.02.26 07:14:03.602,1.14124,1.14139,1.00,1.87
2016.02.26 07:14:03.756,1.14124,1.14142,1.00,1.87
2016.02.26 07:14:04.346,1.14123,1.14139,1.00,1.37
2016.02.26 07:14:04.652,1.14121,1.14139,1.12,1.87
2016.02.26 07:14:04.855,1.14118,1.14137,1.50,2.62
2016.02.26 07:14:05.325,1.14119,1.14137,1.37,1.87
2016.02.26 07:14:05.629,1.14123,1.14138,1.00,2.25
2016.02.26 07:14:05.976,1.14121,1.14138,1.00,2.25
2016.02.26 07:14:06.490,1.1412,1.14138,1.00,2.25
2016.02.26 07:14:07.763,1.14119,1.14135,1.12,1.12
2016.02.26 07:14:07.815,1.14119,1.14135,1.50,1.50
2016.02.26 07:14:08.323,1.1412,1.14135,1.00,1.75
2016.02.26 07:14:08.990,1.14118,1.14133,1.00,1.50
2016.02.26 07:14:09.093,1.1412,1.14136,1.00,1.12
2016.02.26 07:14:09.246,1.1412,1.14138,1.87,1.75
2016.02.26 07:14:09.298,1.14122,1.14138,1.12,1.50
2016.02.26 07:14:09.886,1.14123,1.14138,1.00,1.50
2016.02.26 07:14:11.138,1.1412,1.14136,2.25,1.00
2016.02.26 07:14:11.291,1.1412,1.14136,1.00,1.50
2016.02.26 07:14:11.796,1.14119,1.14136,1.12,1.50
2016.02.26 07:14:14.243,1.14119,1.14133,1.12,1.00
2016.02.26 07:14:14.592,1.14116,1.14131,1.00,1.00
2016.02.26 07:14:14.757,1.14115,1.1413,1.87,1.37
2016.02.26 07:14:15.299,1.14116,1.1413,1.00,1.50
2016.02.26 07:14:16.210,1.14114,1.14126,1.00,1.00
2016.02.26 07:14:16.534,1.14114,1.14122,1.00,1.00
2016.02.26 07:14:16.586,1.14112,1.14122,1.00,1.00
2016.02.26 07:14:16.637,1.14112,1.1412,1.00,1.00
2016.02.26 07:14:16.689,1.14108,1.14118,1.50,1.00
2016.02.26 07:14:16.842,1.14108,1.14115,1.00,1.00
2016.02.26 07:14:16.893,1.14104,1.14115,1.12,1.00
2016.02.26 07:14:16.945,1.14104,1.14112,1.12,1.00
2016.02.26 07:14:17.047,1.14102,1.14112,1.12,1.00
2016.02.26 07:14:17.099,1.14099,1.14107,1.37,1.00
2016.02.26 07:14:17.203,1.14099,1.1411,1.00,1.00
2016.02.26 07:14:17.416,1.14101,1.1411,1.00,1.00
2016.02.26 07:14:17.480,1.14101,1.14114,1.12,1.00
2016.02.26 07:14:17.531,1.14104,1.14115,1.00,1.12
2016.02.26 07:14:17.633,1.14105,1.14118,1.00,1.12
2016.02.26 07:14:17.786,1.14107,1.1412,1.12,1.12
2016.02.26 07:14:18.294,1.14107,1.1412,1.00,1.37
2016.02.26 07:14:18.615,1.14102,1.14118,1.37,1.75
2016.02.26 07:14:20.059,1.14103,1.1412,1.00,2.62
2016.02.26 07:14:20.365,1.14114,1.14127,1.00,1.75
2016.02.26 07:14:20.417,1.14114,1.14128,1.00,1.12
2016.02.26 07:14:21.128,1.14116,1.14129,1.00,1.50
2016.02.26 07:14:22.434,1.14114,1.14132,1.00,1.87
2016.02.26 07:14:23.488,1.14113,1.14132,1.00,1.87
2016.02.26 07:14:24.295,1.14111,1.14127,1.12,3.67
2016.02.26 07:14:24.347,1.14106,1.14123,1.12,1.12
2016.02.26 07:14:24.876,1.14105,1.14123,1.12,1.12
2016.02.26 07:14:26.614,1.14103,1.14121,1.37,1.12
2016.02.26 07:14:26.665,1.14101,1.1412,1.87,1.12
2016.02.26 07:14:27.205,1.14102,1.14121,1.37,1.75
2016.02.26 07:14:27.257,1.14102,1.14121,1.50,1.50
2016.02.26 07:14:28.724,1.14104,1.14124,1.00,1.87
2016.02.26 07:14:28.876,1.14107,1.14124,1.00,2.62
2016.02.26 07:14:33.432,1.14105,1.14124,1.12,2.62
2016.02.26 07:14:34.249,1.14104,1.14124,1.00,2.62
2016.02.26 07:14:34.779,1.14105,1.14124,1.00,2.62
2016.02.26 07:14:36.001,1.14106,1.14124,1.00,1.87
2016.02.26 07:14:36.523,1.14106,1.14124,1.37,2.62
2016.02.26 07:14:37.230,1.14106,1.14124,1.12,1.87
2016.02.26 07:14:37.332,1.14107,1.14124,1.37,1.87
2016.02.26 07:14:39.306,1.14107,1.14124,1.50,1.87
2016.02.26 07:14:39.719,1.14109,1.14123,1.37,1.00
2016.02.26 07:14:42.533,1.14109,1.14123,1.00,1.00
2016.02.26 07:14:45.665,1.1411,1.14123,1.00,1.00
2016.02.26 07:14:46.653,1.14107,1.14123,1.00,1.00
2016.02.26 07:14:47.169,1.14108,1.14123,1.00,1.00
2016.02.26 07:14:48.594,1.14109,1.14123,1.00,1.00
2016.02.26 07:14:54.111,1.14108,1.14123,1.50,1.00
2016.02.26 07:14:54.162,1.14108,1.14125,1.00,1.12
2016.02.26 07:14:54.691,1.14108,1.14124,1.00,1.50
2016.02.26 07:14:55.671,1.14108,1.14124,1.00,1.87
2016.02.26 07:14:56.078,1.14103,1.14121,1.37,1.12
2016.02.26 07:14:56.597,1.14105,1.1412,1.00,1.12
2016.02.26 07:14:57.892,1.14106,1.1412,1.00,1.12
2016.02.26 07:14:58.773,1.14105,1.1412,1.12,1.12
2016.02.26 07:14:59.601,1.14105,1.14114,1.00,1.00
2016.02.26 07:14:59.652,1.14103,1.14114,1.00,1.00
2016.02.26 07:14:59.754,1.141,1.14114,1.00,1.00
2016.02.26 07:15:00.690,1.14099,1.14114,1.00,1.00
2016.02.26 07:15:01.146,1.14101,1.14114,1.00,1.00
2016.02.26 07:15:01.451,1.14103,1.14114,1.00,1.00
2016.02.26 07:15:03.129,1.14103,1.14118,1.00,1.50
2016.02.26 07:15:05.763,1.14105,1.1412,1.00,1.75
2016.02.26 07:15:06.893,1.14105,1.14122,1.12,1.87
2016.02.26 07:15:06.945,1.14103,1.14122,1.50,1.75
2016.02.26 07:15:06.996,1.14107,1.14122,1.37,2.25
2016.02.26 07:15:07.200,1.14106,1.14124,1.00,1.12
2016.02.26 07:15:08.108,1.14109,1.14125,1.12,1.12
2016.02.26 07:15:08.700,1.14109,1.14126,1.12,3.37
2016.02.26 07:15:09.015,1.14113,1.14126,1.00,1.12
2016.02.26 07:15:09.663,1.14112,1.14126,1.00,1.87
2016.02.26 07:15:09.967,1.14113,1.14126,1.37,1.12
2016.02.26 07:15:10.018,1.14113,1.14128,1.12,1.12
2016.02.26 07:15:10.069,1.14113,1.14129,1.12,1.75
2016.02.26 07:15:10.221,1.14114,1.14131,1.37,1.12
2016.02.26 07:15:10.373,1.14117,1.14133,1.12,1.87
2016.02.26 07:15:10.631,1.14119,1.14133,1.12,1.87
2016.02.26 07:15:10.732,1.1412,1.14136,1.00,1.75
2016.02.26 07:15:11.943,1.14121,1.14136,1.00,1.75
2016.02.26 07:15:12.146,1.14122,1.14137,1.12,1.00
2016.02.26 07:15:12.299,1.14125,1.14137,1.00,1.00
2016.02.26 07:15:13.580,1.14122,1.14137,1.00,1.50
2016.02.26 07:15:13.631,1.14122,1.14137,1.00,2.62
2016.02.26 07:15:14.139,1.14121,1.14136,1.00,1.12
2016.02.26 07:15:17.778,1.14118,1.14136,1.37,1.12
2016.02.26 07:15:17.981,1.1412,1.14136,1.12,1.00
2016.02.26 07:15:18.966,1.14119,1.14136,1.50,1.00
2016.02.26 07:15:19.017,1.14119,1.14136,1.12,1.37
2016.02.26 07:15:19.568,1.14117,1.14136,3.00,1.12
2016.02.26 07:15:24.877,1.14117,1.14136,1.12,1.12
2016.02.26 07:15:25.214,1.14119,1.14136,1.00,1.12
2016.02.26 07:15:25.267,1.14117,1.14136,1.12,1.12
2016.02.26 07:15:26.923,1.14119,1.14136,1.00,1.12
2016.02.26 07:15:28.142,1.14121,1.14136,1.00,1.12
2016.02.26 07:15:28.500,1.1412,1.14138,1.00,1.75
2016.02.26 07:15:30.889,1.1412,1.14139,1.87,1.12
2016.02.26 07:15:31.551,1.14121,1.14139,1.37,1.12
2016.02.26 07:15:32.096,1.1412,1.14139,1.00,1.12
2016.02.26 07:15:32.198,1.1412,1.14138,1.37,1.75
2016.02.26 07:15:35.622,1.14123,1.14139,1.00,1.12
2016.02.26 07:15:36.232,1.14122,1.14139,1.12,1.12
2016.02.26 07:15:36.861,1.14122,1.1414,1.12,1.12
2016.02.26 07:15:37.166,1.14126,1.14144,1.37,2.62
2016.02.26 07:15:38.672,1.14128,1.14142,1.12,1.00
2016.02.26 07:15:39.621,1.14129,1.14145,1.00,1.75
2016.02.26 07:15:40.159,1.1413,1.14146,1.00,1.12
2016.02.26 07:15:41.982,1.1413,1.14148,2.62,1.12
2016.02.26 07:15:42.083,1.14131,1.14146,1.00,1.37
2016.02.26 07:15:42.438,1.14127,1.14146,1.50,1.12
2016.02.26 07:15:42.876,1.14132,1.14148,1.00,1.87
2016.02.26 07:15:43.194,1.14135,1.14148,1.00,1.87
2016.02.26 07:15:43.297,1.14134,1.1415,1.87,1.12
2016.02.26 07:15:43.348,1.14135,1.14153,1.00,1.12
2016.02.26 07:15:43.399,1.14137,1.14153,1.00,1.12
2016.02.26 07:15:44.593,1.14137,1.14154,1.87,2.62
2016.02.26 07:15:44.903,1.14139,1.14154,1.00,1.75
2016.02.26 07:15:45.056,1.14137,1.14154,1.87,1.75
2016.02.26 07:15:45.832,1.14138,1.14154,1.00,1.87
2016.02.26 07:15:45.884,1.14135,1.14153,1.00,1.87
2016.02.26 07:15:46.705,1.14135,1.14153,1.37,1.87
2016.02.26 07:15:46.958,1.14137,1.14155,2.25,1.75
2016.02.26 07:15:47.010,1.14137,1.14156,2.25,1.12
2016.02.26 07:15:47.513,1.14138,1.14156,1.00,1.12
2016.02.26 07:15:48.032,1.14139,1.14156,1.00,1.12
2016.02.26 07:15:49.333,1.14141,1.14156,1.00,1.12
2016.02.26 07:15:49.435,1.14141,1.14156,1.00,1.00
2016.02.26 07:15:49.925,1.14139,1.14156,1.00,1.00
2016.02.26 07:15:50.391,1.1414,1.14156,1.12,1.37
2016.02.26 07:15:50.645,1.14142,1.14159,1.00,1.12
2016.02.26 07:15:50.798,1.14144,1.14159,1.00,1.12
2016.02.26 07:15:51.530,1.14142,1.14159,1.00,1.12
2016.02.26 07:15:51.682,1.14138,1.14156,1.50,1.37
2016.02.26 07:15:51.784,1.14138,1.14156,1.12,1.75
2016.02.26 07:15:51.987,1.14136,1.14155,1.50,1.12
2016.02.26 07:15:52.241,1.14138,1.14154,1.00,1.00
2016.02.26 07:15:52.846,1.14136,1.14153,1.37,1.37
2016.02.26 07:15:52.898,1.14131,1.14152,4.12,1.75
2016.02.26 07:15:53.557,1.14132,1.14152,1.50,2.25
2016.02.26 07:15:54.111,1.14135,1.14152,1.00,1.75
2016.02.26 07:15:54.568,1.14135,1.14156,2.25,2.62
2016.02.26 07:15:55.077,1.14138,1.14156,1.00,1.87
2016.02.26 07:15:56.107,1.14137,1.14156,1.87,1.75
2016.02.26 07:15:56.158,1.14138,1.14155,1.00,1.00
2016.02.26 07:15:56.210,1.14137,1.14156,1.87,1.75
2016.02.26 07:15:57.141,1.14139,1.14153,1.00,1.00
2016.02.26 07:15:57.394,1.14137,1.14153,1.50,1.00
2016.02.26 07:15:58.044,1.14134,1.14152,1.37,1.37
2016.02.26 07:15:58.101,1.14132,1.14152,1.37,1.75
2016.02.26 07:15:58.304,1.14131,1.14151,2.62,1.12
2016.02.26 07:15:58.819,1.14133,1.14149,1.00,1.12
2016.02.26 07:15:59.268,1.14131,1.14149,1.87,1.12
2016.02.26 07:16:00.356,1.14132,1.14149,1.12,1.12
2016.02.26 07:16:00.925,1.14129,1.14149,1.37,1.12
2016.02.26 07:16:01.880,1.14131,1.14149,1.00,1.12
2016.02.26 07:16:01.931,1.14133,1.14149,1.00,1.12
2016.02.26 07:16:02.282,1.14136,1.14149,1.12,1.37
2016.02.26 07:16:02.334,1.14137,1.14151,1.00,1.12
2016.02.26 07:16:02.537,1.14137,1.14155,1.00,1.12
2016.02.26 07:16:02.792,1.14136,1.14152,1.00,2.62
2016.02.26 07:16:02.894,1.14133,1.1415,1.00,1.12
2016.02.26 07:16:04.756,1.14134,1.1415,1.00,1.12
2016.02.26 07:16:04.808,1.14136,1.14154,1.12,1.12
2016.02.26 07:16:04.859,1.1414,1.14154,1.00,1.12
2016.02.26 07:16:05.427,1.14141,1.14154,1.00,1.12
2016.02.26 07:16:05.631,1.14142,1.14158,1.37,1.87
2016.02.26 07:16:05.733,1.14145,1.14158,1.00,1.12
2016.02.26 07:16:05.834,1.14145,1.1416,1.00,1.00
2016.02.26 07:16:06.739,1.14146,1.1416,1.00,1.00
2016.02.26 07:16:07.260,1.14147,1.1416,1.00,1.00
2016.02.26 07:16:10.015,1.14146,1.1416,1.00,1.00
2016.02.26 07:16:11.147,1.14145,1.1416,1.00,1.00
2016.02.26 07:16:11.482,1.1414,1.1416,1.12,1.50
2016.02.26 07:16:11.533,1.14139,1.1416,3.00,1.87
2016.02.26 07:16:11.787,1.14137,1.14158,2.25,3.37
2016.02.26 07:16:11.838,1.14137,1.14157,1.50,1.12
2016.02.26 07:16:15.993,1.14137,1.14151,1.00,1.00
2016.02.26 07:16:16.579,1.14135,1.14151,1.50,1.00
2016.02.26 07:16:17.116,1.14136,1.14152,1.12,1.00
2016.02.26 07:16:17.457,1.14139,1.1416,2.25,2.62
2016.02.26 07:16:17.965,1.14143,1.14158,1.00,1.00
2016.02.26 07:16:18.473,1.14142,1.14158,1.00,1.00
2016.02.26 07:16:18.997,1.14135,1.14154,1.37,1.50
2016.02.26 07:16:19.303,1.14137,1.14154,1.00,1.12
2016.02.26 07:16:19.830,1.14138,1.14154,1.00,1.12
2016.02.26 07:16:20.359,1.14137,1.14154,1.00,1.12
2016.02.26 07:16:20.562,1.14132,1.14153,1.12,1.87
2016.02.26 07:16:20.613,1.14131,1.14151,1.87,1.12
2016.02.26 07:16:20.918,1.1413,1.14149,1.12,1.12
2016.02.26 07:16:21.222,1.14133,1.14149,1.00,1.12
2016.02.26 07:16:21.530,1.14135,1.14149,1.00,1.12
2016.02.26 07:16:21.853,1.14135,1.14149,1.00,1.00
2016.02.26 07:16:22.056,1.14138,1.14149,1.00,1.00
2016.02.26 07:16:22.621,1.14136,1.14149,1.00,1.00
2016.02.26 07:16:23.493,1.14139,1.14149,1.00,1.00
2016.02.26 07:16:23.544,1.14139,1.14155,1.00,1.12
2016.02.26 07:16:23.595,1.14144,1.14155,1.00,1.12
2016.02.26 07:16:23.748,1.14145,1.14158,1.00,1.75
2016.02.26 07:16:23.800,1.14142,1.14159,1.00,1.12
2016.02.26 07:16:23.952,1.14144,1.14159,1.00,1.12
2016.02.26 07:16:24.558,1.14141,1.14159,1.12,1.12
2016.02.26 07:16:26.130,1.14144,1.14159,1.00,1.12
2016.02.26 07:16:26.770,1.14143,1.14159,1.00,1.12
2016.02.26 07:16:27.603,1.14142,1.14159,1.00,1.12
2016.02.26 07:16:28.211,1.14143,1.14159,1.00,1.12
2016.02.26 07:16:29.192,1.14142,1.14159,1.00,1.12
2016.02.26 07:16:30.288,1.1414,1.14159,1.37,1.87
2016.02.26 07:16:30.788,1.14138,1.14153,1.00,1.12
2016.02.26 07:16:30.840,1.14136,1.14153,1.50,1.12
2016.02.26 07:16:32.609,1.14141,1.14155,1.12,1.12
2016.02.26 07:16:32.667,1.14141,1.14158,1.12,1.75
2016.02.26 07:16:32.972,1.14143,1.14159,1.00,1.12
2016.02.26 07:16:33.075,1.14144,1.14162,1.12,3.37
2016.02.26 07:16:33.278,1.14149,1.14162,1.00,1.12
2016.02.26 07:16:33.380,1.14151,1.14167,1.00,1.50
2016.02.26 07:16:33.432,1.14148,1.14167,1.37,1.50
2016.02.26 07:16:33.789,1.14151,1.14168,1.50,1.00
2016.02.26 07:16:33.840,1.14151,1.1417,1.12,2.62
2016.02.26 07:16:34.146,1.1415,1.14167,1.12,2.62
2016.02.26 07:16:35.707,1.14145,1.14164,1.75,1.12
2016.02.26 07:16:36.597,1.14143,1.14159,1.12,1.00
2016.02.26 07:16:36.700,1.14137,1.14156,1.75,1.00
2016.02.26 07:16:37.006,1.14135,1.14156,2.62,3.37
2016.02.26 07:16:37.057,1.14135,1.14155,2.25,1.12
2016.02.26 07:16:38.009,1.14133,1.14151,1.50,1.37
2016.02.26 07:16:38.060,1.14133,1.14151,1.12,1.50
2016.02.26 07:16:38.111,1.14131,1.14151,1.50,2.25
2016.02.26 07:16:38.670,1.14137,1.14147,1.12,1.00
2016.02.26 07:16:38.722,1.14137,1.14155,2.25,1.12
2016.02.26 07:16:38.773,1.14141,1.14156,1.00,1.12
2016.02.26 07:16:38.875,1.14143,1.14159,1.00,1.50
2016.02.26 07:16:38.977,1.14143,1.14163,1.00,4.12
2016.02.26 07:16:39.434,1.14145,1.14163,1.00,4.12
2016.02.26 07:16:39.637,1.14146,1.14163,1.12,2.25
2016.02.26 07:16:39.688,1.14146,1.14163,1.00,2.25
2016.02.26 07:16:40.339,1.14145,1.1416,1.00,1.00
2016.02.26 07:16:40.847,1.14143,1.14159,1.00,1.00
2016.02.26 07:16:40.899,1.14142,1.14159,1.50,1.37
2016.02.26 07:16:41.467,1.14141,1.14158,1.50,1.50
2016.02.26 07:16:43.504,1.14141,1.14162,1.87,2.62
2016.02.26 07:16:44.011,1.14139,1.14157,1.37,1.50
2016.02.26 07:16:44.062,1.14137,1.14157,1.50,1.87
2016.02.26 07:16:46.900,1.14134,1.14155,1.75,1.37
2016.02.26 07:16:46.952,1.14134,1.14155,1.50,1.12
2016.02.26 07:16:48.894,1.14137,1.14155,1.37,1.75
2016.02.26 07:16:49.048,1.14138,1.14159,2.62,2.25
2016.02.26 07:16:49.302,1.14137,1.14157,3.37,1.37
2016.02.26 07:16:49.837,1.14136,1.14155,1.12,1.50
2016.02.26 07:16:50.403,1.14134,1.14155,1.75,1.87
2016.02.26 07:16:50.606,1.14139,1.14155,1.00,1.00
2016.02.26 07:16:53.831,1.14139,1.14152,1.00,1.00
2016.02.26 07:16:54.034,1.14133,1.14153,1.75,1.75
2016.02.26 07:16:55.251,1.14131,1.1415,1.87,1.00
2016.02.26 07:16:55.303,1.14131,1.1415,1.50,1.50
2016.02.26 07:16:57.602,1.1413,1.14151,1.37,2.62
2016.02.26 07:16:57.801,1.1413,1.1415,1.00,1.12
2016.02.26 07:16:57.903,1.14132,1.1415,1.00,1.12
2016.02.26 07:16:58.260,1.14135,1.1415,1.00,1.12
2016.02.26 07:16:58.311,1.14135,1.1415,1.00,1.00
2016.02.26 07:16:58.363,1.14135,1.14153,1.37,1.37
2016.02.26 07:16:58.417,1.14135,1.14157,1.75,2.25
2016.02.26 07:16:59.091,1.14134,1.14155,1.37,1.75
2016.02.26 07:16:59.425,1.14133,1.14153,1.75,1.75
2016.02.26 07:17:01.686,1.14135,1.14154,1.75,1.50
2016.02.26 07:17:01.738,1.14137,1.14157,1.50,1.87
2016.02.26 07:17:03.084,1.14137,1.14158,2.25,1.87
2016.02.26 07:17:03.135,1.14137,1.14158,2.62,1.50
2016.02.26 07:17:03.491,1.14141,1.14161,1.87,1.12
2016.02.26 07:17:03.544,1.14141,1.14162,2.25,1.75
2016.02.26 07:17:03.991,1.14143,1.14164,1.12,1.87
2016.02.26 07:17:06.231,1.14144,1.14161,2.25,1.00
2016.02.26 07:17:06.435,1.14141,1.14161,1.12,2.25
2016.02.26 07:17:07.595,1.14142,1.14162,1.37,2.62
2016.02.26 07:17:07.646,1.14142,1.14161,1.00,1.12
2016.02.26 07:17:07.697,1.14139,1.1416,2.25,2.25
2016.02.26 07:17:08.249,1.14139,1.14157,1.87,1.37
2016.02.26 07:17:08.300,1.14137,1.14157,1.12,1.75
2016.02.26 07:17:11.730,1.14142,1.14158,1.00,3.37
2016.02.26 07:17:12.389,1.14143,1.14158,1.00,1.12
2016.02.26 07:17:12.695,1.14145,1.1416,1.00,1.75
2016.02.26 07:17:13.174,1.14153,1.14163,1.00,1.37
2016.02.26 07:17:13.244,1.14153,1.14166,1.12,1.75
2016.02.26 07:17:13.397,1.14157,1.1417,1.00,1.75
2016.02.26 07:17:14.256,1.14158,1.14171,1.00,1.12
2016.02.26 07:17:19.115,1.14157,1.14171,1.00,1.12
2016.02.26 07:17:19.654,1.14158,1.14171,1.00,1.12
2016.02.26 07:17:20.010,1.14163,1.14171,1.00,1.12
2016.02.26 07:17:20.112,1.14163,1.14174,1.00,1.87
2016.02.26 07:17:22.753,1.14162,1.14174,1.00,1.87
2016.02.26 07:17:25.410,1.1416,1.14174,1.00,1.87
2016.02.26 07:17:31.526,1.14158,1.14173,1.00,1.75
2016.02.26 07:17:31.628,1.14158,1.1417,1.00,1.12
2016.02.26 07:17:31.781,1.14155,1.1417,1.00,1.87
2016.02.26 07:17:31.984,1.14157,1.1417,1.00,1.87
2016.02.26 07:17:34.177,1.14156,1.1417,1.00,1.87
2016.02.26 07:17:34.940,1.14154,1.14167,1.00,1.37
2016.02.26 07:17:35.447,1.14155,1.14167,1.00,1.37
2016.02.26 07:17:36.595,1.14155,1.14167,1.00,1.37
2016.02.26 07:17:37.103,1.14154,1.14167,1.00,1.75
2016.02.26 07:17:37.604,1.14146,1.14159,1.00,1.37
2016.02.26 07:17:41.682,1.14144,1.14159,1.00,1.12
2016.02.26 07:17:41.784,1.14146,1.14159,1.00,1.12
2016.02.26 07:17:42.089,1.14149,1.14162,1.00,1.87
2016.02.26 07:17:44.318,1.14153,1.14164,1.00,1.12
2016.02.26 07:17:44.370,1.14153,1.14162,1.00,1.00
2016.02.26 07:17:44.422,1.14155,1.14166,1.00,1.87
2016.02.26 07:17:44.473,1.14155,1.14165,1.00,1.00
2016.02.26 07:17:46.951,1.14152,1.14165,1.00,1.00
2016.02.26 07:17:47.155,1.1415,1.1416,1.00,1.00
2016.02.26 07:17:47.702,1.14152,1.1416,1.00,1.00
2016.02.26 07:17:47.855,1.14152,1.14165,1.00,1.75
2016.02.26 07:17:48.160,1.14152,1.14168,1.00,1.87
2016.02.26 07:17:49.585,1.14153,1.14168,1.00,1.87
2016.02.26 07:17:50.426,1.14153,1.14166,1.00,4.05
2016.02.26 07:17:50.776,1.14148,1.14163,1.00,1.12
2016.02.26 07:17:51.029,1.14146,1.14163,1.00,1.87
2016.02.26 07:17:52.180,1.14148,1.14163,1.00,1.12
2016.02.26 07:17:54.438,1.14147,1.14161,1.00,1.75
2016.02.26 07:17:56.086,1.14148,1.14161,1.00,1.75
2016.02.26 07:17:58.036,1.1415,1.14162,1.00,3.00
2016.02.26 07:17:59.851,1.1415,1.14161,1.00,1.87
2016.02.26 07:18:00.924,1.14148,1.14161,1.00,1.12
2016.02.26 07:18:02.117,1.14147,1.14161,1.00,1.12
2016.02.26 07:18:02.625,1.14144,1.14159,1.00,2.25
2016.02.26 07:18:02.676,1.14146,1.14159,1.00,2.25
2016.02.26 07:18:02.778,1.14144,1.14158,1.00,1.50
2016.02.26 07:18:03.203,1.14145,1.14158,1.00,1.12
2016.02.26 07:18:04.851,1.14143,1.14154,1.00,1.00
2016.02.26 07:18:05.581,1.1414,1.14156,1.00,2.25
2016.02.26 07:18:05.633,1.14138,1.14156,1.00,3.75
2016.02.26 07:18:05.785,1.14137,1.14153,1.00,1.12
2016.02.26 07:18:06.292,1.14136,1.1415,1.00,1.12
2016.02.26 07:18:07.097,1.14137,1.1415,1.00,1.12
2016.02.26 07:18:08.495,1.14138,1.1415,1.00,1.87
2016.02.26 07:18:08.698,1.14138,1.14153,1.00,1.87
2016.02.26 07:18:08.851,1.1414,1.14153,1.00,1.12
2016.02.26 07:18:09.155,1.14143,1.14153,1.00,1.12
2016.02.26 07:18:09.410,1.14142,1.14154,1.00,1.75
2016.02.26 07:18:09.912,1.14143,1.14154,1.00,1.75
2016.02.26 07:18:10.456,1.14144,1.14155,1.00,1.12
2016.02.26 07:18:10.507,1.14144,1.14157,1.00,1.75
2016.02.26 07:18:10.609,1.14146,1.14158,1.00,1.12
2016.02.26 07:18:10.711,1.14146,1.14159,1.00,1.75
2016.02.26 07:18:11.015,1.14144,1.14158,1.00,1.12
2016.02.26 07:18:11.607,1.1414,1.14158,1.00,1.87
2016.02.26 07:18:11.817,1.1414,1.14154,1.00,1.12
2016.02.26 07:18:12.325,1.14141,1.14154,1.00,1.87
2016.02.26 07:18:13.124,1.14145,1.14154,1.00,1.00
2016.02.26 07:18:13.636,1.14144,1.14154,1.00,1.00
2016.02.26 07:18:15.893,1.14142,1.14154,1.00,1.00
2016.02.26 07:18:16.096,1.1414,1.14154,1.00,1.00
2016.02.26 07:18:16.525,1.14138,1.14155,1.00,1.87
2016.02.26 07:18:17.031,1.14139,1.14154,1.00,1.75
2016.02.26 07:18:17.335,1.14142,1.14154,1.00,1.12
2016.02.26 07:18:17.677,1.14139,1.14154,1.12,1.12
2016.02.26 07:18:18.393,1.14137,1.14154,1.37,2.25
2016.02.26 07:18:18.495,1.14134,1.14151,1.12,1.50
2016.02.26 07:18:19.227,1.14133,1.14148,1.00,1.00
2016.02.26 07:18:19.381,1.14135,1.14148,1.00,1.00
2016.02.26 07:18:19.686,1.14137,1.14152,1.00,1.75
2016.02.26 07:18:19.940,1.14135,1.14151,1.00,1.50
2016.02.26 07:18:23.162,1.14135,1.14147,1.00,1.00
2016.02.26 07:18:23.599,1.14133,1.14147,1.00,1.12
2016.02.26 07:18:24.790,1.14135,1.14147,1.00,1.12
2016.02.26 07:18:25.224,1.14137,1.14149,1.00,1.12
2016.02.26 07:18:25.579,1.14139,1.14153,1.00,1.12
2016.02.26 07:18:25.738,1.14139,1.14155,1.00,1.75
2016.02.26 07:18:30.393,1.1414,1.14156,1.00,1.87
2016.02.26 07:18:30.497,1.14142,1.14156,1.00,1.87
2016.02.26 07:18:30.650,1.14143,1.14156,1.00,1.00
2016.02.26 07:18:30.896,1.14145,1.14156,1.00,1.00
2016.02.26 07:18:31.420,1.14146,1.14156,1.00,1.00
2016.02.26 07:18:31.623,1.14142,1.14156,1.00,1.00
2016.02.26 07:18:34.447,1.14142,1.14155,1.00,1.00
2016.02.26 07:18:34.557,1.14144,1.14156,1.00,1.00
2016.02.26 07:18:34.760,1.14146,1.14162,1.00,1.75
2016.02.26 07:18:35.217,1.14143,1.1416,1.00,1.50
2016.02.26 07:18:35.370,1.14141,1.14157,1.00,1.12
2016.02.26 07:18:35.965,1.14144,1.14157,1.00,1.87
2016.02.26 07:18:36.120,1.1414,1.14157,1.00,1.12
2016.02.26 07:18:36.223,1.14142,1.14157,1.00,1.87
2016.02.26 07:18:36.429,1.14139,1.14157,1.00,1.87
2016.02.26 07:18:36.684,1.14141,1.14157,1.00,1.12
2016.02.26 07:18:37.194,1.14139,1.14157,1.00,1.12
2016.02.26 07:18:37.550,1.14138,1.14153,1.00,1.75
2016.02.26 07:18:37.856,1.14136,1.14153,1.00,1.12
2016.02.26 07:18:39.458,1.14136,1.14153,1.12,1.75
2016.02.26 07:18:40.083,1.14137,1.14153,1.00,3.00
2016.02.26 07:18:40.187,1.14136,1.14152,1.00,1.12
2016.02.26 07:18:40.390,1.14134,1.1415,1.00,1.75
2016.02.26 07:18:42.041,1.14133,1.14149,1.00,1.75
2016.02.26 07:18:42.540,1.14134,1.14148,1.00,3.37
2016.02.26 07:18:43.091,1.14133,1.14144,1.00,1.00
2016.02.26 07:18:45.244,1.14128,1.14144,1.00,1.00
2016.02.26 07:18:45.295,1.14128,1.14143,1.00,1.12
2016.02.26 07:18:45.851,1.14127,1.14143,1.00,1.87
2016.02.26 07:18:47.095,1.14129,1.14143,1.00,1.12
2016.02.26 07:18:47.397,1.14131,1.14143,1.00,1.12
2016.02.26 07:18:47.753,1.14129,1.14143,1.00,1.12
2016.02.26 07:18:48.260,1.14128,1.14143,1.00,1.87
2016.02.26 07:18:48.604,1.14128,1.14143,1.87,1.37
2016.02.26 07:18:48.656,1.14132,1.14145,1.00,3.00
2016.02.26 07:18:49.115,1.14133,1.14148,1.00,2.25
2016.02.26 07:18:50.169,1.14133,1.14148,1.00,2.25
2016.02.26 07:18:50.220,1.14133,1.14147,1.00,1.12
2016.02.26 07:18:50.322,1.14133,1.14148,1.00,2.25
2016.02.26 07:18:50.424,1.14136,1.1415,1.00,1.87
2016.02.26 07:18:51.638,1.14135,1.14149,1.00,2.25
2016.02.26 07:18:52.982,1.14135,1.14146,1.00,1.12
2016.02.26 07:18:53.044,1.14131,1.14146,1.00,1.12
2016.02.26 07:18:54.201,1.14131,1.14147,1.37,2.25
2016.02.26 07:18:54.304,1.1414,1.14152,1.00,1.50
2016.02.26 07:18:54.647,1.14143,1.14156,1.00,1.75
2016.02.26 07:18:54.955,1.14145,1.14156,1.00,2.25
2016.02.26 07:18:55.361,1.14143,1.14156,1.00,2.25
2016.02.26 07:18:55.566,1.14141,1.14156,1.00,2.25
2016.02.26 07:18:57.141,1.14141,1.14155,1.00,1.00
2016.02.26 07:18:57.646,1.14141,1.14156,1.00,1.12
2016.02.26 07:18:58.572,1.14144,1.14158,1.00,1.75
2016.02.26 07:18:58.624,1.14144,1.1416,1.12,1.75
2016.02.26 07:18:58.878,1.14146,1.1416,1.00,1.75
2016.02.26 07:18:59.767,1.14147,1.14162,1.00,1.87
2016.02.26 07:19:00.276,1.14147,1.14161,1.50,1.12
2016.02.26 07:19:00.581,1.14149,1.14162,1.00,1.12
2016.02.26 07:19:00.632,1.14149,1.14164,1.00,3.37
2016.02.26 07:19:01.137,1.1415,1.14164,1.00,3.37
2016.02.26 07:19:02.626,1.14147,1.14164,1.12,1.75
2016.02.26 07:19:02.829,1.14153,1.14165,1.00,1.12
2016.02.26 07:19:03.716,1.14152,1.14165,1.00,1.12
2016.02.26 07:19:04.044,1.14149,1.14165,1.00,1.87
2016.02.26 07:19:06.151,1.14151,1.14165,1.00,2.62
2016.02.26 07:19:06.253,1.14149,1.14165,1.00,2.62
2016.02.26 07:19:08.449,1.14147,1.14164,1.50,1.75
2016.02.26 07:19:08.551,1.14147,1.1416,1.12,1.00
2016.02.26 07:19:08.654,1.14143,1.14159,1.12,1.37
2016.02.26 07:19:09.822,1.14141,1.14158,1.00,1.87
2016.02.26 07:19:10.429,1.14142,1.14158,1.00,1.87
2016.02.26 07:19:14.148,1.1414,1.14158,1.12,2.62
2016.02.26 07:19:15.323,1.14139,1.14157,1.37,1.87
2016.02.26 07:19:15.374,1.14142,1.14153,1.00,1.00
2016.02.26 07:19:16.047,1.14143,1.14153,1.00,1.00
2016.02.26 07:19:16.553,1.14144,1.14153,1.00,1.00
2016.02.26 07:19:17.363,1.14146,1.14159,1.00,1.75
2016.02.26 07:19:19.358,1.14145,1.14159,1.00,2.25
2016.02.26 07:19:19.834,1.14145,1.14157,1.00,1.87
2016.02.26 07:19:19.886,1.14142,1.14156,1.00,1.12
2016.02.26 07:19:25.728,1.1414,1.14155,1.00,1.75
2016.02.26 07:19:25.932,1.14142,1.14156,1.00,1.87
2016.02.26 07:19:26.288,1.14139,1.14156,1.00,1.87
2016.02.26 07:19:26.788,1.14137,1.14151,1.00,1.00
2016.02.26 07:19:26.839,1.14141,1.14151,1.00,1.00
2016.02.26 07:19:29.684,1.1414,1.14151,1.00,1.00
2016.02.26 07:19:30.140,1.14136,1.14151,1.00,1.00
2016.02.26 07:19:30.344,1.14135,1.14151,1.00,1.50
2016.02.26 07:19:30.845,1.14135,1.14151,1.00,1.87
2016.02.26 07:19:31.753,1.14136,1.14145,1.00,1.00
2016.02.26 07:19:31.991,1.14134,1.14145,1.00,1.00
2016.02.26 07:19:32.347,1.14136,1.14145,1.00,1.00
2016.02.26 07:19:32.917,1.14135,1.14145,1.00,1.00
2016.02.26 07:19:33.463,1.14134,1.14145,1.00,1.00
2016.02.26 07:19:33.565,1.14131,1.14147,1.00,2.62
2016.02.26 07:19:34.223,1.14131,1.14145,1.00,2.25
2016.02.26 07:19:35.320,1.14128,1.14144,1.00,1.75
2016.02.26 07:19:35.859,1.14127,1.14144,1.00,1.75
2016.02.26 07:19:36.214,1.14127,1.14143,1.00,1.12
2016.02.26 07:19:36.316,1.14129,1.14144,1.00,1.75
2016.02.26 07:19:36.622,1.14132,1.14146,1.00,1.12
2016.02.26 07:19:37.423,1.1413,1.14146,1.00,1.12
2016.02.26 07:19:38.047,1.14132,1.14146,1.00,1.12
2016.02.26 07:19:40.705,1.14132,1.14145,1.12,1.00
2016.02.26 07:19:40.909,1.14136,1.14145,1.00,1.00
2016.02.26 07:19:41.695,1.14132,1.14145,1.00,1.00
2016.02.26 07:19:43.570,1.14134,1.14145,1.00,1.00
2016.02.26 07:19:43.858,1.14131,1.14145,1.00,1.00
2016.02.26 07:19:44.365,1.14132,1.14145,1.00,1.50
2016.02.26 07:19:44.970,1.14131,1.14145,1.00,1.50
2016.02.26 07:19:45.123,1.14129,1.14142,1.00,1.00
2016.02.26 07:19:45.351,1.14129,1.14142,1.00,1.37
2016.02.26 07:19:46.179,1.14128,1.14142,1.00,1.12
2016.02.26 07:19:46.484,1.14132,1.14142,1.00,1.12
2016.02.26 07:19:47.193,1.14132,1.14142,1.00,1.00
2016.02.26 07:19:47.961,1.1413,1.14142,1.00,1.00
2016.02.26 07:19:48.389,1.14132,1.14146,1.00,1.12
2016.02.26 07:19:48.441,1.14132,1.14145,1.00,1.00
2016.02.26 07:19:49.103,1.14132,1.14143,1.00,1.12
2016.02.26 07:19:49.154,1.1413,1.14143,1.00,1.12
2016.02.26 07:19:49.368,1.14128,1.14143,1.00,1.12
2016.02.26 07:19:49.945,1.14129,1.14143,1.00,1.12
2016.02.26 07:19:50.452,1.1413,1.14143,1.00,1.12
2016.02.26 07:19:50.619,1.14134,1.14143,1.00,1.12
2016.02.26 07:19:50.721,1.14133,1.14147,1.00,2.62
2016.02.26 07:19:50.823,1.14133,1.14145,1.00,1.12
2016.02.26 07:19:50.926,1.14129,1.14145,1.00,1.12
2016.02.26 07:19:51.447,1.14129,1.1414,1.00,1.00
2016.02.26 07:19:51.920,1.14131,1.14144,1.00,1.12
2016.02.26 07:19:52.224,1.14134,1.14147,1.00,1.12
2016.02.26 07:19:52.428,1.14134,1.14149,1.00,1.87
2016.02.26 07:19:52.479,1.14137,1.14147,1.00,1.00
2016.02.26 07:19:52.793,1.14142,1.14147,1.00,1.00
2016.02.26 07:19:53.226,1.14144,1.14154,1.00,1.87
2016.02.26 07:19:53.480,1.1414,1.14153,1.00,1.75
2016.02.26 07:19:55.883,1.14138,1.14153,1.00,1.75
2016.02.26 07:19:56.137,1.14138,1.14151,1.00,1.37
2016.02.26 07:19:56.493,1.14138,1.14153,1.00,1.75
2016.02.26 07:19:56.995,1.1414,1.14153,1.00,1.75
2016.02.26 07:19:57.749,1.14141,1.14154,1.00,1.12
2016.02.26 07:20:01.998,1.14141,1.14155,1.00,1.00
2016.02.26 07:20:02.049,1.14144,1.14155,1.00,1.00
2016.02.26 07:20:02.354,1.14141,1.14155,1.00,1.00
2016.02.26 07:20:02.507,1.14144,1.14155,1.00,1.00
2016.02.26 07:20:02.811,1.14142,1.14152,1.00,1.00
2016.02.26 07:20:03.788,1.1414,1.14152,1.00,1.00
2016.02.26 07:20:05.433,1.14142,1.14156,1.00,1.12
2016.02.26 07:20:05.535,1.14142,1.14158,1.00,1.12
2016.02.26 07:20:05.792,1.14144,1.14158,1.00,1.87
2016.02.26 07:20:06.365,1.14143,1.14158,1.00,1.87
2016.02.26 07:20:06.867,1.14145,1.14158,1.37,1.12
2016.02.26 07:20:07.172,1.14148,1.14158,1.00,1.12
2016.02.26 07:20:07.223,1.14146,1.14158,1.00,1.12
2016.02.26 07:20:08.661,1.14145,1.14158,1.00,1.12
2016.02.26 07:20:08.763,1.14143,1.14158,1.00,1.12
2016.02.26 07:20:08.864,1.14145,1.14158,1.00,1.12
2016.02.26 07:20:10.296,1.14141,1.14158,1.37,1.12
2016.02.26 07:20:10.398,1.14145,1.14158,1.00,1.12
2016.02.26 07:20:11.262,1.14148,1.1416,1.00,2.25
2016.02.26 07:20:11.838,1.14147,1.1416,1.00,1.75
2016.02.26 07:20:15.331,1.14148,1.1416,1.00,1.75
2016.02.26 07:20:18.802,1.14148,1.14163,1.37,1.12
2016.02.26 07:20:18.853,1.14148,1.14162,1.37,1.00
2016.02.26 07:20:19.005,1.14152,1.14162,1.00,1.00
2016.02.26 07:20:20.759,1.14149,1.14162,1.00,1.00
2016.02.26 07:20:23.376,1.1415,1.14162,1.00,1.00
2016.02.26 07:20:25.383,1.14148,1.14163,1.00,1.12
2016.02.26 07:20:25.688,1.14146,1.14162,1.00,2.25
2016.02.26 07:20:25.891,1.14145,1.1416,1.00,1.87
2016.02.26 07:20:26.198,1.14147,1.14159,1.00,1.12
2016.02.26 07:20:26.350,1.14145,1.14159,1.00,1.12
2016.02.26 07:20:27.243,1.14143,1.14159,1.00,2.62
2016.02.26 07:20:32.854,1.14144,1.14158,1.00,1.75
2016.02.26 07:20:41.395,1.14144,1.14158,1.00,1.87
2016.02.26 07:20:41.821,1.14146,1.14158,1.00,1.87
2016.02.26 07:20:42.378,1.14147,1.14158,1.00,1.87
2016.02.26 07:20:42.866,1.14144,1.14158,1.00,1.87
2016.02.26 07:20:45.279,1.14146,1.14158,1.00,2.62
2016.02.26 07:20:45.844,1.14145,1.14158,1.00,1.12
2016.02.26 07:20:47.148,1.14145,1.14158,1.00,1.00
2016.02.26 07:20:48.332,1.14147,1.14158,1.00,1.00
2016.02.26 07:20:55.188,1.14149,1.14158,1.00,1.00
2016.02.26 07:20:55.744,1.14146,1.14158,1.00,1.00
2016.02.26 07:20:58.168,1.14148,1.14158,1.00,1.00
2016.02.26 07:21:00.110,1.14146,1.14158,1.00,1.00
2016.02.26 07:21:04.799,1.14149,1.14161,1.00,1.50
2016.02.26 07:21:04.859,1.14149,1.14161,1.00,1.00
2016.02.26 07:21:05.447,1.14148,1.14161,1.00,1.00
2016.02.26 07:21:05.600,1.14147,1.14159,1.00,1.00
2016.02.26 07:21:06.108,1.14146,1.14159,1.00,1.00
2016.02.26 07:21:08.849,1.14146,1.14159,1.00,1.37
2016.02.26 07:21:09.376,1.14147,1.14159,1.00,1.75
2016.02.26 07:21:10.468,1.14146,1.14159,1.00,1.75
2016.02.26 07:21:12.088,1.14145,1.14159,1.00,1.75
2016.02.26 07:21:15.278,1.14147,1.14159,1.00,1.75
2016.02.26 07:21:19.729,1.14147,1.14163,1.00,1.12
2016.02.26 07:21:19.932,1.14154,1.14163,1.00,2.62
2016.02.26 07:21:20.255,1.14148,1.14163,1.00,2.62
2016.02.26 07:21:21.138,1.14149,1.14159,1.00,1.00
2016.02.26 07:21:21.442,1.14146,1.14159,1.00,1.50
2016.02.26 07:21:23.120,1.14145,1.14159,1.00,2.25
2016.02.26 07:21:24.964,1.14145,1.14159,1.00,2.25
2016.02.26 07:21:25.571,1.14145,1.14159,1.00,2.25
2016.02.26 07:21:28.260,1.14146,1.14159,1.00,2.25
2016.02.26 07:21:28.514,1.14148,1.14161,1.00,1.12
2016.02.26 07:21:28.565,1.14148,1.14162,1.00,1.75
2016.02.26 07:21:28.617,1.1415,1.14162,1.00,1.75
2016.02.26 07:21:29.014,1.14148,1.14163,1.00,1.87
2016.02.26 07:21:29.399,1.14146,1.14162,1.00,1.75
2016.02.26 07:21:29.602,1.14143,1.14159,1.37,1.12
2016.02.26 07:21:29.653,1.14143,1.14159,1.00,1.75
2016.02.26 07:21:30.527,1.14144,1.14158,1.00,1.50
2016.02.26 07:21:30.685,1.14142,1.14158,1.12,1.50
2016.02.26 07:21:30.838,1.14142,1.14158,1.00,1.87
2016.02.26 07:21:32.137,1.14147,1.14162,1.00,4.12
2016.02.26 07:21:32.188,1.14147,1.14162,1.00,2.25
2016.02.26 07:21:32.341,1.14149,1.14163,1.00,2.25
2016.02.26 07:21:32.443,1.14148,1.14163,1.12,2.25
2016.02.26 07:21:32.798,1.14152,1.14165,1.00,3.75
2016.02.26 07:21:32.900,1.1415,1.14165,1.00,3.75
2016.02.26 07:21:33.002,1.14152,1.14165,1.00,3.75
2016.02.26 07:21:33.560,1.14151,1.14165,1.00,1.75
2016.02.26 07:21:34.317,1.1415,1.14163,1.00,1.12
2016.02.26 07:21:34.624,1.1415,1.14161,1.00,1.75
2016.02.26 07:21:35.565,1.14152,1.14162,1.00,2.25
2016.02.26 07:21:35.669,1.1415,1.14162,1.00,2.25
2016.02.26 07:21:35.973,1.14148,1.14162,1.00,2.25
2016.02.26 07:21:36.533,1.14148,1.1416,1.00,1.37
2016.02.26 07:21:37.059,1.14147,1.1416,1.00,1.87
2016.02.26 07:21:38.719,1.14149,1.1416,1.00,1.12
2016.02.26 07:21:40.499,1.1415,1.1416,1.00,1.12
2016.02.26 07:21:40.804,1.14154,1.14163,1.00,1.12
2016.02.26 07:21:41.009,1.14154,1.14164,1.00,1.00
2016.02.26 07:21:42.228,1.14151,1.14164,1.00,1.00
2016.02.26 07:21:42.380,1.14149,1.14163,1.00,1.75
2016.02.26 07:21:42.890,1.14148,1.14163,1.00,1.75
2016.02.26 07:21:43.579,1.14147,1.14161,1.00,1.12
2016.02.26 07:21:43.883,1.14147,1.1416,1.00,1.12
2016.02.26 07:21:46.000,1.14149,1.1416,1.00,1.12
2016.02.26 07:21:46.485,1.1415,1.14161,1.00,1.50
2016.02.26 07:21:47.025,1.14151,1.14163,1.00,1.12
2016.02.26 07:21:47.777,1.14153,1.14166,1.00,1.75
2016.02.26 07:21:48.361,1.14154,1.14167,1.00,1.12
2016.02.26 07:21:56.648,1.14151,1.14166,1.00,1.75
2016.02.26 07:21:56.803,1.14151,1.14161,1.00,1.00
2016.02.26 07:21:57.351,1.1415,1.14161,1.00,1.00
2016.02.26 07:22:00.498,1.14145,1.14161,1.00,1.00
2016.02.26 07:22:01.919,1.14144,1.14161,1.00,1.00
2016.02.26 07:22:02.021,1.14143,1.1416,1.50,1.12
2016.02.26 07:22:05.903,1.14144,1.1416,1.00,1.12
2016.02.26 07:22:07.861,1.14142,1.1416,1.00,2.62
2016.02.26 07:22:11.321,1.14144,1.1416,1.00,1.12
2016.02.26 07:22:11.372,1.14144,1.14162,1.00,1.75
2016.02.26 07:22:12.844,1.14146,1.14163,1.00,1.50
2016.02.26 07:22:12.895,1.14148,1.14163,1.00,1.00
2016.02.26 07:22:13.199,1.1415,1.14163,1.00,1.00
2016.02.26 07:22:13.402,1.14147,1.14163,1.00,1.00
2016.02.26 07:22:13.555,1.14145,1.14163,1.00,1.87
2016.02.26 07:22:20.193,1.14143,1.14163,1.12,1.87
2016.02.26 07:22:20.346,1.14143,1.14163,1.50,1.87
2016.02.26 07:22:20.397,1.14143,1.14163,1.75,1.75
2016.02.26 07:22:20.773,1.14143,1.14158,1.00,1.12
2016.02.26 07:22:20.877,1.14139,1.14159,1.75,1.75
2016.02.26 07:22:21.183,1.14142,1.14157,1.00,1.87
2016.02.26 07:22:22.952,1.14144,1.14156,1.00,2.25
2016.02.26 07:22:23.603,1.14141,1.14156,1.00,1.75
2016.02.26 07:22:24.268,1.1414,1.14156,1.00,1.75
2016.02.26 07:22:24.370,1.14143,1.14156,1.00,1.75
2016.02.26 07:22:25.596,1.14141,1.14155,1.00,1.75
2016.02.26 07:22:25.698,1.14139,1.14153,1.12,1.12
2016.02.26 07:22:25.953,1.1414,1.14149,1.00,1.00
2016.02.26 07:22:26.271,1.14133,1.14146,1.00,1.00
2016.02.26 07:22:26.779,1.14134,1.14146,1.00,1.00
2016.02.26 07:22:27.204,1.14134,1.14148,1.00,1.50
2016.02.26 07:22:28.651,1.14133,1.14148,1.00,1.00
2016.02.26 07:22:29.007,1.14132,1.14146,1.00,1.00
2016.02.26 07:22:29.110,1.14132,1.14148,1.00,1.12
2016.02.26 07:22:30.080,1.14133,1.14148,1.00,1.00
2016.02.26 07:22:31.113,1.14132,1.14148,1.50,1.00
2016.02.26 07:22:32.524,1.14132,1.14147,1.50,1.00
2016.02.26 07:22:33.081,1.14132,1.14146,1.50,1.00
2016.02.26 07:22:33.190,1.14132,1.14148,1.50,1.50
2016.02.26 07:22:33.631,1.14132,1.14146,1.00,1.00
2016.02.26 07:22:33.977,1.14129,1.14144,1.00,1.00
2016.02.26 07:22:35.565,1.1413,1.14144,1.00,1.00
2016.02.26 07:22:35.690,1.14132,1.14144,1.00,1.00
2016.02.26 07:22:36.210,1.14133,1.14144,1.00,1.00
2016.02.26 07:22:37.458,1.14132,1.14144,1.00,1.00
2016.02.26 07:22:39.664,1.1413,1.14144,1.00,1.00
2016.02.26 07:22:40.178,1.14131,1.14144,1.00,1.00
2016.02.26 07:22:43.808,1.14128,1.14144,1.50,1.00
2016.02.26 07:22:44.562,1.1413,1.14144,1.00,1.00
2016.02.26 07:22:45.019,1.1413,1.1415,3.37,1.50
2016.02.26 07:22:45.070,1.14132,1.14147,1.00,1.75
2016.02.26 07:22:45.852,1.14131,1.14147,1.00,1.75
2016.02.26 07:22:46.533,1.14131,1.14149,1.37,2.25
2016.02.26 07:22:46.584,1.14131,1.14149,1.12,1.87
2016.02.26 07:22:47.003,1.14133,1.14149,1.00,1.87
2016.02.26 07:22:48.551,1.14136,1.14151,1.00,1.75
2016.02.26 07:22:48.754,1.14138,1.14152,1.00,1.37
2016.02.26 07:22:51.111,1.1414,1.14155,1.00,1.87
2016.02.26 07:22:51.527,1.14143,1.14155,1.00,1.87
2016.02.26 07:22:51.578,1.14141,1.14155,1.00,1.12
2016.02.26 07:22:51.680,1.14141,1.14159,2.62,1.12
2016.02.26 07:22:51.731,1.14148,1.14162,1.00,4.42
2016.02.26 07:22:51.782,1.14148,1.14163,1.00,1.50
2016.02.26 07:22:51.833,1.1415,1.14163,1.00,1.50
2016.02.26 07:22:52.139,1.14152,1.14164,1.00,1.75
2016.02.26 07:22:52.697,1.14151,1.14164,1.00,1.75
2016.02.26 07:22:52.951,1.14149,1.14164,1.00,2.25
2016.02.26 07:22:54.380,1.14147,1.14164,1.00,2.25
2016.02.26 07:22:54.828,1.14149,1.14164,1.00,2.25
2016.02.26 07:22:56.157,1.14148,1.14164,1.00,2.25
2016.02.26 07:22:56.663,1.14148,1.1416,1.00,1.00
2016.02.26 07:22:58.254,1.14146,1.1416,1.12,1.00
2016.02.26 07:22:59.996,1.14146,1.1416,1.00,1.37
2016.02.26 07:23:00.098,1.14143,1.1416,1.00,1.75
2016.02.26 07:23:00.606,1.14142,1.14159,1.12,1.75
2016.02.26 07:23:00.657,1.14146,1.14159,1.00,1.75
2016.02.26 07:23:00.759,1.14143,1.14161,1.00,2.62
2016.02.26 07:23:01.313,1.14143,1.14159,1.00,2.62
2016.02.26 07:23:01.365,1.14143,1.14159,1.00,1.50
2016.02.26 07:23:03.198,1.14142,1.1416,1.12,3.00
2016.02.26 07:23:03.705,1.14143,1.14159,1.00,1.50
2016.02.26 07:23:04.118,1.14143,1.14159,1.00,2.62
2016.02.26 07:23:04.271,1.14143,1.14157,1.00,1.12
2016.02.26 07:23:05.139,1.14142,1.14159,1.00,1.75
2016.02.26 07:23:05.664,1.14141,1.14159,1.00,2.25
2016.02.26 07:23:05.715,1.14143,1.14159,1.00,2.25
2016.02.26 07:23:06.261,1.14142,1.1416,1.50,1.75
2016.02.26 07:23:06.592,1.14146,1.1416,1.00,1.75
2016.02.26 07:23:06.744,1.14146,1.14162,1.00,1.75
2016.02.26 07:23:08.906,1.14145,1.14163,1.12,2.62
2016.02.26 07:23:10.749,1.14147,1.14161,1.50,1.00
2016.02.26 07:23:10.807,1.14147,1.14163,1.50,1.00
2016.02.26 07:23:10.858,1.14147,1.14163,1.75,1.00
2016.02.26 07:23:11.577,1.14148,1.14164,1.75,1.00
2016.02.26 07:23:13.486,1.14148,1.14162,1.75,1.00
2016.02.26 07:23:14.662,1.14147,1.14162,1.00,1.00
2016.02.26 07:23:17.621,1.14147,1.14159,1.00,1.00
2016.02.26 07:23:17.976,1.14147,1.14161,1.00,1.00
2016.02.26 07:23:18.229,1.14144,1.1416,1.50,1.12
2016.02.26 07:23:24.102,1.14144,1.14159,1.50,1.00
2016.02.26 07:23:26.994,1.14144,1.14154,1.50,1.00
2016.02.26 07:23:27.795,1.14144,1.14153,1.50,1.00
2016.02.26 07:23:29.008,1.14142,1.1415,1.75,1.00
2016.02.26 07:23:29.112,1.14142,1.1415,1.00,1.00
2016.02.26 07:23:29.557,1.14136,1.1415,1.87,1.00
2016.02.26 07:23:29.710,1.14136,1.1415,1.50,1.00
2016.02.26 07:23:31.981,1.14136,1.14148,1.50,1.00
2016.02.26 07:23:33.595,1.14136,1.14146,1.00,1.00
2016.02.26 07:23:33.646,1.14133,1.14146,1.50,1.00
2016.02.26 07:23:34.165,1.14133,1.14145,1.50,1.00
2016.02.26 07:23:34.441,1.14135,1.14145,1.00,1.00
2016.02.26 07:23:34.543,1.14135,1.14147,1.00,1.00
2016.02.26 07:23:35.049,1.14136,1.14147,1.00,1.00
2016.02.26 07:23:35.100,1.14135,1.14145,1.00,1.00
2016.02.26 07:23:35.303,1.14133,1.14145,1.00,1.00
2016.02.26 07:23:36.865,1.14133,1.14141,1.00,1.00
2016.02.26 07:23:37.372,1.14132,1.14141,1.00,1.00
2016.02.26 07:23:38.542,1.14132,1.14144,1.12,1.00
2016.02.26 07:23:39.065,1.14133,1.14144,1.00,1.00
2016.02.26 07:23:39.667,1.1413,1.14144,1.50,1.00
2016.02.26 07:23:40.914,1.14129,1.14141,1.75,1.00
2016.02.26 07:23:41.421,1.14129,1.14144,1.75,1.00
2016.02.26 07:23:43.185,1.14132,1.14146,1.00,1.12
2016.02.26 07:23:43.288,1.14133,1.14147,1.37,1.12
2016.02.26 07:23:44.092,1.14135,1.1415,1.12,1.12
2016.02.26 07:23:46.710,1.14135,1.14147,1.12,1.00
2016.02.26 07:23:47.269,1.14133,1.14145,1.50,1.00
2016.02.26 07:23:47.422,1.14133,1.14145,1.00,1.00
2016.02.26 07:23:47.717,1.14127,1.14141,1.12,1.00
2016.02.26 07:23:47.819,1.14129,1.14141,1.00,1.00
2016.02.26 07:23:48.324,1.14128,1.14141,1.00,1.00
2016.02.26 07:23:50.630,1.14128,1.14139,1.00,1.00
2016.02.26 07:23:50.832,1.14124,1.14139,1.12,1.12
2016.02.26 07:23:50.943,1.14124,1.14136,1.12,1.00
2016.02.26 07:23:51.495,1.14125,1.14136,1.00,1.00
