2018.05.08 21:00:00.145,1.08927,1.08951,0.37,0.37
2018.05.08 21:00:00.500,1.08913,1.08968,0.75,0.75
2018.05.08 21:00:00.669,1.08913,1.08963,0.75,0.75
2018.05.08 21:00:00.890,1.08916,1.08976,0.75,0.75
2018.05.08 21:00:00.991,1.08916,1.08963,0.75,0.75
2018.05.08 21:00:01.368,1.08919,1.08958,0.75,0.75
2018.05.08 21:00:01.894,1.0892,1.08957,0.75,0.75
2018.05.08 21:00:02.937,1.08894,1.08965,0.75,0.75
2018.05.08 21:00:08.564,1.08923,1.08956,0.75,0.75
2018.05.08 21:00:14.664,1.08924,1.08959,0.75,0.75
2018.05.08 21:00:15.434,1.08923,1.08956,0.75,0.75
2018.05.08 21:00:16.065,1.08922,1.08955,0.75,0.75
2018.05.08 21:00:17.345,1.08923,1.08956,0.75,0.75
2018.05.08 21:00:25.446,1.0892,1.08953,0.75,0.75
2018.05.08 21:00:25.547,1.08917,1.08951,0.75,0.75
2018.05.08 21:00:30.503,1.08913,1.08949,0.75,0.75
2018.05.08 21:00:30.768,1.08916,1.08952,0.75,0.75
2018.05.08 21:00:31.136,1.08913,1.08948,0.75,0.75
2018.05.08 21:00:31.684,1.08916,1.08952,0.75,0.75
2018.05.08 21:00:31.883,1.08913,1.08948,0.75,0.75
2018.05.08 21:00:32.234,1.08917,1.08951,0.75,0.75
2018.05.08 21:00:32.285,1.08913,1.08948,0.75,0.75
2018.05.08 21:00:32.537,1.08916,1.08952,0.75,0.75
2018.05.08 21:00:32.737,1.08914,1.08948,0.75,0.75
2018.05.08 21:00:33.085,1.08917,1.08951,0.75,0.75
2018.05.08 21:00:33.536,1.08914,1.08947,0.75,0.75
2018.05.08 21:00:33.835,1.08916,1.08952,0.75,0.75
2018.05.08 21:00:33.936,1.08914,1.08947,0.75,0.75
2018.05.08 21:00:34.185,1.08916,1.08952,0.75,0.75
2018.05.08 21:00:34.335,1.08913,1.08948,0.75,0.75
2018.05.08 21:00:34.603,1.08916,1.08952,0.75,0.75
2018.05.08 21:00:34.735,1.08914,1.08947,0.75,0.75
2018.05.08 21:00:35.035,1.08916,1.08952,0.75,0.75
2018.05.08 21:00:35.199,1.08913,1.08948,0.75,0.75
2018.05.08 21:00:35.541,1.08917,1.08951,0.75,0.75
2018.05.08 21:00:35.868,1.08914,1.08948,0.75,0.75
2018.05.08 21:00:36.385,1.08913,1.08949,0.75,0.75
2018.05.08 21:00:36.786,1.08916,1.08952,0.75,0.75
2018.05.08 21:00:37.194,1.08914,1.08948,0.75,0.75
2018.05.08 21:00:37.286,1.08916,1.08952,0.75,0.75
2018.05.08 21:00:37.640,1.08914,1.08948,0.75,0.75
2018.05.08 21:00:37.786,1.08916,1.08952,0.75,0.75
2018.05.08 21:00:38.036,1.08913,1.08949,0.75,0.75
2018.05.08 21:00:38.514,1.08916,1.08952,0.75,0.75
2018.05.08 21:00:38.936,1.08913,1.08948,0.75,0.75
2018.05.08 21:00:39.504,1.08914,1.08947,0.75,0.75
2018.05.08 21:00:39.588,1.08917,1.08951,0.75,0.75
2018.05.08 21:00:39.885,1.08913,1.08949,0.75,0.75
2018.05.08 21:00:40.086,1.08917,1.08951,0.75,0.75
2018.05.08 21:00:40.235,1.08913,1.08948,0.75,0.75
2018.05.08 21:00:40.485,1.08916,1.08952,0.75,0.75
2018.05.08 21:00:40.635,1.08914,1.08947,0.75,0.75
2018.05.08 21:00:40.885,1.08917,1.08951,0.75,0.75
2018.05.08 21:00:41.036,1.08914,1.08947,0.75,0.75
2018.05.08 21:00:41.286,1.08917,1.08951,0.75,0.75
2018.05.08 21:00:41.536,1.08913,1.08949,0.75,0.75
2018.05.08 21:00:41.786,1.08917,1.08951,0.75,0.75
2018.05.08 21:00:41.936,1.08913,1.08948,0.75,0.75
2018.05.08 21:00:42.197,1.08917,1.08951,0.75,0.75
2018.05.08 21:00:42.335,1.08913,1.08948,0.75,0.75
2018.05.08 21:00:42.525,1.08919,1.08952,0.75,0.75
2018.05.08 21:01:00.777,1.08918,1.08951,0.75,0.75
2018.05.08 21:01:30.437,1.08918,1.08951,0.75,0.75
2018.05.08 21:01:30.837,1.08916,1.08949,0.75,0.75
2018.05.08 21:01:31.528,1.08917,1.08952,0.75,0.75
2018.05.08 21:01:31.735,1.08915,1.0895,0.75,0.75
2018.05.08 21:01:32.085,1.08918,1.08951,0.75,0.75
2018.05.08 21:01:32.136,1.08915,1.0895,0.75,0.75
2018.05.08 21:01:32.384,1.08917,1.08952,0.75,0.75
2018.05.08 21:01:32.747,1.08916,1.08949,0.75,0.75
2018.05.08 21:01:32.798,1.08917,1.08952,0.75,0.75
2018.05.08 21:01:32.935,1.08916,1.08949,0.75,0.75
2018.05.08 21:01:33.587,1.08917,1.08952,0.75,0.75
2018.05.08 21:01:33.836,1.08915,1.0895,0.75,0.75
2018.05.08 21:01:34.397,1.08916,1.08949,0.75,0.75
2018.05.08 21:01:34.893,1.08918,1.08951,0.75,0.75
2018.05.08 21:01:35.637,1.08916,1.08949,0.75,0.75
2018.05.08 21:01:36.047,1.08918,1.08951,0.75,0.75
2018.05.08 21:01:36.136,1.08915,1.0895,0.75,0.75
2018.05.08 21:01:36.432,1.08917,1.08952,0.75,0.75
2018.05.08 21:01:37.037,1.08915,1.0895,0.75,0.75
2018.05.08 21:01:37.138,1.08915,1.08959,0.75,0.75
2018.05.08 21:01:37.290,1.08917,1.08952,0.75,0.75
2018.05.08 21:01:37.436,1.08918,1.08955,0.75,0.75
2018.05.08 21:01:37.687,1.08918,1.08958,0.75,0.75
2018.05.08 21:01:37.815,1.08918,1.08955,0.75,0.75
2018.05.08 21:01:38.285,1.08918,1.08949,0.75,0.75
2018.05.08 21:01:38.537,1.08918,1.08955,0.75,0.75
2018.05.08 21:01:38.685,1.08918,1.08948,0.75,0.75
2018.05.08 21:01:38.936,1.08918,1.08958,0.75,0.75
2018.05.08 21:01:39.071,1.08919,1.08948,0.75,0.75
2018.05.08 21:01:39.288,1.08917,1.08948,0.75,0.75
2018.05.08 21:01:39.339,1.08917,1.08955,0.75,0.75
2018.05.08 21:01:39.491,1.08918,1.08948,0.75,0.75
2018.05.08 21:01:39.731,1.08917,1.08956,0.75,0.75
2018.05.08 21:01:39.985,1.08918,1.08948,0.75,0.75
2018.05.08 21:01:40.236,1.08918,1.08956,0.75,0.75
2018.05.08 21:01:40.386,1.08918,1.08949,0.75,0.75
2018.05.08 21:01:40.636,1.08917,1.08955,0.75,0.75
2018.05.08 21:01:40.738,1.08919,1.08955,0.75,0.75
2018.05.08 21:01:41.185,1.08919,1.08949,0.75,0.75
2018.05.08 21:01:41.436,1.08918,1.08954,0.75,0.75
2018.05.08 21:01:41.607,1.08919,1.08949,0.75,0.75
2018.05.08 21:01:41.790,1.08918,1.08953,0.75,0.75
2018.05.08 21:01:41.990,1.08919,1.08947,0.75,0.75
2018.05.08 21:01:42.236,1.08918,1.08951,0.75,0.75
2018.05.08 21:01:42.389,1.08918,1.08948,0.75,0.75
2018.05.08 21:01:42.640,1.08919,1.08951,0.75,0.75
2018.05.08 21:01:42.741,1.08919,1.08948,0.75,0.75
2018.05.08 21:01:43.027,1.08918,1.08952,0.75,0.75
2018.05.08 21:01:43.186,1.08918,1.08948,0.75,0.75
2018.05.08 21:01:43.437,1.08918,1.08951,0.75,0.75
2018.05.08 21:01:43.587,1.08918,1.08948,0.75,0.75
2018.05.08 21:01:43.837,1.08919,1.08953,0.75,0.75
2018.05.08 21:01:44.088,1.08919,1.08949,0.75,0.75
2018.05.08 21:01:44.286,1.08917,1.08949,0.75,0.75
2018.05.08 21:01:44.337,1.08917,1.08951,0.75,0.75
2018.05.08 21:01:44.435,1.08919,1.08951,0.75,0.75
2018.05.08 21:01:44.887,1.08919,1.08948,0.75,0.75
2018.05.08 21:01:45.138,1.08918,1.08951,0.75,0.75
2018.05.08 21:01:45.285,1.08919,1.08948,0.75,0.75
2018.05.08 21:01:45.510,1.08919,1.08951,0.75,0.75
2018.05.08 21:01:45.671,1.08919,1.08947,0.75,0.75
2018.05.08 21:01:45.890,1.08919,1.08951,0.75,0.75
2018.05.08 21:01:46.038,1.08919,1.08946,0.75,0.75
2018.05.08 21:01:46.330,1.08918,1.0895,0.75,0.75
2018.05.08 21:01:46.486,1.08919,1.08946,0.75,0.75
2018.05.08 21:01:46.737,1.08919,1.08951,0.75,0.75
2018.05.08 21:01:46.885,1.08919,1.08946,0.75,0.75
2018.05.08 21:01:47.136,1.08919,1.08951,0.75,0.75
2018.05.08 21:01:47.286,1.08919,1.08946,0.75,0.75
2018.05.08 21:01:47.537,1.08918,1.08951,0.75,0.75
2018.05.08 21:01:47.785,1.08918,1.08948,0.75,0.75
2018.05.08 21:01:48.035,1.08918,1.0895,0.75,0.75
2018.05.08 21:01:48.185,1.08918,1.08947,0.75,0.75
2018.05.08 21:01:48.436,1.08918,1.0895,0.75,0.75
2018.05.08 21:01:48.586,1.08919,1.08946,0.75,0.75
2018.05.08 21:01:48.836,1.08919,1.0895,0.75,0.75
2018.05.08 21:01:48.969,1.08918,1.08946,0.75,0.75
2018.05.08 21:01:49.221,1.08918,1.08951,0.75,0.75
2018.05.08 21:01:49.387,1.08919,1.08946,0.75,0.75
2018.05.08 21:01:49.631,1.08919,1.08951,0.75,0.75
2018.05.08 21:01:49.787,1.08919,1.08947,0.75,0.75
2018.05.08 21:01:50.037,1.08918,1.08951,0.75,0.75
2018.05.08 21:01:50.187,1.08919,1.08946,0.75,0.75
2018.05.08 21:01:50.437,1.08918,1.0895,0.75,0.75
2018.05.08 21:01:50.586,1.08919,1.08947,0.75,0.75
2018.05.08 21:01:50.837,1.08919,1.0895,0.75,0.75
2018.05.08 21:01:50.951,1.08919,1.08947,0.75,0.75
2018.05.08 21:01:51.190,1.08919,1.08951,0.75,0.75
2018.05.08 21:01:51.385,1.08919,1.08946,0.75,0.75
2018.05.08 21:01:51.612,1.08919,1.08951,0.75,0.75
2018.05.08 21:01:51.790,1.08918,1.08947,0.75,0.75
2018.05.08 21:01:52.041,1.08919,1.08951,0.75,0.75
2018.05.08 21:01:52.270,1.08919,1.08946,0.75,0.75
2018.05.08 21:01:52.535,1.08919,1.0895,0.75,0.75
2018.05.08 21:01:52.687,1.08919,1.08947,0.75,0.75
2018.05.08 21:01:52.929,1.08919,1.08951,0.75,0.75
2018.05.08 21:01:53.085,1.08919,1.08946,0.75,0.75
2018.05.08 21:01:53.336,1.08919,1.08951,0.75,0.75
2018.05.08 21:01:53.417,1.08917,1.08951,0.75,0.75
2018.05.08 21:01:53.468,1.08918,1.08946,0.75,0.75
2018.05.08 21:01:53.737,1.08918,1.0895,0.75,0.75
2018.05.08 21:01:53.886,1.08918,1.08946,0.75,0.75
2018.05.08 21:01:54.137,1.08919,1.0895,0.75,0.75
2018.05.08 21:01:54.252,1.08918,1.08946,0.75,0.75
2018.05.08 21:01:54.537,1.08919,1.0895,0.75,0.75
2018.05.08 21:01:54.685,1.08919,1.08947,0.75,0.75
2018.05.08 21:01:54.910,1.08919,1.08951,0.75,0.75
2018.05.08 21:01:55.087,1.08919,1.08946,0.75,0.75
2018.05.08 21:01:55.336,1.08918,1.08951,0.75,0.75
2018.05.08 21:01:55.486,1.08919,1.08947,0.75,0.75
2018.05.08 21:01:55.736,1.08918,1.0895,0.75,0.75
2018.05.08 21:01:55.886,1.08918,1.08946,0.75,0.75
2018.05.08 21:01:56.251,1.08918,1.08951,0.75,0.75
2018.05.08 21:01:56.387,1.08919,1.08948,0.75,0.75
2018.05.08 21:01:56.637,1.08919,1.0895,0.75,0.75
2018.05.08 21:01:56.787,1.08918,1.08946,0.75,0.75
2018.05.08 21:01:57.037,1.08919,1.08951,0.75,0.75
2018.05.08 21:01:57.246,1.08918,1.08947,0.75,0.75
2018.05.08 21:01:57.535,1.08918,1.0895,0.75,0.75
2018.05.08 21:01:57.686,1.08919,1.08946,0.75,0.75
2018.05.08 21:01:57.901,1.08919,1.08951,0.75,0.75
2018.05.08 21:01:58.086,1.08919,1.08947,0.75,0.75
2018.05.08 21:01:58.337,1.08919,1.08951,0.75,0.75
2018.05.08 21:01:58.560,1.08918,1.08947,0.75,0.75
2018.05.08 21:01:58.835,1.08919,1.08951,0.75,0.75
2018.05.08 21:01:58.987,1.08918,1.08946,0.75,0.75
2018.05.08 21:01:59.219,1.08918,1.0895,0.75,0.75
2018.05.08 21:01:59.488,1.08919,1.08947,0.75,0.75
2018.05.08 21:01:59.736,1.08918,1.08951,0.75,0.75
2018.05.08 21:01:59.838,1.08924,1.08956,0.75,0.75
2018.05.08 21:02:00.162,1.08923,1.08953,0.75,0.75
2018.05.08 21:02:00.213,1.08923,1.08956,0.75,0.75
2018.05.08 21:02:00.386,1.08923,1.08953,0.75,0.75
2018.05.08 21:02:00.437,1.08923,1.08957,0.75,0.75
2018.05.08 21:02:00.638,1.08923,1.08961,0.75,0.75
2018.05.08 21:02:00.737,1.08923,1.08959,0.75,0.75
2018.05.08 21:02:01.037,1.08923,1.08961,0.75,0.75
2018.05.08 21:02:01.237,1.08923,1.08959,0.75,0.75
2018.05.08 21:02:01.533,1.08924,1.08963,0.75,0.75
2018.05.08 21:02:01.636,1.08924,1.08958,0.75,0.75
2018.05.08 21:02:01.887,1.08923,1.08963,0.75,0.75
2018.05.08 21:02:02.036,1.08924,1.08958,0.75,0.75
2018.05.08 21:02:02.286,1.08924,1.08962,0.75,0.75
2018.05.08 21:02:02.435,1.08924,1.08958,0.75,0.75
2018.05.08 21:02:02.686,1.08924,1.08962,0.75,0.75
2018.05.08 21:02:02.853,1.08924,1.08958,0.75,0.75
2018.05.08 21:02:03.086,1.08924,1.08962,0.75,0.75
2018.05.08 21:02:03.236,1.08923,1.08959,0.75,0.75
2018.05.08 21:02:03.512,1.08923,1.08963,0.75,0.75
2018.05.08 21:02:03.738,1.08923,1.08958,0.75,0.75
2018.05.08 21:02:03.986,1.08924,1.08962,0.75,0.75
2018.05.08 21:02:04.172,1.08923,1.08958,0.75,0.75
2018.05.08 21:02:04.386,1.08924,1.08962,0.75,0.75
2018.05.08 21:02:04.538,1.08923,1.08958,0.75,0.75
2018.05.08 21:02:04.835,1.08924,1.08962,0.75,0.75
2018.05.08 21:02:04.936,1.08923,1.08958,0.75,0.75
2018.05.08 21:02:05.187,1.08924,1.08962,0.75,0.75
2018.05.08 21:02:05.337,1.08924,1.08957,0.75,0.75
2018.05.08 21:02:05.587,1.08923,1.08963,0.75,0.75
2018.05.08 21:02:05.736,1.08924,1.08957,0.75,0.75
2018.05.08 21:02:05.986,1.08924,1.08962,0.75,0.75
2018.05.08 21:02:06.156,1.08923,1.08958,0.75,0.75
2018.05.08 21:02:06.387,1.08924,1.08962,0.75,0.75
2018.05.08 21:02:06.535,1.08924,1.08957,0.75,0.75
2018.05.08 21:02:06.815,1.08924,1.08962,0.75,0.75
2018.05.08 21:02:06.937,1.08924,1.08957,0.75,0.75
2018.05.08 21:02:07.185,1.08924,1.08962,0.75,0.75
2018.05.08 21:02:07.334,1.08924,1.08957,0.75,0.75
2018.05.08 21:02:07.585,1.08924,1.08962,0.75,0.75
2018.05.08 21:02:07.735,1.08924,1.08957,0.75,0.75
2018.05.08 21:02:07.986,1.08924,1.08962,0.75,0.75
2018.05.08 21:02:08.139,1.08923,1.08958,0.75,0.75
2018.05.08 21:02:08.387,1.08923,1.08963,0.75,0.75
2018.05.08 21:02:08.635,1.08923,1.08959,0.75,0.75
2018.05.08 21:02:08.885,1.08923,1.08964,0.75,0.75
2018.05.08 21:02:09.036,1.08923,1.08958,0.75,0.75
2018.05.08 21:02:09.288,1.08923,1.08963,0.75,0.75
2018.05.08 21:02:09.455,1.08924,1.08957,0.75,0.75
2018.05.08 21:02:09.688,1.08923,1.08963,0.75,0.75
2018.05.08 21:02:09.941,1.08924,1.08957,0.75,0.75
2018.05.08 21:02:10.192,1.08924,1.08962,0.75,0.75
2018.05.08 21:02:10.444,1.08924,1.08958,0.75,0.75
2018.05.08 21:02:10.686,1.08923,1.08964,0.75,0.75
2018.05.08 21:02:10.835,1.08923,1.08957,0.75,0.75
2018.05.08 21:02:11.106,1.08923,1.0896,0.75,0.75
2018.05.08 21:02:11.236,1.08922,1.08957,0.75,0.75
2018.05.08 21:02:11.766,1.0892,1.08956,0.75,0.75
2018.05.08 21:02:11.986,1.08923,1.08957,0.75,0.75
2018.05.08 21:02:12.135,1.08919,1.08955,0.75,0.75
2018.05.08 21:02:12.426,1.08921,1.08957,0.75,0.75
2018.05.08 21:02:12.935,1.0892,1.08954,0.75,0.75
2018.05.08 21:02:13.185,1.08921,1.08957,0.75,0.75
2018.05.08 21:02:13.336,1.0892,1.08954,0.75,0.75
2018.05.08 21:02:13.697,1.08922,1.08956,0.75,0.75
2018.05.08 21:02:14.137,1.08919,1.08955,0.75,0.75
2018.05.08 21:02:14.409,1.08921,1.08957,0.75,0.75
2018.05.08 21:02:15.017,1.08922,1.08957,0.75,0.75
2018.05.08 21:02:15.067,1.08919,1.08955,0.75,0.75
2018.05.08 21:02:15.289,1.08921,1.08957,0.75,0.75
2018.05.08 21:02:15.676,1.0892,1.08954,0.75,0.75
2018.05.08 21:02:16.085,1.08922,1.08956,0.75,0.75
2018.05.08 21:02:16.635,1.08919,1.08955,0.75,0.75
2018.05.08 21:02:16.886,1.08921,1.08957,0.75,0.75
2018.05.08 21:02:17.535,1.0892,1.08955,0.75,0.75
2018.05.08 21:02:18.186,1.08922,1.08956,0.75,0.75
2018.05.08 21:02:18.647,1.08921,1.08954,0.75,0.75
2018.05.08 21:02:18.699,1.08922,1.08957,0.75,0.75
2018.05.08 21:02:18.836,1.08919,1.08955,0.75,0.75
2018.05.08 21:02:19.086,1.08921,1.08957,0.75,0.75
2018.05.08 21:02:19.636,1.08919,1.08955,0.75,0.75
2018.05.08 21:02:19.968,1.08922,1.08956,0.75,0.75
2018.05.08 21:02:20.036,1.08919,1.08955,0.75,0.75
2018.05.08 21:02:20.286,1.08921,1.08957,0.75,0.75
2018.05.08 21:02:20.626,1.0892,1.08954,0.75,0.75
2018.05.08 21:02:20.686,1.08921,1.08957,0.75,0.75
2018.05.08 21:02:20.835,1.0892,1.08954,0.75,0.75
2018.05.08 21:02:21.086,1.08921,1.08957,0.75,0.75
2018.05.08 21:02:21.235,1.08919,1.08955,0.75,0.75
2018.05.08 21:02:21.617,1.08921,1.08957,0.75,0.75
2018.05.08 21:02:22.035,1.08919,1.08955,0.75,0.75
2018.05.08 21:02:22.686,1.08922,1.08956,0.75,0.75
2018.05.08 21:02:23.268,1.08921,1.08957,0.75,0.75
2018.05.08 21:02:23.585,1.08923,1.08956,0.75,0.75
2018.05.08 21:02:23.736,1.0892,1.08954,0.75,0.75
2018.05.08 21:02:23.985,1.08922,1.08956,0.75,0.75
2018.05.08 21:02:24.640,1.08921,1.08954,0.75,0.75
2018.05.08 21:02:25.248,1.0892,1.08954,0.75,0.75
2018.05.08 21:02:25.687,1.08922,1.08956,0.75,0.75
2018.05.08 21:02:25.835,1.08919,1.08955,0.75,0.75
2018.05.08 21:02:26.086,1.08921,1.08957,0.75,0.75
2018.05.08 21:02:26.635,1.0892,1.08954,0.75,0.75
2018.05.08 21:02:26.883,1.08916,1.08959,0.75,0.75
2018.05.08 21:02:26.934,1.08919,1.08962,0.75,0.75
2018.05.08 21:02:27.036,1.08916,1.08962,0.75,0.75
2018.05.08 21:02:27.087,1.08916,1.08959,0.75,0.75
2018.05.08 21:02:27.338,1.08918,1.08963,0.75,0.75
2018.05.08 21:02:27.889,1.08919,1.08963,0.75,0.75
2018.05.08 21:02:27.940,1.08917,1.08951,0.75,0.75
2018.05.08 21:02:28.236,1.08918,1.08955,0.75,0.75
2018.05.08 21:02:28.879,1.08919,1.08955,0.75,0.75
2018.05.08 21:02:29.538,1.08918,1.08955,0.75,0.75
2018.05.08 21:02:30.285,1.0892,1.08955,0.75,0.75
2018.05.08 21:02:30.448,1.08918,1.08955,0.75,0.75
2018.05.08 21:02:31.187,1.0892,1.08955,0.75,0.75
2018.05.08 21:02:31.735,1.08919,1.08955,0.75,0.75
2018.05.08 21:02:32.559,1.08918,1.08955,0.75,0.75
2018.05.08 21:02:33.289,1.0892,1.08955,0.75,0.75
2018.05.08 21:02:33.552,1.08918,1.08955,0.75,0.75
2018.05.08 21:02:34.161,1.08919,1.08955,0.75,0.75
2018.05.08 21:02:38.389,1.08919,1.08952,0.75,0.75
2018.05.08 21:02:52.950,1.0892,1.08952,0.75,0.75
2018.05.08 21:03:05.640,1.08918,1.08952,0.75,0.75
2018.05.08 21:03:05.903,1.0892,1.08952,0.75,0.75
2018.05.08 21:03:06.634,1.08919,1.08952,0.75,0.75
2018.05.08 21:03:07.086,1.08919,1.08949,0.75,0.75
2018.05.08 21:03:07.316,1.0892,1.08952,0.75,0.75
2018.05.08 21:03:07.436,1.08918,1.08952,0.75,0.75
2018.05.08 21:03:07.487,1.08918,1.08949,0.75,0.75
2018.05.08 21:03:07.737,1.08919,1.08953,0.75,0.75
2018.05.08 21:03:07.883,1.08919,1.08949,0.75,0.75
2018.05.08 21:03:08.137,1.0892,1.08952,0.75,0.75
2018.05.08 21:03:08.335,1.08918,1.08952,0.75,0.75
2018.05.08 21:03:08.386,1.08918,1.08949,0.75,0.75
2018.05.08 21:03:08.635,1.08919,1.08952,0.75,0.75
2018.05.08 21:03:08.785,1.08918,1.0895,0.75,0.75
2018.05.08 21:03:09.135,1.08918,1.08952,0.75,0.75
2018.05.08 21:03:09.185,1.08918,1.0895,0.75,0.75
2018.05.08 21:03:09.436,1.0892,1.08953,0.75,0.75
2018.05.08 21:03:09.537,1.08918,1.08953,0.75,0.75
2018.05.08 21:03:09.588,1.08918,1.0895,0.75,0.75
2018.05.08 21:03:09.837,1.0892,1.08953,0.75,0.75
2018.05.08 21:03:10.035,1.08918,1.08953,0.75,0.75
2018.05.08 21:03:10.086,1.08918,1.0895,0.75,0.75
2018.05.08 21:03:10.336,1.08919,1.08953,0.75,0.75
2018.05.08 21:03:10.486,1.08919,1.0895,0.75,0.75
2018.05.08 21:03:10.737,1.0892,1.08953,0.75,0.75
2018.05.08 21:03:10.854,1.08919,1.08949,0.75,0.75
2018.05.08 21:03:11.136,1.08919,1.08952,0.75,0.75
2018.05.08 21:03:11.240,1.08919,1.0895,0.75,0.75
2018.05.08 21:03:11.516,1.08919,1.08953,0.75,0.75
2018.05.08 21:03:11.786,1.08919,1.08949,0.75,0.75
2018.05.08 21:03:12.036,1.0892,1.08952,0.75,0.75
2018.05.08 21:03:12.162,1.08919,1.08949,0.75,0.75
2018.05.08 21:03:12.436,1.08919,1.08953,0.75,0.75
2018.05.08 21:03:12.588,1.08918,1.0895,0.75,0.75
2018.05.08 21:03:12.902,1.0892,1.08952,0.75,0.75
2018.05.08 21:03:22.235,1.08918,1.08952,0.75,0.75
2018.05.08 21:03:22.737,1.0892,1.08952,0.75,0.75
2018.05.08 21:03:33.241,1.08919,1.08952,0.75,0.75
2018.05.08 21:04:05.283,1.08919,1.08952,1.19,1.25
2018.05.08 21:04:08.061,1.08921,1.08951,1.19,1.00
2018.05.08 21:04:08.606,1.08921,1.08952,1.19,1.25
2018.05.08 21:04:23.379,1.0892,1.08953,1.69,0.94
2018.05.08 21:04:38.416,1.08921,1.08953,1.19,0.94
2018.05.08 21:04:53.378,1.0892,1.08953,1.69,0.94
2018.05.08 21:05:03.032,1.08913,1.08952,0.94,1.00
2018.05.08 21:05:03.135,1.08909,1.08953,0.94,1.19
2018.05.08 21:05:03.186,1.0887,1.08944,1.00,1.00
2018.05.08 21:05:05.495,1.0887,1.0891,1.00,0.75
2018.05.08 21:05:05.937,1.0887,1.08908,1.00,0.75
2018.05.08 21:05:06.593,1.0887,1.0891,1.00,0.75
2018.05.08 21:05:06.836,1.0887,1.08908,1.00,0.75
2018.05.08 21:05:07.123,1.0887,1.0891,1.00,0.75
2018.05.08 21:05:07.238,1.0887,1.08907,1.00,0.75
2018.05.08 21:05:07.490,1.0887,1.0891,1.00,0.75
2018.05.08 21:05:07.780,1.0887,1.08908,1.00,0.75
2018.05.08 21:05:07.989,1.0887,1.0891,1.00,0.75
2018.05.08 21:05:08.137,1.0887,1.08907,1.00,0.75
2018.05.08 21:05:08.390,1.0887,1.08909,1.00,0.75
2018.05.08 21:05:08.538,1.0887,1.08907,1.00,0.75
2018.05.08 21:05:08.676,1.08861,1.08903,1.00,0.75
2018.05.08 21:05:08.727,1.08861,1.08906,1.00,0.75
2018.05.08 21:05:08.829,1.08865,1.08907,1.00,0.75
2018.05.08 21:05:09.037,1.08862,1.08905,1.00,0.75
2018.05.08 21:05:09.313,1.08864,1.08908,1.00,0.75
2018.05.08 21:05:09.438,1.08861,1.08906,1.00,0.75
2018.05.08 21:05:09.691,1.08864,1.08908,1.00,0.75
2018.05.08 21:05:09.937,1.08861,1.08906,1.00,0.75
2018.05.08 21:05:10.190,1.08864,1.08908,1.00,0.75
2018.05.08 21:05:10.337,1.08861,1.08906,1.00,0.75
2018.05.08 21:05:10.591,1.08864,1.08908,1.00,0.75
2018.05.08 21:05:10.752,1.08861,1.08906,1.00,0.75
2018.05.08 21:05:10.989,1.08864,1.08908,1.00,0.75
2018.05.08 21:05:11.163,1.08861,1.08906,1.00,0.75
2018.05.08 21:05:11.411,1.08864,1.08908,1.00,0.75
2018.05.08 21:05:11.541,1.08861,1.08906,1.00,0.75
2018.05.08 21:05:11.790,1.08864,1.08908,1.00,0.75
2018.05.08 21:05:12.339,1.08862,1.08905,1.00,0.75
2018.05.08 21:05:12.592,1.08864,1.08908,0.75,0.75
2018.05.08 21:05:12.837,1.08862,1.08905,0.75,0.75
2018.05.08 21:05:13.491,1.08865,1.08907,0.75,0.75
2018.05.08 21:05:13.738,1.08862,1.08905,0.75,0.75
2018.05.08 21:05:13.989,1.08865,1.08907,0.75,0.75
2018.05.08 21:05:14.138,1.08861,1.08906,0.75,0.75
2018.05.08 21:05:14.391,1.08865,1.08907,0.75,0.75
2018.05.08 21:05:14.641,1.08862,1.08905,0.75,0.75
2018.05.08 21:05:14.905,1.08864,1.08908,1.00,0.75
2018.05.08 21:05:15.047,1.08862,1.08905,1.00,0.75
2018.05.08 21:05:15.299,1.08864,1.08908,1.00,0.75
2018.05.08 21:05:15.437,1.08862,1.08905,1.00,0.75
2018.05.08 21:05:15.705,1.08864,1.08908,1.00,0.75
2018.05.08 21:05:15.837,1.08861,1.08906,1.00,0.75
2018.05.08 21:05:16.160,1.08865,1.08907,1.00,0.75
2018.05.08 21:05:16.367,1.08861,1.08906,1.00,0.75
2018.05.08 21:05:16.590,1.08865,1.08907,1.00,0.75
2018.05.08 21:05:16.884,1.08861,1.08906,1.00,0.75
2018.05.08 21:05:17.001,1.08857,1.089,1.00,0.75
2018.05.08 21:05:17.538,1.08859,1.08903,1.00,0.75
2018.05.08 21:05:17.784,1.08857,1.089,1.00,0.75
2018.05.08 21:05:18.017,1.08859,1.08903,1.00,0.75
2018.05.08 21:05:18.188,1.08857,1.089,1.00,0.75
2018.05.08 21:05:18.786,1.08858,1.08901,1.00,0.75
2018.05.08 21:05:19.292,1.08883,1.08933,1.20,1.25
2018.05.08 21:05:19.416,1.08901,1.08936,1.25,1.00
2018.05.08 21:05:19.518,1.08901,1.0894,1.25,1.00
2018.05.08 21:05:19.878,1.08901,1.08936,1.25,1.00
2018.05.08 21:05:20.111,1.08901,1.08938,1.25,1.00
2018.05.08 21:05:21.186,1.08901,1.08936,1.25,1.00
2018.05.08 21:05:21.926,1.08901,1.08937,1.25,1.00
2018.05.08 21:05:23.738,1.08901,1.08936,1.25,1.00
2018.05.08 21:05:25.340,1.08901,1.08937,1.25,1.00
2018.05.08 21:05:26.487,1.08901,1.08936,1.25,1.00
2018.05.08 21:05:27.916,1.08901,1.08937,1.25,1.00
2018.05.08 21:05:29.937,1.08901,1.08936,1.25,1.00
2018.05.08 21:05:30.890,1.08892,1.08936,1.00,0.75
2018.05.08 21:05:31.437,1.08893,1.08937,1.00,0.75
2018.05.08 21:05:32.925,1.08892,1.08936,1.00,0.75
2018.05.08 21:05:34.137,1.08892,1.08938,1.00,0.75
2018.05.08 21:05:35.643,1.08892,1.08936,1.00,0.75
2018.05.08 21:05:36.390,1.08893,1.08937,1.00,0.75
2018.05.08 21:05:36.936,1.08892,1.08938,1.00,0.75
2018.05.08 21:05:37.289,1.08891,1.08936,1.00,0.75
2018.05.08 21:05:37.340,1.08892,1.08938,1.00,0.75
2018.05.08 21:05:37.588,1.08891,1.08936,1.00,0.75
2018.05.08 21:05:38.036,1.08893,1.08937,1.00,0.75
2018.05.08 21:05:38.087,1.08891,1.08936,1.00,0.75
2018.05.08 21:05:38.335,1.08893,1.08937,1.00,0.75
2018.05.08 21:05:38.637,1.08892,1.08935,1.00,0.75
2018.05.08 21:05:38.814,1.08893,1.08937,1.00,0.75
2018.05.08 21:05:38.985,1.08891,1.08936,1.00,0.75
2018.05.08 21:05:39.237,1.08893,1.08937,1.00,0.75
2018.05.08 21:05:39.385,1.08891,1.08936,1.00,0.75
2018.05.08 21:05:39.639,1.08892,1.08938,1.00,0.75
2018.05.08 21:05:39.786,1.08892,1.08935,1.00,0.75
2018.05.08 21:05:41.036,1.08893,1.08936,1.00,0.75
2018.05.08 21:05:41.988,1.08892,1.08935,1.00,0.75
2018.05.08 21:05:42.945,1.08892,1.08937,1.00,0.75
2018.05.08 21:05:44.097,1.08893,1.08939,1.00,0.75
2018.05.08 21:05:45.138,1.08893,1.08937,1.00,0.75
2018.05.08 21:05:46.986,1.08891,1.08937,1.00,0.75
2018.05.08 21:05:49.112,1.08882,1.08969,1.20,1.00
2018.05.08 21:05:49.163,1.08892,1.08937,1.00,0.75
2018.05.08 21:05:50.789,1.08893,1.08937,1.00,0.75
2018.05.08 21:06:01.067,1.08892,1.08936,1.00,1.00
2018.05.08 21:06:03.793,1.08895,1.08938,1.00,0.75
2018.05.08 21:06:03.845,1.08896,1.08941,1.00,0.75
2018.05.08 21:06:04.136,1.08898,1.08942,1.00,0.75
2018.05.08 21:06:04.793,1.08896,1.08942,1.00,0.75
2018.05.08 21:06:05.440,1.08896,1.0894,1.00,0.75
2018.05.08 21:06:07.091,1.08897,1.0894,1.00,0.75
2018.05.08 21:06:08.056,1.08894,1.0894,1.00,0.75
2018.05.08 21:06:08.987,1.08893,1.0894,1.00,0.75
2018.05.08 21:06:10.890,1.08894,1.0894,1.00,0.75
2018.05.08 21:06:12.287,1.08894,1.08939,1.00,0.75
2018.05.08 21:06:13.449,1.08895,1.0894,1.00,0.75
2018.05.08 21:06:14.837,1.08894,1.08939,1.00,0.75
2018.05.08 21:06:16.338,1.08894,1.08941,1.00,0.75
2018.05.08 21:06:18.236,1.08893,1.0894,1.00,0.75
2018.05.08 21:06:20.088,1.08894,1.08941,1.00,0.75
2018.05.08 21:06:21.542,1.08893,1.0894,1.00,1.00
2018.05.08 21:06:22.294,1.08894,1.08939,1.00,0.75
2018.05.08 21:06:22.830,1.08895,1.0894,1.00,1.00
2018.05.08 21:06:24.545,1.08894,1.0894,1.00,1.00
2018.05.08 21:06:25.642,1.08895,1.08941,1.00,1.00
2018.05.08 21:06:26.814,1.08896,1.08942,1.00,1.00
2018.05.08 21:06:28.137,1.08898,1.08943,1.00,1.00
2018.05.08 21:06:28.745,1.08893,1.08937,1.00,1.00
2018.05.08 21:06:30.606,1.08892,1.08936,1.00,0.75
2018.05.08 21:06:41.750,1.08904,1.08941,1.19,1.19
2018.05.08 21:06:59.379,1.08903,1.0894,1.19,1.19
2018.05.08 21:07:08.385,1.08904,1.08941,1.19,1.69
2018.05.08 21:07:43.635,1.08905,1.08936,1.19,1.00
2018.05.08 21:07:46.538,1.08905,1.08935,1.19,1.00
2018.05.08 21:07:48.513,1.08906,1.08936,1.25,1.00
2018.05.08 21:07:50.487,1.08906,1.08935,1.25,1.00
2018.05.08 21:07:58.138,1.08904,1.08934,1.69,1.00
2018.05.08 21:08:02.656,1.08904,1.08935,1.69,1.00
2018.05.08 21:08:05.697,1.08904,1.08935,1.25,1.25
2018.05.08 21:08:06.218,1.08905,1.08935,1.00,1.25
2018.05.08 21:08:07.669,1.08905,1.08933,1.00,1.00
2018.05.08 21:08:09.310,1.08904,1.08934,1.19,1.00
2018.05.08 21:08:09.841,1.08905,1.08935,1.25,1.00
2018.05.08 21:08:16.137,1.08905,1.08934,1.25,1.00
2018.05.08 21:08:24.460,1.08906,1.08934,1.00,1.00
2018.05.08 21:08:24.963,1.08906,1.08933,1.00,1.00
2018.05.08 21:08:26.790,1.08906,1.08935,1.25,1.00
2018.05.08 21:08:28.975,1.08906,1.08934,1.25,1.00
2018.05.08 21:08:33.267,1.08904,1.08933,1.69,1.00
2018.05.08 21:08:35.193,1.08904,1.08935,1.69,1.00
2018.05.08 21:08:37.238,1.08904,1.08933,1.69,1.00
2018.05.08 21:08:38.379,1.08904,1.08933,1.19,1.00
2018.05.08 21:08:39.158,1.08904,1.08933,1.69,1.00
2018.05.08 21:08:39.539,1.08904,1.08935,1.69,1.00
2018.05.08 21:08:41.569,1.08904,1.08933,1.69,1.00
2018.05.08 21:08:43.822,1.08904,1.08935,1.69,1.00
2018.05.08 21:08:44.810,1.08904,1.08935,1.00,1.00
2018.05.08 21:08:45.420,1.08904,1.08935,1.19,1.00
2018.05.08 21:08:46.052,1.08904,1.08933,1.19,1.00
2018.05.08 21:08:46.595,1.08903,1.08933,1.25,1.00
2018.05.08 21:08:46.962,1.08903,1.08933,1.19,1.00
2018.05.08 21:08:47.534,1.08903,1.08933,1.19,1.00
2018.05.08 21:08:48.584,1.08904,1.08933,1.19,1.00
2018.05.08 21:08:50.092,1.08904,1.08934,1.19,1.00
2018.05.08 21:08:50.194,1.08903,1.08934,1.25,1.00
2018.05.08 21:08:51.191,1.08902,1.08933,1.00,1.00
2018.05.08 21:08:52.293,1.08898,1.08931,1.69,1.00
2018.05.08 21:08:54.601,1.08899,1.08933,1.19,1.00
2018.05.08 21:08:56.139,1.08901,1.08933,1.19,1.00
2018.05.08 21:08:56.190,1.08899,1.08933,1.19,1.00
2018.05.08 21:08:56.338,1.08899,1.08931,1.19,1.00
2018.05.08 21:08:56.660,1.08896,1.08928,1.00,1.19
2018.05.08 21:08:57.649,1.08896,1.08927,1.00,1.19
2018.05.08 21:08:58.161,1.08897,1.08927,1.00,1.19
2018.05.08 21:08:58.370,1.08895,1.08927,1.00,1.19
2018.05.08 21:08:58.895,1.08896,1.08927,1.00,1.19
2018.05.08 21:08:59.774,1.08895,1.08927,1.00,1.19
2018.05.08 21:09:00.047,1.08895,1.08927,1.19,1.25
2018.05.08 21:09:00.098,1.08895,1.08927,1.00,1.19
2018.05.08 21:09:00.224,1.08894,1.08927,1.19,1.19
2018.05.08 21:09:02.566,1.08891,1.08922,1.19,1.00
2018.05.08 21:09:02.960,1.08892,1.08921,1.00,1.19
2018.05.08 21:09:03.633,1.08893,1.08921,1.00,1.19
2018.05.08 21:09:04.346,1.08893,1.08921,1.69,1.00
2018.05.08 21:09:04.576,1.08893,1.08921,1.25,1.00
2018.05.08 21:09:05.276,1.08891,1.08921,1.00,1.19
2018.05.08 21:09:05.442,1.08891,1.08921,1.19,1.00
2018.05.08 21:09:05.589,1.08891,1.0892,1.00,1.19
2018.05.08 21:09:05.899,1.08894,1.0892,1.19,1.00
2018.05.08 21:09:05.954,1.08891,1.0892,1.19,1.00
2018.05.08 21:09:06.006,1.08887,1.0892,1.19,1.19
2018.05.08 21:09:06.244,1.0889,1.0892,1.69,1.00
2018.05.08 21:09:06.644,1.0889,1.08919,1.00,1.19
2018.05.08 21:09:06.695,1.08896,1.08917,1.00,1.19
2018.05.08 21:09:07.561,1.0889,1.08917,1.00,1.19
2018.05.08 21:09:08.160,1.08891,1.08917,1.00,1.19
2018.05.08 21:09:08.971,1.08892,1.08917,1.00,1.19
2018.05.08 21:09:09.180,1.0889,1.08917,1.00,1.19
2018.05.08 21:09:09.380,1.08892,1.08917,1.00,1.19
2018.05.08 21:09:09.905,1.08892,1.08917,1.00,1.00
2018.05.08 21:09:10.008,1.0889,1.08917,1.00,1.00
2018.05.08 21:09:10.285,1.08892,1.08917,1.00,1.00
2018.05.08 21:09:10.460,1.0889,1.08917,1.00,1.00
2018.05.08 21:09:10.666,1.08892,1.08917,1.00,1.00
2018.05.08 21:09:11.278,1.08893,1.08917,1.00,1.25
2018.05.08 21:09:11.892,1.08891,1.08917,1.00,1.00
2018.05.08 21:09:12.060,1.08893,1.08917,1.00,1.00
2018.05.08 21:09:12.596,1.08892,1.08917,1.00,1.25
2018.05.08 21:09:13.142,1.08891,1.08917,1.00,1.00
2018.05.08 21:09:13.892,1.0889,1.08917,1.00,1.00
2018.05.08 21:09:14.212,1.08892,1.08917,1.00,1.00
2018.05.08 21:09:14.401,1.0889,1.08917,1.00,1.19
2018.05.08 21:09:14.692,1.08892,1.08917,1.00,1.00
2018.05.08 21:09:15.211,1.08891,1.08917,1.00,1.00
2018.05.08 21:09:15.746,1.08891,1.08916,1.00,1.25
2018.05.08 21:09:16.660,1.0889,1.08916,1.00,1.00
2018.05.08 21:09:17.173,1.08891,1.08916,1.00,1.00
2018.05.08 21:09:17.760,1.08892,1.08916,1.00,1.00
2018.05.08 21:09:17.960,1.0889,1.08916,1.00,1.00
2018.05.08 21:09:18.163,1.08892,1.08916,1.00,1.00
2018.05.08 21:09:18.360,1.0889,1.08916,1.00,1.00
2018.05.08 21:09:18.660,1.08892,1.08916,1.00,1.00
2018.05.08 21:09:19.180,1.08891,1.08916,1.00,1.00
2018.05.08 21:09:19.811,1.0889,1.08916,1.25,1.00
2018.05.08 21:09:20.288,1.08892,1.08916,1.00,1.00
2018.05.08 21:09:20.461,1.0889,1.08916,1.25,1.00
2018.05.08 21:09:20.911,1.08886,1.08916,1.19,1.00
2018.05.08 21:09:20.963,1.0889,1.08916,1.00,1.00
2018.05.08 21:09:21.560,1.08889,1.08918,1.00,1.19
2018.05.08 21:09:22.095,1.08889,1.08918,1.00,1.19
2018.05.08 21:09:22.783,1.08889,1.08918,1.00,1.19
2018.05.08 21:09:23.445,1.0889,1.08918,1.00,1.19
2018.05.08 21:09:23.968,1.08889,1.08918,1.25,1.25
2018.05.08 21:09:26.068,1.0889,1.08918,1.19,1.00
2018.05.08 21:09:26.747,1.08889,1.08918,1.19,1.00
2018.05.08 21:09:27.406,1.08889,1.08918,1.25,1.00
2018.05.08 21:09:27.945,1.08889,1.08918,1.69,1.00
2018.05.08 21:09:29.280,1.08889,1.08917,1.69,1.00
2018.05.08 21:09:29.876,1.08889,1.08917,1.25,1.00
2018.05.08 21:09:31.449,1.08889,1.08917,1.69,1.00
2018.05.08 21:09:32.056,1.08888,1.08917,1.19,1.00
2018.05.08 21:09:33.560,1.0889,1.08917,1.00,1.00
2018.05.08 21:09:34.601,1.0889,1.08917,1.19,1.00
2018.05.08 21:09:34.804,1.0889,1.08917,1.25,1.00
2018.05.08 21:09:35.076,1.08885,1.08919,1.00,1.19
2018.05.08 21:09:35.127,1.08886,1.0892,1.19,1.00
2018.05.08 21:09:35.431,1.08891,1.08918,1.19,1.00
2018.05.08 21:09:35.691,1.08891,1.0892,1.19,1.00
2018.05.08 21:09:35.940,1.08891,1.08924,1.19,1.00
2018.05.08 21:09:36.197,1.08891,1.08922,1.19,1.00
2018.05.08 21:09:36.987,1.08891,1.08924,1.19,1.00
2018.05.08 21:09:37.039,1.08891,1.08922,1.19,1.00
2018.05.08 21:09:37.337,1.08891,1.08924,1.19,1.00
2018.05.08 21:09:37.488,1.08891,1.08922,1.19,1.00
2018.05.08 21:09:37.717,1.08891,1.08924,1.19,1.00
2018.05.08 21:09:37.986,1.08891,1.08922,1.19,1.00
2018.05.08 21:09:38.706,1.08891,1.08924,1.19,1.00
2018.05.08 21:09:38.859,1.08891,1.08921,1.19,1.00
2018.05.08 21:09:39.137,1.08891,1.08923,1.19,1.00
2018.05.08 21:09:39.644,1.08891,1.08922,1.19,1.00
2018.05.08 21:09:40.511,1.08891,1.08924,1.19,1.00
2018.05.08 21:09:40.563,1.08891,1.08922,1.19,1.00
2018.05.08 21:09:41.485,1.08891,1.08921,1.19,1.00
2018.05.08 21:09:41.737,1.08891,1.08923,1.19,1.00
2018.05.08 21:09:41.885,1.08891,1.08921,1.19,1.00
2018.05.08 21:09:42.537,1.08891,1.08922,1.19,1.00
2018.05.08 21:09:42.938,1.08891,1.08924,1.19,1.00
2018.05.08 21:09:43.609,1.08891,1.08923,1.19,1.00
2018.05.08 21:09:44.269,1.08891,1.08922,1.19,1.00
2018.05.08 21:09:44.982,1.08891,1.08921,1.19,1.00
2018.05.08 21:09:45.250,1.08891,1.08923,1.19,1.00
2018.05.08 21:09:45.968,1.08891,1.08922,1.19,1.00
2018.05.08 21:09:46.288,1.08891,1.08924,1.19,1.00
2018.05.08 21:09:46.405,1.08891,1.08921,1.19,1.00
2018.05.08 21:09:46.629,1.08891,1.08924,1.19,1.00
2018.05.08 21:09:47.666,1.08891,1.08921,1.19,1.00
2018.05.08 21:09:47.937,1.08891,1.08924,1.19,1.00
2018.05.08 21:09:48.065,1.08891,1.08922,1.19,1.00
2018.05.08 21:09:48.336,1.08891,1.08924,1.19,1.00
2018.05.08 21:09:48.489,1.08891,1.08922,1.19,1.00
2018.05.08 21:09:48.994,1.08891,1.08921,1.19,1.00
2018.05.08 21:09:49.286,1.08891,1.08924,1.19,1.00
2018.05.08 21:09:49.388,1.08891,1.08921,1.19,1.00
2018.05.08 21:09:49.662,1.08891,1.08924,1.19,1.00
2018.05.08 21:09:49.764,1.08891,1.08921,1.19,1.00
2018.05.08 21:09:50.088,1.08891,1.08923,1.19,1.00
2018.05.08 21:09:50.140,1.08891,1.08921,1.19,1.00
2018.05.08 21:09:50.522,1.08891,1.08924,1.19,1.00
2018.05.08 21:09:50.685,1.08891,1.08922,1.19,1.00
2018.05.08 21:09:51.021,1.08891,1.08924,1.19,1.00
2018.05.08 21:09:51.190,1.08891,1.08922,1.19,1.00
2018.05.08 21:09:51.908,1.08891,1.08924,1.19,1.00
2018.05.08 21:09:52.437,1.08891,1.08923,1.19,1.00
2018.05.08 21:09:53.562,1.08891,1.08922,1.19,1.00
2018.05.08 21:09:54.688,1.08891,1.08924,1.19,1.00
2018.05.08 21:09:55.785,1.08891,1.08923,1.19,1.00
2018.05.08 21:09:56.287,1.08891,1.08922,1.19,1.00
2018.05.08 21:09:56.531,1.08891,1.08924,1.19,1.00
2018.05.08 21:09:56.687,1.08891,1.08922,1.19,1.00
2018.05.08 21:09:56.989,1.08891,1.08924,1.19,1.00
2018.05.08 21:09:57.041,1.08891,1.08921,1.19,1.00
2018.05.08 21:09:57.390,1.08891,1.08923,1.19,1.00
2018.05.08 21:09:59.039,1.08891,1.08921,1.19,1.00
2018.05.08 21:09:59.584,1.08891,1.08922,1.19,1.00
2018.05.08 21:10:00.087,1.08891,1.08924,1.19,1.00
2018.05.08 21:10:00.726,1.08891,1.08923,1.19,1.00
2018.05.08 21:10:01.285,1.08891,1.08922,1.19,1.00
2018.05.08 21:10:03.212,1.08891,1.08925,1.29,1.00
2018.05.08 21:10:03.263,1.08891,1.08923,1.29,1.00
2018.05.08 21:10:06.887,1.08891,1.08922,1.19,1.00
2018.05.08 21:10:07.317,1.08891,1.08924,1.26,1.00
2018.05.08 21:10:07.419,1.08891,1.08922,1.29,1.00
2018.05.08 21:10:07.992,1.08891,1.08923,1.19,1.00
2018.05.08 21:10:08.093,1.08888,1.08923,1.26,1.00
2018.05.08 21:10:09.243,1.08888,1.08921,1.26,1.00
2018.05.08 21:10:10.391,1.08888,1.08922,1.26,1.00
2018.05.08 21:10:11.195,1.08888,1.08924,1.26,1.00
2018.05.08 21:10:12.353,1.08888,1.08921,1.26,1.00
2018.05.08 21:10:12.773,1.08886,1.0892,1.26,1.00
2018.05.08 21:10:13.080,1.08884,1.08917,1.29,1.00
2018.05.08 21:10:13.938,1.08884,1.08918,1.26,1.00
2018.05.08 21:10:14.245,1.08889,1.08914,1.19,1.00
2018.05.08 21:10:14.296,1.08889,1.08917,1.19,1.00
2018.05.08 21:10:14.754,1.08889,1.08913,1.19,1.00
2018.05.08 21:10:14.806,1.08889,1.08916,1.19,1.00
2018.05.08 21:10:15.238,1.08889,1.08914,1.19,1.00
2018.05.08 21:10:15.490,1.08889,1.08916,1.19,1.00
2018.05.08 21:10:15.646,1.08889,1.08914,1.19,1.00
2018.05.08 21:10:16.291,1.08889,1.08917,1.19,1.00
2018.05.08 21:10:16.541,1.08889,1.08914,1.19,1.00
2018.05.08 21:10:16.789,1.08889,1.08916,1.19,1.00
2018.05.08 21:10:16.942,1.08889,1.08914,1.19,1.00
2018.05.08 21:10:16.993,1.08889,1.08917,1.19,1.00
2018.05.08 21:10:17.192,1.08889,1.08915,1.19,1.00
2018.05.08 21:10:17.991,1.08889,1.08917,1.19,1.00
2018.05.08 21:10:18.190,1.08889,1.08915,1.19,1.00
2018.05.08 21:10:18.242,1.08889,1.08917,1.19,1.00
2018.05.08 21:10:20.586,1.08885,1.08917,1.19,1.00
2018.05.08 21:10:23.492,1.08885,1.08913,1.29,1.00
2018.05.08 21:10:23.594,1.08885,1.08916,1.19,1.00
2018.05.08 21:10:23.738,1.08885,1.08913,1.19,1.00
2018.05.08 21:10:24.000,1.08885,1.08916,1.19,1.00
2018.05.08 21:10:24.138,1.08885,1.08914,1.19,1.00
2018.05.08 21:10:24.393,1.08885,1.08916,1.19,1.00
2018.05.08 21:10:24.539,1.08885,1.08914,1.19,1.00
2018.05.08 21:10:24.788,1.08885,1.08916,1.19,1.00
2018.05.08 21:10:25.037,1.08885,1.08914,1.19,1.00
2018.05.08 21:10:25.320,1.08885,1.08916,1.19,1.00
2018.05.08 21:10:25.439,1.08885,1.08914,1.19,1.00
2018.05.08 21:10:25.691,1.08885,1.08916,1.19,1.00
2018.05.08 21:10:25.842,1.08885,1.08914,1.19,1.00
2018.05.08 21:10:26.089,1.08885,1.08917,1.19,1.00
2018.05.08 21:10:26.240,1.08885,1.08914,1.19,1.00
2018.05.08 21:10:26.483,1.08885,1.08917,1.19,1.00
2018.05.08 21:10:26.893,1.08885,1.08913,1.19,1.00
2018.05.08 21:10:26.944,1.08885,1.08917,1.19,1.00
2018.05.08 21:10:27.694,1.08885,1.08913,1.19,1.00
2018.05.08 21:10:27.746,1.08885,1.08916,1.19,1.00
2018.05.08 21:10:28.188,1.08885,1.08914,1.19,1.00
2018.05.08 21:10:28.240,1.08885,1.08917,1.19,1.00
2018.05.08 21:10:28.382,1.08885,1.08917,1.00,1.00
2018.05.08 21:10:28.433,1.0888,1.08917,1.26,1.00
2018.05.08 21:10:28.621,1.08884,1.08917,1.29,1.00
2018.05.08 21:10:29.800,1.08884,1.08916,1.29,1.00
2018.05.08 21:10:30.322,1.08884,1.08917,1.29,1.00
2018.05.08 21:10:30.643,1.08884,1.08913,1.29,1.00
2018.05.08 21:10:30.694,1.08884,1.08915,1.29,1.00
2018.05.08 21:10:30.847,1.08884,1.08913,1.29,1.00
2018.05.08 21:10:30.898,1.08884,1.08915,1.29,1.00
2018.05.08 21:10:31.155,1.08884,1.08913,1.19,1.00
2018.05.08 21:10:31.404,1.08884,1.08916,1.19,1.00
2018.05.08 21:10:31.637,1.08884,1.08913,1.19,1.00
2018.05.08 21:10:31.923,1.08884,1.08915,1.19,1.00
2018.05.08 21:10:32.439,1.08884,1.08914,1.19,1.00
2018.05.08 21:10:33.243,1.08884,1.08916,1.19,1.00
2018.05.08 21:10:33.337,1.08884,1.08913,1.19,1.00
2018.05.08 21:10:33.388,1.08884,1.08913,1.00,1.00
2018.05.08 21:10:33.587,1.0888,1.08915,1.26,1.00
2018.05.08 21:10:33.638,1.08884,1.08915,1.19,1.00
2018.05.08 21:10:34.189,1.08884,1.08914,1.19,1.00
2018.05.08 21:10:34.439,1.08884,1.08916,1.19,1.00
2018.05.08 21:10:36.597,1.08884,1.08915,1.29,1.00
2018.05.08 21:10:36.648,1.08884,1.08917,1.26,1.50
2018.05.08 21:10:36.801,1.08884,1.08914,1.29,1.00
2018.05.08 21:10:37.098,1.08884,1.08917,1.29,1.50
2018.05.08 21:10:37.289,1.08884,1.08915,1.29,1.00
2018.05.08 21:10:37.837,1.08884,1.08916,1.19,1.00
2018.05.08 21:10:38.379,1.08884,1.08917,1.26,1.00
2018.05.08 21:10:38.881,1.08884,1.08916,1.39,1.00
2018.05.08 21:10:39.389,1.08884,1.08916,1.26,1.00
2018.05.08 21:10:41.189,1.08884,1.08914,1.26,1.00
2018.05.08 21:10:41.241,1.08884,1.08916,1.26,1.00
2018.05.08 21:10:42.688,1.08884,1.08917,1.26,1.00
2018.05.08 21:10:42.739,1.08884,1.08915,1.29,1.00
2018.05.08 21:10:43.288,1.08884,1.08918,1.29,1.00
2018.05.08 21:10:43.439,1.08884,1.08914,1.29,1.00
2018.05.08 21:10:43.689,1.08884,1.08917,1.29,1.00
2018.05.08 21:10:44.939,1.08884,1.08918,1.26,1.00
2018.05.08 21:10:45.488,1.08884,1.08918,1.26,1.00
2018.05.08 21:10:46.000,1.08884,1.08918,1.26,1.00
2018.05.08 21:10:46.103,1.08884,1.08916,1.26,1.00
2018.05.08 21:10:46.154,1.08884,1.08918,1.26,1.00
2018.05.08 21:10:46.256,1.08884,1.08914,1.19,1.00
2018.05.08 21:10:46.308,1.08884,1.08918,1.19,1.50
2018.05.08 21:10:46.944,1.08884,1.08914,1.26,1.00
2018.05.08 21:10:47.191,1.08884,1.08917,1.26,1.00
2018.05.08 21:10:48.469,1.08878,1.08914,1.64,1.00
2018.05.08 21:10:48.520,1.08885,1.08915,1.29,1.00
2018.05.08 21:10:49.592,1.0888,1.08919,1.64,1.50
2018.05.08 21:10:50.557,1.08885,1.08917,1.19,1.00
2018.05.08 21:10:51.069,1.08884,1.08916,1.29,1.00
2018.05.08 21:10:51.992,1.08884,1.08914,1.19,1.00
2018.05.08 21:10:52.496,1.08884,1.08915,1.19,1.00
2018.05.08 21:10:53.022,1.08884,1.08913,1.19,1.00
2018.05.08 21:10:53.186,1.08882,1.08917,1.26,1.00
2018.05.08 21:10:53.237,1.08884,1.08915,1.26,1.00
2018.05.08 21:10:53.607,1.08892,1.08918,1.00,1.00
2018.05.08 21:10:54.138,1.08892,1.08919,1.00,1.00
2018.05.08 21:10:54.645,1.08892,1.0892,1.00,1.00
2018.05.08 21:10:54.960,1.08892,1.08917,1.00,1.00
2018.05.08 21:10:55.062,1.08892,1.08919,1.00,1.00
2018.05.08 21:10:55.339,1.08892,1.08917,1.00,1.00
2018.05.08 21:10:55.394,1.08892,1.08919,1.00,1.00
2018.05.08 21:10:55.644,1.08886,1.0892,1.26,1.00
2018.05.08 21:10:55.695,1.08891,1.08919,1.00,1.00
2018.05.08 21:10:56.090,1.08891,1.08921,1.00,1.50
2018.05.08 21:10:56.189,1.08891,1.08918,1.00,1.00
2018.05.08 21:10:56.342,1.08891,1.0892,1.00,1.00
2018.05.08 21:10:56.640,1.08891,1.08918,1.00,1.00
2018.05.08 21:10:56.742,1.08891,1.0892,1.00,1.00
2018.05.08 21:10:57.317,1.08891,1.08921,1.00,1.00
2018.05.08 21:10:58.070,1.08891,1.08918,1.00,1.00
2018.05.08 21:10:58.224,1.08891,1.0892,1.00,1.00
2018.05.08 21:10:58.438,1.08891,1.08918,1.00,1.00
2018.05.08 21:10:58.960,1.08891,1.08919,1.00,1.00
2018.05.08 21:10:59.399,1.08892,1.08917,1.19,1.00
2018.05.08 21:10:59.603,1.08892,1.08921,1.19,1.00
2018.05.08 21:10:59.847,1.08892,1.08918,1.19,1.00
2018.05.08 21:11:00.126,1.08892,1.08921,1.19,1.00
2018.05.08 21:11:00.668,1.08892,1.08922,1.19,1.00
2018.05.08 21:11:01.049,1.08892,1.08919,1.19,1.00
2018.05.08 21:11:01.151,1.08892,1.08923,1.19,1.00
2018.05.08 21:11:01.202,1.08892,1.0892,1.19,1.00
2018.05.08 21:11:01.253,1.08892,1.08922,1.19,1.00
2018.05.08 21:11:02.037,1.08892,1.08923,1.19,1.00
2018.05.08 21:11:02.205,1.08892,1.0892,1.19,1.00
2018.05.08 21:11:02.714,1.08892,1.08923,1.26,1.00
2018.05.08 21:11:03.547,1.08892,1.08922,1.29,1.00
2018.05.08 21:11:04.057,1.08892,1.08923,1.26,1.50
2018.05.08 21:11:04.109,1.08892,1.0892,1.26,1.00
2018.05.08 21:11:04.160,1.08892,1.08923,1.26,1.00
2018.05.08 21:11:04.262,1.08892,1.08921,1.26,1.00
2018.05.08 21:11:04.573,1.08893,1.08923,1.32,1.00
2018.05.08 21:11:04.675,1.08893,1.08923,1.32,1.00
2018.05.08 21:11:04.896,1.08892,1.08921,1.26,1.00
2018.05.08 21:11:04.999,1.08892,1.08921,1.26,1.00
2018.05.08 21:11:05.051,1.08892,1.08921,1.26,1.00
2018.05.08 21:11:05.594,1.08892,1.0892,1.26,1.00
2018.05.08 21:11:05.645,1.08892,1.08922,1.26,1.00
2018.05.08 21:11:06.311,1.08892,1.08922,1.26,1.00
2018.05.08 21:11:06.946,1.08892,1.08922,1.26,1.00
2018.05.08 21:11:07.048,1.08892,1.08922,1.26,1.00
2018.05.08 21:11:07.467,1.08892,1.08919,1.26,1.00
2018.05.08 21:11:07.708,1.08892,1.08925,1.26,1.00
2018.05.08 21:11:07.759,1.08892,1.08922,1.26,1.00
2018.05.08 21:11:07.941,1.08892,1.08922,1.76,1.00
2018.05.08 21:11:08.673,1.08892,1.08922,1.26,1.00
2018.05.08 21:11:08.942,1.08892,1.08922,1.26,1.00
2018.05.08 21:11:09.449,1.08892,1.08923,2.14,1.00
2018.05.08 21:11:09.598,1.08892,1.08923,1.26,1.00
2018.05.08 21:11:10.133,1.08892,1.08922,1.26,1.00
2018.05.08 21:11:10.657,1.08895,1.08921,1.07,1.00
2018.05.08 21:11:10.708,1.08892,1.08923,2.14,1.00
2018.05.08 21:11:10.810,1.08893,1.08921,1.32,1.00
2018.05.08 21:11:11.119,1.08897,1.08923,1.00,1.00
2018.05.08 21:11:11.394,1.08895,1.08921,1.07,1.00
2018.05.08 21:11:11.446,1.08895,1.08921,1.10,1.00
2018.05.08 21:11:11.599,1.08893,1.08922,1.25,1.00
2018.05.08 21:11:11.651,1.08893,1.08922,1.32,1.00
2018.05.08 21:11:11.991,1.08893,1.0892,1.32,1.00
2018.05.08 21:11:12.051,1.08893,1.08923,1.32,1.00
2018.05.08 21:11:12.405,1.08893,1.0892,1.32,1.00
2018.05.08 21:11:12.735,1.08894,1.08923,1.10,1.00
2018.05.08 21:11:12.837,1.08893,1.08923,1.32,1.00
2018.05.08 21:11:13.252,1.08897,1.08921,1.10,1.00
2018.05.08 21:11:13.506,1.08893,1.0892,1.32,1.00
2018.05.08 21:11:13.723,1.08893,1.08922,1.32,1.00
2018.05.08 21:11:13.999,1.08897,1.08921,1.00,1.00
2018.05.08 21:11:14.156,1.08896,1.08923,1.00,1.00
2018.05.08 21:11:14.667,1.08895,1.08922,1.07,1.00
2018.05.08 21:11:14.718,1.08895,1.08924,1.07,1.00
2018.05.08 21:11:15.252,1.08896,1.08924,1.07,1.00
2018.05.08 21:11:15.771,1.08899,1.08925,1.00,1.00
2018.05.08 21:11:15.990,1.08897,1.08925,1.00,1.00
2018.05.08 21:11:16.144,1.08897,1.08927,1.00,1.00
2018.05.08 21:11:16.195,1.08892,1.08925,1.26,1.00
2018.05.08 21:11:16.348,1.08892,1.08928,1.26,1.00
2018.05.08 21:11:16.450,1.08892,1.08927,1.26,1.00
2018.05.08 21:11:16.603,1.08892,1.08924,1.26,1.00
2018.05.08 21:11:16.756,1.08892,1.08927,1.26,1.00
2018.05.08 21:11:16.808,1.08892,1.08927,1.26,1.00
2018.05.08 21:11:16.990,1.08892,1.08927,1.26,1.00
2018.05.08 21:11:17.430,1.08891,1.08926,1.26,1.00
2018.05.08 21:11:17.482,1.08891,1.08924,1.26,1.00
2018.05.08 21:11:17.743,1.08891,1.08926,1.26,1.00
2018.05.08 21:11:18.002,1.08891,1.08924,1.26,1.00
2018.05.08 21:11:18.146,1.08891,1.08926,1.26,1.00
2018.05.08 21:11:18.556,1.08891,1.08927,1.39,1.00
2018.05.08 21:11:18.658,1.08891,1.08927,1.26,1.00
2018.05.08 21:11:18.798,1.08891,1.08927,1.39,1.00
2018.05.08 21:11:19.343,1.08891,1.08925,1.26,1.00
2018.05.08 21:11:19.448,1.08891,1.08927,1.26,1.00
2018.05.08 21:11:19.499,1.08891,1.08927,1.26,1.00
2018.05.08 21:11:19.748,1.08891,1.08924,1.26,1.00
2018.05.08 21:11:20.001,1.08891,1.08927,1.26,1.00
2018.05.08 21:11:20.307,1.08891,1.08927,1.26,1.00
2018.05.08 21:11:20.811,1.08891,1.08926,1.26,1.00
2018.05.08 21:11:21.373,1.08891,1.08923,1.26,1.00
2018.05.08 21:11:21.628,1.08891,1.08926,1.26,1.00
2018.05.08 21:11:22.639,1.08891,1.08926,1.26,1.00
2018.05.08 21:11:23.198,1.08891,1.08926,1.26,1.00
2018.05.08 21:11:23.666,1.08889,1.08922,1.26,1.00
2018.05.08 21:11:23.922,1.08889,1.08927,1.26,1.00
2018.05.08 21:11:24.192,1.08889,1.08925,1.26,1.00
2018.05.08 21:11:24.445,1.08889,1.08927,1.39,1.00
2018.05.08 21:11:24.847,1.08889,1.08923,1.39,1.00
2018.05.08 21:11:25.063,1.08889,1.08927,1.26,1.00
2018.05.08 21:11:25.301,1.08889,1.08924,1.26,1.00
2018.05.08 21:11:25.454,1.08892,1.08926,1.19,1.00
2018.05.08 21:11:25.812,1.08892,1.08924,1.26,1.00
2018.05.08 21:11:26.193,1.08892,1.08926,1.26,1.00
2018.05.08 21:11:26.715,1.08892,1.08927,1.26,1.00
2018.05.08 21:11:26.984,1.08892,1.08925,1.26,1.00
2018.05.08 21:11:27.295,1.08892,1.08925,1.39,1.00
2018.05.08 21:11:27.398,1.08892,1.08927,1.29,1.00
2018.05.08 21:11:27.923,1.08892,1.08926,1.19,1.00
2018.05.08 21:11:28.657,1.08892,1.08923,1.29,1.00
2018.05.08 21:11:28.889,1.08892,1.08926,1.19,1.00
2018.05.08 21:11:29.141,1.08892,1.08923,1.26,1.00
2018.05.08 21:11:29.369,1.08892,1.08926,1.19,1.00
2018.05.08 21:11:29.617,1.08892,1.08923,1.29,1.00
2018.05.08 21:11:29.770,1.08892,1.08925,1.26,1.00
2018.05.08 21:11:29.995,1.08892,1.08923,1.26,1.00
2018.05.08 21:11:30.261,1.08892,1.08925,1.26,1.00
2018.05.08 21:11:30.501,1.08891,1.08923,1.26,1.00
2018.05.08 21:11:30.785,1.08891,1.08926,1.26,1.00
2018.05.08 21:11:31.021,1.08891,1.08928,1.26,1.00
2018.05.08 21:11:31.565,1.08891,1.08927,1.26,1.00
2018.05.08 21:11:31.717,1.08891,1.08927,1.26,1.00
2018.05.08 21:11:31.920,1.08891,1.08925,1.19,1.00
2018.05.08 21:11:32.185,1.08891,1.08928,1.29,1.00
2018.05.08 21:11:32.438,1.08891,1.08925,1.29,1.00
2018.05.08 21:11:32.812,1.08891,1.08923,1.29,1.00
2018.05.08 21:11:33.067,1.08891,1.08926,1.26,1.00
2018.05.08 21:11:33.170,1.08891,1.08926,1.29,1.00
2018.05.08 21:11:33.374,1.08891,1.08923,1.29,1.00
2018.05.08 21:11:33.426,1.08891,1.08926,1.26,1.00
2018.05.08 21:11:33.478,1.08891,1.08923,1.26,1.00
2018.05.08 21:11:33.740,1.08891,1.08926,1.26,1.00
2018.05.08 21:11:34.274,1.08891,1.08927,1.26,1.00
2018.05.08 21:11:34.447,1.08891,1.08929,1.26,1.00
2018.05.08 21:11:34.498,1.08891,1.08926,1.26,1.00
2018.05.08 21:11:35.044,1.08891,1.08925,1.26,1.00
2018.05.08 21:11:35.352,1.08891,1.08927,1.26,1.00
2018.05.08 21:11:35.611,1.08891,1.08924,1.26,1.00
2018.05.08 21:11:35.765,1.08891,1.08927,1.26,1.00
2018.05.08 21:11:35.995,1.08891,1.08924,1.26,1.00
2018.05.08 21:11:36.149,1.08891,1.08927,1.26,1.00
2018.05.08 21:11:36.412,1.08891,1.08924,1.26,1.00
2018.05.08 21:11:36.590,1.08891,1.08928,1.26,1.00
2018.05.08 21:11:36.819,1.08891,1.08924,1.26,1.00
2018.05.08 21:11:37.084,1.08891,1.08927,1.26,1.00
2018.05.08 21:11:37.293,1.08891,1.08925,1.26,1.00
2018.05.08 21:11:37.560,1.08891,1.08928,1.26,1.00
2018.05.08 21:11:37.820,1.08891,1.08924,1.64,1.00
2018.05.08 21:11:37.973,1.08891,1.08928,1.39,1.00
2018.05.08 21:11:38.025,1.08891,1.08928,1.26,1.00
2018.05.08 21:11:38.248,1.08891,1.08928,1.39,1.00
2018.05.08 21:11:38.478,1.08891,1.08928,1.26,1.00
2018.05.08 21:11:39.053,1.08891,1.08928,1.26,1.00
2018.05.08 21:11:39.225,1.08891,1.08928,1.39,1.00
2018.05.08 21:11:39.429,1.08891,1.08928,1.26,1.00
2018.05.08 21:11:39.592,1.08891,1.08925,1.26,1.00
2018.05.08 21:11:39.760,1.08891,1.08927,1.39,1.00
2018.05.08 21:11:40.041,1.08891,1.08924,1.26,1.00
2018.05.08 21:11:40.144,1.08891,1.08927,1.26,1.00
2018.05.08 21:11:40.816,1.08891,1.08925,1.26,1.00
2018.05.08 21:11:40.969,1.08891,1.08927,1.26,1.00
2018.05.08 21:11:41.240,1.08891,1.08925,1.26,1.00
2018.05.08 21:11:41.447,1.08891,1.08927,1.26,1.00
2018.05.08 21:11:41.748,1.08891,1.08925,1.26,1.00
2018.05.08 21:11:41.937,1.08891,1.08927,1.26,1.00
2018.05.08 21:11:42.358,1.08891,1.08924,1.39,1.00
2018.05.08 21:11:42.409,1.08891,1.08924,1.26,1.00
2018.05.08 21:11:42.600,1.08891,1.08926,1.26,1.00
2018.05.08 21:11:43.136,1.08891,1.08925,1.39,1.00
2018.05.08 21:11:43.237,1.08891,1.08923,1.26,1.00
2018.05.08 21:11:43.420,1.08891,1.08928,1.26,1.00
2018.05.08 21:11:43.572,1.08891,1.08926,1.26,1.00
2018.05.08 21:11:43.809,1.08891,1.08928,1.26,1.00
2018.05.08 21:11:43.921,1.08891,1.08926,1.26,1.00
2018.05.08 21:11:44.237,1.08891,1.08928,1.26,1.00
2018.05.08 21:11:44.598,1.08891,1.08925,1.26,1.00
2018.05.08 21:11:44.873,1.08891,1.08927,1.26,1.00
2018.05.08 21:11:45.143,1.08891,1.08925,1.26,1.00
2018.05.08 21:11:45.247,1.08891,1.08927,1.26,1.00
2018.05.08 21:11:45.792,1.08891,1.08926,1.26,1.00
2018.05.08 21:11:45.937,1.08891,1.08924,1.26,1.00
2018.05.08 21:11:46.047,1.08891,1.08929,1.26,1.50
2018.05.08 21:11:46.098,1.08891,1.08926,1.26,1.00
2018.05.08 21:11:46.420,1.08891,1.08924,1.26,1.00
2018.05.08 21:11:46.540,1.08891,1.08927,1.26,1.00
2018.05.08 21:11:46.851,1.08891,1.08927,1.26,1.00
2018.05.08 21:11:47.315,1.08891,1.08924,1.29,1.00
2018.05.08 21:11:47.469,1.08891,1.08927,1.29,1.00
2018.05.08 21:11:47.741,1.08891,1.08925,1.29,1.00
2018.05.08 21:11:47.895,1.08891,1.08927,1.26,1.00
2018.05.08 21:11:48.304,1.08891,1.08923,1.26,1.00
2018.05.08 21:11:48.510,1.08892,1.08927,1.19,1.00
2018.05.08 21:11:49.018,1.08892,1.08926,1.26,1.00
2018.05.08 21:11:49.538,1.08892,1.08926,1.26,1.00
2018.05.08 21:11:49.729,1.08892,1.08927,1.26,1.00
2018.05.08 21:11:49.831,1.08892,1.08927,1.26,1.00
2018.05.08 21:11:50.137,1.08892,1.08924,1.26,1.00
2018.05.08 21:11:50.340,1.08892,1.08928,1.26,1.00
2018.05.08 21:11:50.593,1.08892,1.08926,1.26,1.00
2018.05.08 21:11:51.142,1.08892,1.08925,1.26,1.00
2018.05.08 21:11:51.193,1.08892,1.08928,1.26,1.00
2018.05.08 21:11:51.430,1.08892,1.08924,1.26,1.00
2018.05.08 21:11:51.646,1.08892,1.08927,1.26,1.00
2018.05.08 21:11:51.892,1.08892,1.08925,1.26,1.00
2018.05.08 21:11:52.147,1.08892,1.08927,1.26,1.00
2018.05.08 21:11:52.402,1.08892,1.08925,1.26,1.00
2018.05.08 21:11:52.569,1.08892,1.08927,1.26,1.00
2018.05.08 21:11:52.722,1.08892,1.08925,1.26,1.00
2018.05.08 21:11:53.333,1.08892,1.08926,1.29,1.00
2018.05.08 21:11:53.860,1.08891,1.08926,1.29,1.00
2018.05.08 21:11:54.391,1.08891,1.08927,1.26,1.00
2018.05.08 21:11:54.901,1.08891,1.08926,1.26,1.00
2018.05.08 21:11:55.462,1.08891,1.08926,1.26,1.00
2018.05.08 21:11:55.987,1.08891,1.08926,1.29,1.00
2018.05.08 21:11:56.334,1.08891,1.08924,1.29,1.00
2018.05.08 21:11:56.487,1.08891,1.08927,1.29,1.00
2018.05.08 21:11:56.713,1.08891,1.08925,1.29,1.00
2018.05.08 21:11:57.138,1.08891,1.08927,1.29,1.00
2018.05.08 21:11:57.668,1.08891,1.08926,1.26,1.00
2018.05.08 21:11:57.822,1.08891,1.08924,1.26,1.00
2018.05.08 21:11:57.873,1.08891,1.08926,1.26,1.00
2018.05.08 21:11:58.267,1.08891,1.08927,1.39,1.00
2018.05.08 21:11:58.593,1.08891,1.08927,1.64,1.00
2018.05.08 21:11:58.644,1.08891,1.08927,1.26,1.00
2018.05.08 21:11:59.165,1.08891,1.08928,1.39,1.00
2018.05.08 21:11:59.217,1.08891,1.08925,1.64,1.00
2018.05.08 21:11:59.319,1.08891,1.08925,1.26,1.00
2018.05.08 21:11:59.370,1.08891,1.08927,1.26,1.00
2018.05.08 21:11:59.422,1.08891,1.08927,1.64,1.00
2018.05.08 21:11:59.789,1.08891,1.08925,1.26,1.00
2018.05.08 21:11:59.993,1.08891,1.08927,1.39,1.00
2018.05.08 21:12:00.096,1.08891,1.08925,1.39,1.00
2018.05.08 21:12:00.307,1.08891,1.08927,1.39,1.00
2018.05.08 21:12:00.516,1.08891,1.08925,1.64,1.00
2018.05.08 21:12:00.619,1.08891,1.08927,2.14,1.00
2018.05.08 21:12:00.720,1.08891,1.08927,2.14,1.00
2018.05.08 21:12:01.025,1.08891,1.08925,1.26,1.00
2018.05.08 21:12:01.533,1.08891,1.08924,1.39,1.00
2018.05.08 21:12:01.687,1.08891,1.08926,1.26,1.00
2018.05.08 21:12:01.943,1.08891,1.08926,1.39,1.00
2018.05.08 21:12:02.046,1.08891,1.08925,1.26,1.00
2018.05.08 21:12:02.548,1.08891,1.08924,1.26,1.00
2018.05.08 21:12:02.786,1.08891,1.08926,1.26,1.00
2018.05.08 21:12:03.247,1.08891,1.08924,1.26,1.00
2018.05.08 21:12:03.794,1.08891,1.08925,1.26,1.00
2018.05.08 21:12:04.339,1.08891,1.08926,1.26,1.00
2018.05.08 21:12:04.804,1.08891,1.08923,1.26,1.00
2018.05.08 21:12:05.043,1.08891,1.08925,1.26,1.00
2018.05.08 21:12:05.247,1.08891,1.08922,1.26,1.00
2018.05.08 21:12:05.452,1.08891,1.08927,1.26,1.00
2018.05.08 21:12:05.504,1.08891,1.08924,1.26,1.00
2018.05.08 21:12:06.006,1.08891,1.08925,1.26,1.00
2018.05.08 21:12:06.331,1.08891,1.08923,1.26,1.00
2018.05.08 21:12:06.382,1.08891,1.08925,1.26,1.00
2018.05.08 21:12:07.029,1.08891,1.08925,1.26,1.00
2018.05.08 21:12:07.132,1.08891,1.08925,1.26,1.00
2018.05.08 21:12:07.336,1.08891,1.08925,1.29,1.00
2018.05.08 21:12:07.898,1.08891,1.08925,1.26,1.00
2018.05.08 21:12:08.050,1.08891,1.08925,1.26,1.00
2018.05.08 21:12:08.873,1.08888,1.0892,1.64,1.00
2018.05.08 21:12:08.925,1.08891,1.0892,1.29,1.00
2018.05.08 21:12:11.051,1.08891,1.0892,1.26,1.00
2018.05.08 21:12:11.103,1.08891,1.0892,1.26,1.00
2018.05.08 21:12:11.308,1.08891,1.08926,1.26,1.00
2018.05.08 21:12:11.822,1.08891,1.08926,1.26,1.00
2018.05.08 21:12:12.594,1.08891,1.08926,1.26,1.00
2018.05.08 21:12:12.836,1.08891,1.08926,1.26,1.00
2018.05.08 21:12:13.239,1.08891,1.08926,1.39,1.00
2018.05.08 21:12:13.342,1.08891,1.08926,1.26,1.00
2018.05.08 21:12:13.596,1.08891,1.08926,1.64,1.00
2018.05.08 21:12:13.699,1.08891,1.08926,1.26,1.00
2018.05.08 21:12:13.911,1.08891,1.08926,1.26,1.00
2018.05.08 21:12:14.685,1.08891,1.08926,1.26,1.00
2018.05.08 21:12:15.141,1.08891,1.08926,1.64,1.00
2018.05.08 21:12:15.243,1.08891,1.08926,1.26,1.00
2018.05.08 21:12:15.389,1.08891,1.08926,1.39,1.00
2018.05.08 21:12:15.803,1.08891,1.08926,1.26,1.00
2018.05.08 21:12:16.411,1.08891,1.08927,1.26,1.00
2018.05.08 21:12:16.813,1.08891,1.08926,1.64,1.00
2018.05.08 21:12:16.915,1.08891,1.08927,1.26,1.50
2018.05.08 21:12:17.062,1.08891,1.08925,1.26,1.00
2018.05.08 21:12:17.563,1.08891,1.08927,1.39,1.50
2018.05.08 21:12:17.614,1.08891,1.08927,1.26,1.50
2018.05.08 21:12:17.783,1.08891,1.08927,1.64,1.50
2018.05.08 21:12:17.885,1.08891,1.08927,1.26,1.50
2018.05.08 21:12:17.961,1.08891,1.08925,1.26,1.00
2018.05.08 21:12:18.166,1.08891,1.08927,1.39,1.50
2018.05.08 21:12:18.361,1.08891,1.08925,1.26,1.00
2018.05.08 21:12:18.492,1.08891,1.08925,1.19,1.00
2018.05.08 21:12:18.544,1.08891,1.08925,1.39,1.00
2018.05.08 21:12:18.901,1.08891,1.08927,1.26,1.00
2018.05.08 21:12:19.004,1.08891,1.08925,1.26,1.00
2018.05.08 21:12:19.287,1.08891,1.08927,1.26,1.00
2018.05.08 21:12:19.440,1.08891,1.08927,1.64,1.00
2018.05.08 21:12:19.570,1.08891,1.08927,1.26,1.00
2018.05.08 21:12:19.735,1.08891,1.08927,1.39,1.00
2018.05.08 21:12:20.171,1.08891,1.08927,1.26,1.00
2018.05.08 21:12:21.489,1.08891,1.08927,1.39,1.00
2018.05.08 21:12:22.035,1.08891,1.08926,1.39,1.00
2018.05.08 21:12:22.858,1.08891,1.08926,1.39,1.00
2018.05.08 21:12:22.961,1.08891,1.08926,1.26,1.00
2018.05.08 21:12:23.504,1.08891,1.08925,1.26,1.00
2018.05.08 21:12:23.779,1.08891,1.08927,1.26,1.00
2018.05.08 21:12:23.886,1.08891,1.08927,1.39,1.50
2018.05.08 21:12:23.937,1.08891,1.08927,1.26,1.50
2018.05.08 21:12:23.989,1.08891,1.08925,1.26,1.00
2018.05.08 21:12:24.536,1.08891,1.08926,1.64,1.00
2018.05.08 21:12:24.838,1.08891,1.08926,1.26,1.00
2018.05.08 21:12:25.104,1.08891,1.08928,1.64,1.00
2018.05.08 21:12:25.206,1.08891,1.08928,1.26,1.00
2018.05.08 21:12:25.638,1.08891,1.08927,1.64,1.00
2018.05.08 21:12:25.835,1.08891,1.08927,1.26,1.00
2018.05.08 21:12:26.338,1.08891,1.08927,1.64,1.00
2018.05.08 21:12:26.389,1.08891,1.08927,1.26,1.00
2018.05.08 21:12:26.491,1.08891,1.08925,1.26,1.00
2018.05.08 21:12:26.695,1.08891,1.08927,1.26,1.00
2018.05.08 21:12:26.899,1.08891,1.08925,1.26,1.00
2018.05.08 21:12:27.104,1.08891,1.08927,1.26,1.00
2018.05.08 21:12:27.285,1.08891,1.08928,1.39,1.00
2018.05.08 21:12:27.388,1.08892,1.08927,1.26,1.00
2018.05.08 21:12:27.845,1.08892,1.08927,1.26,1.50
2018.05.08 21:12:27.998,1.08892,1.08926,1.26,1.00
2018.05.08 21:12:28.101,1.08892,1.08928,1.26,1.00
2018.05.08 21:12:28.587,1.08892,1.08925,1.26,1.00
2018.05.08 21:12:28.871,1.08892,1.08928,1.26,1.50
2018.05.08 21:12:28.974,1.08892,1.08926,1.26,1.00
2018.05.08 21:12:29.128,1.08892,1.08926,1.26,1.00
2018.05.08 21:12:29.231,1.08892,1.08926,1.26,1.00
2018.05.08 21:12:29.283,1.08892,1.08929,1.26,1.00
2018.05.08 21:12:29.334,1.08892,1.08929,1.26,1.00
2018.05.08 21:12:29.386,1.08892,1.08927,1.26,1.50
2018.05.08 21:12:29.787,1.08892,1.08925,1.26,1.00
2018.05.08 21:12:30.061,1.08892,1.08929,1.26,1.50
2018.05.08 21:12:30.113,1.08892,1.08929,1.64,1.50
2018.05.08 21:12:30.164,1.08892,1.08927,1.26,1.00
2018.05.08 21:12:30.317,1.08892,1.08925,1.26,1.00
2018.05.08 21:12:30.419,1.08892,1.08927,1.29,1.00
2018.05.08 21:12:30.937,1.08892,1.08928,1.26,1.00
2018.05.08 21:12:31.275,1.08892,1.08926,1.26,1.00
2018.05.08 21:12:31.377,1.08892,1.08929,1.39,1.50
2018.05.08 21:12:31.428,1.08892,1.08929,1.26,1.50
2018.05.08 21:12:31.480,1.08892,1.08925,1.26,1.00
2018.05.08 21:12:31.582,1.08892,1.08927,1.26,1.00
2018.05.08 21:12:31.890,1.08892,1.08928,1.26,1.00
2018.05.08 21:12:32.236,1.08892,1.08926,1.26,1.00
2018.05.08 21:12:32.440,1.08892,1.08927,1.26,1.00
2018.05.08 21:12:32.766,1.08892,1.08929,1.26,1.50
2018.05.08 21:12:32.884,1.08892,1.08926,1.26,1.50
2018.05.08 21:12:33.187,1.08892,1.08927,1.26,1.00
2018.05.08 21:12:33.238,1.08892,1.08927,1.26,1.00
2018.05.08 21:12:33.784,1.08892,1.08927,1.26,1.50
2018.05.08 21:12:34.090,1.08892,1.08929,1.26,1.00
2018.05.08 21:12:34.192,1.08892,1.08925,1.26,1.00
2018.05.08 21:12:34.498,1.08892,1.08929,1.39,1.50
2018.05.08 21:12:34.652,1.08892,1.08927,1.26,1.00
2018.05.08 21:12:34.991,1.08892,1.08929,1.26,1.50
2018.05.08 21:12:35.094,1.08892,1.08925,1.26,1.00
2018.05.08 21:12:35.379,1.08892,1.08929,1.26,1.50
2018.05.08 21:12:35.430,1.08892,1.08929,1.26,1.50
2018.05.08 21:12:35.738,1.08892,1.08927,1.26,1.00
2018.05.08 21:12:36.188,1.08892,1.08927,1.26,1.00
2018.05.08 21:12:36.239,1.08892,1.08927,1.26,1.00
2018.05.08 21:12:36.680,1.08892,1.08929,1.26,1.00
2018.05.08 21:12:36.897,1.08892,1.08927,1.26,1.00
2018.05.08 21:12:37.170,1.08892,1.08929,1.26,1.50
2018.05.08 21:12:37.221,1.08892,1.08929,1.26,1.50
2018.05.08 21:12:37.537,1.08892,1.08926,1.29,1.00
2018.05.08 21:12:37.588,1.08892,1.08929,1.29,1.50
2018.05.08 21:12:37.789,1.08892,1.08926,1.26,1.00
2018.05.08 21:12:38.379,1.08891,1.08926,1.26,1.00
2018.05.08 21:12:38.482,1.08891,1.08928,1.26,1.00
2018.05.08 21:12:38.740,1.08891,1.08927,1.26,1.50
2018.05.08 21:12:39.290,1.08891,1.08927,1.26,1.50
2018.05.08 21:12:39.549,1.08891,1.08929,1.26,1.50
2018.05.08 21:12:39.601,1.08891,1.08926,1.26,1.00
2018.05.08 21:12:39.891,1.08891,1.08929,1.26,1.50
2018.05.08 21:12:39.993,1.08891,1.08926,1.26,1.00
2018.05.08 21:12:40.325,1.08891,1.0893,1.26,1.50
2018.05.08 21:12:40.377,1.08891,1.08926,1.26,1.00
2018.05.08 21:12:40.692,1.08891,1.08928,1.26,1.00
2018.05.08 21:12:41.197,1.08891,1.08927,1.26,1.00
2018.05.08 21:12:41.701,1.08891,1.08927,1.26,1.00
2018.05.08 21:12:42.191,1.08891,1.08928,1.26,1.50
2018.05.08 21:12:42.294,1.08891,1.08928,1.26,1.50
2018.05.08 21:12:42.621,1.08891,1.08926,1.26,1.00
2018.05.08 21:12:42.889,1.08891,1.08928,1.26,1.00
2018.05.08 21:12:42.959,1.08891,1.08928,1.39,1.00
2018.05.08 21:12:43.081,1.08891,1.08927,1.26,1.50
2018.05.08 21:12:43.235,1.08891,1.08927,1.39,1.00
2018.05.08 21:12:43.288,1.08891,1.08927,1.26,1.00
2018.05.08 21:12:43.392,1.08891,1.08926,1.26,1.50
2018.05.08 21:12:43.901,1.08891,1.08924,1.26,1.00
2018.05.08 21:12:44.105,1.08891,1.08928,1.26,1.00
2018.05.08 21:12:44.208,1.08891,1.08925,1.26,1.00
2018.05.08 21:12:44.494,1.08891,1.08927,1.26,1.00
2018.05.08 21:12:44.994,1.08891,1.08925,1.29,1.50
2018.05.08 21:12:45.282,1.08891,1.08928,1.26,1.00
2018.05.08 21:12:45.334,1.08891,1.08926,1.26,1.00
2018.05.08 21:12:45.843,1.08891,1.08925,1.26,1.00
2018.05.08 21:12:46.346,1.08891,1.08925,1.26,1.00
2018.05.08 21:12:46.889,1.08891,1.08926,1.26,1.00
2018.05.08 21:12:46.991,1.08891,1.08928,1.26,1.00
2018.05.08 21:12:47.093,1.08891,1.08926,1.26,1.00
2018.05.08 21:12:47.442,1.08891,1.08927,1.26,1.50
2018.05.08 21:12:47.969,1.08891,1.08925,1.26,1.00
2018.05.08 21:12:48.186,1.08891,1.08929,1.39,1.50
2018.05.08 21:12:48.288,1.08891,1.08926,1.26,1.00
2018.05.08 21:12:48.339,1.08891,1.08926,1.26,1.00
2018.05.08 21:12:48.513,1.08891,1.08926,1.26,1.00
2018.05.08 21:12:48.718,1.08891,1.08927,1.26,1.50
2018.05.08 21:12:48.769,1.08891,1.08925,1.26,1.00
2018.05.08 21:12:48.992,1.08891,1.08927,1.26,1.00
2018.05.08 21:12:49.095,1.08891,1.08925,1.26,1.50
2018.05.08 21:12:49.197,1.08891,1.08925,1.26,1.50
2018.05.08 21:12:49.342,1.08891,1.08925,1.39,1.00
2018.05.08 21:12:49.393,1.08891,1.08928,1.26,1.00
2018.05.08 21:12:49.496,1.08891,1.08925,1.26,1.00
2018.05.08 21:12:49.660,1.08891,1.08927,1.26,1.00
2018.05.08 21:12:49.712,1.08891,1.08927,1.26,1.00
2018.05.08 21:12:50.144,1.08891,1.08926,1.26,1.00
2018.05.08 21:12:50.195,1.08891,1.08928,1.26,1.50
2018.05.08 21:12:50.400,1.08891,1.08927,1.26,1.00
2018.05.08 21:12:50.983,1.08891,1.08926,1.26,1.50
2018.05.08 21:12:51.239,1.08891,1.08925,1.26,1.00
2018.05.08 21:12:51.412,1.08891,1.08926,1.26,1.00
2018.05.08 21:12:51.695,1.08891,1.08926,1.26,1.00
2018.05.08 21:12:52.363,1.08891,1.08927,1.26,1.00
2018.05.08 21:12:52.472,1.08891,1.08926,1.26,1.00
2018.05.08 21:12:52.574,1.08891,1.08926,1.26,1.50
2018.05.08 21:12:52.735,1.08891,1.08926,1.26,1.00
2018.05.08 21:12:52.866,1.08891,1.08926,1.26,1.00
2018.05.08 21:12:52.917,1.08891,1.08926,1.39,1.00
2018.05.08 21:12:53.037,1.08891,1.08926,1.26,1.00
2018.05.08 21:12:53.538,1.08892,1.08926,1.26,1.00
2018.05.08 21:12:54.661,1.08892,1.08925,1.29,1.00
2018.05.08 21:12:54.886,1.08892,1.08926,1.26,1.00
2018.05.08 21:12:54.988,1.08892,1.08926,1.29,1.00
2018.05.08 21:12:55.115,1.08892,1.08926,1.26,1.00
2018.05.08 21:12:55.167,1.08892,1.08928,1.26,1.00
2018.05.08 21:12:55.220,1.08892,1.08928,1.26,1.00
2018.05.08 21:12:55.534,1.08892,1.08925,1.26,1.00
2018.05.08 21:12:57.489,1.08892,1.08924,1.26,1.00
2018.05.08 21:12:58.034,1.08892,1.08925,1.19,1.00
2018.05.08 21:12:58.350,1.08892,1.08925,1.26,1.00
2018.05.08 21:12:58.401,1.08892,1.08925,1.29,1.50
2018.05.08 21:12:58.918,1.08892,1.08926,1.29,1.00
2018.05.08 21:12:59.036,1.08892,1.08926,1.26,1.00
2018.05.08 21:12:59.088,1.08892,1.08927,1.29,1.00
2018.05.08 21:12:59.237,1.08892,1.08927,1.26,1.00
2018.05.08 21:12:59.369,1.08892,1.08927,1.26,1.00
2018.05.08 21:12:59.686,1.08892,1.08925,1.26,1.00
2018.05.08 21:13:00.093,1.08892,1.08927,1.26,1.00
2018.05.08 21:13:00.622,1.08892,1.08927,1.26,1.00
2018.05.08 21:13:01.294,1.08892,1.08927,1.29,1.00
2018.05.08 21:13:02.687,1.08892,1.08928,1.26,1.50
2018.05.08 21:13:02.790,1.08892,1.08928,1.26,1.50
2018.05.08 21:13:02.842,1.08892,1.08928,1.29,1.50
2018.05.08 21:13:02.893,1.08892,1.08926,1.29,1.00
2018.05.08 21:13:03.960,1.08892,1.08925,1.29,1.00
2018.05.08 21:13:04.838,1.08892,1.08925,1.26,1.00
2018.05.08 21:13:05.434,1.08892,1.08925,1.29,1.00
2018.05.08 21:13:08.384,1.08891,1.08925,1.26,1.00
2018.05.08 21:13:08.930,1.08892,1.08925,1.29,1.00
2018.05.08 21:13:09.586,1.08892,1.08926,1.29,1.50
2018.05.08 21:13:12.086,1.08892,1.08923,1.29,1.00
2018.05.08 21:13:12.336,1.08892,1.08926,1.26,1.00
2018.05.08 21:13:13.190,1.08892,1.08925,1.26,1.00
2018.05.08 21:13:13.766,1.08892,1.08924,1.26,1.00
2018.05.08 21:13:14.004,1.08892,1.08926,1.26,1.00
2018.05.08 21:13:14.158,1.08892,1.08924,1.26,1.00
2018.05.08 21:13:14.391,1.08892,1.08926,1.26,1.50
2018.05.08 21:13:15.070,1.08892,1.08925,1.26,1.00
2018.05.08 21:13:15.698,1.08892,1.08926,1.26,1.00
2018.05.08 21:13:15.938,1.08892,1.08924,1.26,1.00
2018.05.08 21:13:16.245,1.08892,1.08926,1.26,1.00
2018.05.08 21:13:18.605,1.08892,1.08927,1.29,1.50
2018.05.08 21:13:18.782,1.08892,1.08925,1.29,1.00
2018.05.08 21:13:18.833,1.08892,1.08927,1.29,1.00
2018.05.08 21:13:18.885,1.08892,1.08928,1.26,1.00
2018.05.08 21:13:19.186,1.08892,1.08925,1.29,1.00
2018.05.08 21:13:19.735,1.08892,1.08926,1.29,1.00
2018.05.08 21:13:20.696,1.08892,1.08924,1.29,1.00
2018.05.08 21:13:20.799,1.08892,1.08926,1.29,1.50
2018.05.08 21:13:21.210,1.08892,1.08924,1.19,1.00
2018.05.08 21:13:21.868,1.08892,1.08923,1.19,1.00
2018.05.08 21:13:22.060,1.08892,1.08925,1.19,1.00
2018.05.08 21:13:23.424,1.08891,1.08925,1.19,1.00
2018.05.08 21:13:23.937,1.08892,1.08925,1.19,1.00
2018.05.08 21:13:24.296,1.08892,1.08923,1.19,1.00
2018.05.08 21:13:24.499,1.08892,1.08925,1.19,1.00
2018.05.08 21:13:24.988,1.08892,1.08923,1.19,1.00
2018.05.08 21:13:25.575,1.08892,1.08925,1.19,1.00
2018.05.08 21:13:26.112,1.08892,1.08924,1.19,1.00
2018.05.08 21:13:27.762,1.08892,1.08925,1.19,1.00
2018.05.08 21:13:28.389,1.08892,1.08924,1.19,1.00
2018.05.08 21:13:29.081,1.08892,1.08923,1.19,1.50
2018.05.08 21:13:30.892,1.08892,1.08924,1.19,1.00
2018.05.08 21:13:31.891,1.08892,1.08923,1.19,1.00
2018.05.08 21:13:32.161,1.08892,1.08926,1.29,1.50
2018.05.08 21:13:32.346,1.08892,1.08923,1.19,1.00
2018.05.08 21:13:32.593,1.08892,1.08925,1.19,1.00
2018.05.08 21:13:32.731,1.08892,1.08923,1.19,1.00
2018.05.08 21:13:32.961,1.08892,1.08925,1.19,1.00
2018.05.08 21:13:33.297,1.08892,1.08923,1.19,1.00
2018.05.08 21:13:33.501,1.08892,1.08925,1.19,1.50
2018.05.08 21:13:33.603,1.08892,1.08923,1.19,1.00
2018.05.08 21:13:33.890,1.08892,1.08926,1.29,1.50
2018.05.08 21:13:34.094,1.08892,1.08924,1.29,1.00
2018.05.08 21:13:34.793,1.08892,1.08925,1.19,1.00
2018.05.08 21:13:36.120,1.08892,1.08927,1.29,1.00
2018.05.08 21:13:36.491,1.08892,1.08925,1.29,1.00
2018.05.08 21:13:36.542,1.08892,1.08927,1.29,1.00
2018.05.08 21:13:36.645,1.08892,1.08925,1.29,1.00
2018.05.08 21:13:36.907,1.08892,1.08927,1.19,1.50
2018.05.08 21:13:37.060,1.08892,1.08925,1.26,1.00
2018.05.08 21:13:37.720,1.08892,1.08926,1.29,1.00
2018.05.08 21:13:38.375,1.08892,1.08925,1.29,1.00
2018.05.08 21:13:38.984,1.08891,1.08926,1.26,1.00
2018.05.08 21:13:39.490,1.08891,1.08925,1.26,1.00
2018.05.08 21:13:40.690,1.08891,1.08924,1.19,1.00
2018.05.08 21:13:40.895,1.08891,1.08927,1.29,1.50
2018.05.08 21:13:41.079,1.08891,1.08925,1.29,1.00
2018.05.08 21:13:41.695,1.08891,1.08927,1.29,1.50
2018.05.08 21:13:41.899,1.08891,1.08925,1.29,1.00
2018.05.08 21:13:42.549,1.08891,1.08926,1.26,1.00
2018.05.08 21:13:44.439,1.08891,1.08927,1.26,1.00
2018.05.08 21:13:44.901,1.08891,1.08925,1.26,1.00
2018.05.08 21:13:45.154,1.08891,1.08927,1.26,1.00
2018.05.08 21:13:45.359,1.08891,1.08924,1.29,1.00
2018.05.08 21:13:45.589,1.08891,1.08926,1.26,1.00
2018.05.08 21:13:45.739,1.08891,1.08924,1.26,1.00
2018.05.08 21:13:46.021,1.08891,1.08926,1.26,1.50
2018.05.08 21:13:47.670,1.08891,1.08926,1.26,1.00
2018.05.08 21:13:48.038,1.08891,1.08924,1.26,1.00
2018.05.08 21:13:48.293,1.08891,1.08927,1.29,1.50
2018.05.08 21:13:48.539,1.08891,1.08925,1.29,1.00
2018.05.08 21:13:49.049,1.08891,1.08924,1.29,1.00
2018.05.08 21:13:49.203,1.08891,1.08926,1.29,1.00
2018.05.08 21:13:49.743,1.08891,1.08924,1.29,1.00
2018.05.08 21:13:50.015,1.08891,1.08926,1.29,1.00
2018.05.08 21:13:51.137,1.08891,1.08924,1.29,1.00
2018.05.08 21:13:51.389,1.08891,1.08926,1.29,1.00
2018.05.08 21:13:51.911,1.08891,1.08927,1.29,1.50
2018.05.08 21:13:52.440,1.08891,1.08925,1.29,1.00
2018.05.08 21:13:52.714,1.08891,1.08927,1.26,1.50
2018.05.08 21:13:53.021,1.08891,1.08925,1.26,1.00
2018.05.08 21:13:53.247,1.08891,1.08927,1.29,1.50
2018.05.08 21:13:53.339,1.08891,1.08925,1.29,1.00
2018.05.08 21:13:53.612,1.08891,1.08927,1.29,1.50
2018.05.08 21:13:53.746,1.08891,1.08924,1.29,1.00
2018.05.08 21:13:53.988,1.08891,1.08926,1.29,1.00
2018.05.08 21:13:54.543,1.08891,1.08925,1.29,1.00
2018.05.08 21:13:54.791,1.08891,1.08927,1.29,1.50
2018.05.08 21:13:54.942,1.08891,1.08924,1.29,1.00
2018.05.08 21:13:55.188,1.08891,1.08926,1.29,1.00
2018.05.08 21:13:55.340,1.08891,1.08924,1.29,1.00
2018.05.08 21:13:55.747,1.08891,1.08927,1.26,1.00
2018.05.08 21:13:55.987,1.08891,1.08924,1.26,1.00
2018.05.08 21:13:56.138,1.08891,1.08927,1.26,1.00
2018.05.08 21:13:56.389,1.08891,1.08925,1.26,1.00
2018.05.08 21:13:56.904,1.08891,1.08926,1.26,1.00
2018.05.08 21:13:57.491,1.08891,1.08927,1.26,1.00
2018.05.08 21:13:58.089,1.08891,1.08926,1.26,1.00
2018.05.08 21:13:58.605,1.08891,1.08927,1.26,1.00
2018.05.08 21:13:59.107,1.08891,1.08926,1.26,1.00
2018.05.08 21:13:59.789,1.08891,1.08928,1.26,1.50
2018.05.08 21:13:59.962,1.08891,1.08926,1.26,1.00
2018.05.08 21:14:00.562,1.08891,1.08923,1.26,1.00
2018.05.08 21:14:01.154,1.08891,1.08922,1.29,1.00
2018.05.08 21:14:01.585,1.08891,1.08924,1.19,1.00
2018.05.08 21:14:02.188,1.08891,1.08923,1.19,1.00
2018.05.08 21:14:02.667,1.08891,1.08925,1.19,1.00
2018.05.08 21:14:02.860,1.08891,1.08923,1.19,1.00
2018.05.08 21:14:03.292,1.08891,1.08925,1.19,1.00
2018.05.08 21:14:03.660,1.08891,1.08923,1.19,1.00
2018.05.08 21:14:03.763,1.08891,1.08925,1.19,1.00
2018.05.08 21:14:04.360,1.08891,1.08923,1.19,1.00
2018.05.08 21:14:04.988,1.08891,1.08924,1.26,1.00
2018.05.08 21:14:05.498,1.08891,1.08925,1.29,1.00
2018.05.08 21:14:06.023,1.08891,1.08924,1.19,1.00
2018.05.08 21:14:08.103,1.08891,1.08925,1.19,1.50
2018.05.08 21:14:08.867,1.08891,1.08924,1.26,1.00
2018.05.08 21:14:09.437,1.08891,1.08924,1.26,1.00
2018.05.08 21:14:09.945,1.08891,1.08924,1.29,1.00
2018.05.08 21:14:11.839,1.08891,1.08923,1.26,1.00
2018.05.08 21:14:12.410,1.08891,1.08924,1.26,1.00
2018.05.08 21:14:13.088,1.08891,1.08925,1.19,1.00
2018.05.08 21:14:13.192,1.08892,1.08955,1.19,1.00
2018.05.08 21:14:13.565,1.08894,1.08948,1.00,1.00
2018.05.08 21:14:13.872,1.08898,1.08951,1.00,1.00
2018.05.08 21:14:14.219,1.08905,1.08956,1.00,1.00
2018.05.08 21:14:15.571,1.08905,1.08954,1.00,1.00
2018.05.08 21:14:15.776,1.08901,1.08951,1.00,1.00
2018.05.08 21:14:16.642,1.08901,1.08949,1.00,1.00
2018.05.08 21:14:18.075,1.08903,1.08952,1.00,1.00
2018.05.08 21:14:18.178,1.08899,1.08947,1.00,1.00
2018.05.08 21:14:18.848,1.08899,1.08949,1.00,1.00
2018.05.08 21:14:19.067,1.08897,1.08947,1.00,1.00
2018.05.08 21:14:19.708,1.08896,1.08946,1.00,1.00
2018.05.08 21:14:20.242,1.08897,1.08945,1.00,1.00
2018.05.08 21:14:20.609,1.08895,1.08945,1.00,1.00
2018.05.08 21:14:21.638,1.08894,1.08944,1.00,1.00
2018.05.08 21:14:22.549,1.08892,1.08941,1.69,1.00
2018.05.08 21:14:22.861,1.08895,1.08943,1.00,1.00
2018.05.08 21:14:23.286,1.08893,1.0894,1.25,1.00
2018.05.08 21:14:23.534,1.08895,1.08944,1.00,1.00
2018.05.08 21:14:23.688,1.08899,1.08947,1.00,1.00
2018.05.08 21:14:24.705,1.08899,1.08949,1.00,1.00
2018.05.08 21:14:25.744,1.089,1.08949,1.00,1.00
2018.05.08 21:14:27.799,1.08899,1.08949,1.00,1.00
2018.05.08 21:14:27.902,1.08898,1.08946,1.00,1.00
2018.05.08 21:14:28.515,1.08898,1.08947,1.00,1.00
2018.05.08 21:14:29.024,1.08897,1.08947,1.00,1.00
2018.05.08 21:14:29.635,1.08893,1.08943,1.25,1.00
2018.05.08 21:14:30.496,1.08895,1.08943,1.00,1.00
2018.05.08 21:14:30.739,1.08893,1.08943,1.25,1.00
2018.05.08 21:14:32.897,1.08895,1.08945,1.00,1.00
2018.05.08 21:14:33.258,1.08893,1.08943,1.25,1.00
2018.05.08 21:14:33.786,1.08892,1.08941,1.19,1.00
2018.05.08 21:14:33.837,1.08893,1.08943,1.25,1.00
2018.05.08 21:14:34.197,1.08892,1.0894,1.69,1.00
2018.05.08 21:14:34.249,1.08893,1.08943,1.25,1.00
2018.05.08 21:14:34.889,1.08892,1.08942,1.69,1.00
2018.05.08 21:14:35.128,1.08895,1.08943,1.00,1.00
2018.05.08 21:14:35.459,1.08897,1.08945,1.00,1.00
2018.05.08 21:14:35.511,1.08894,1.08944,1.00,1.00
2018.05.08 21:14:36.105,1.08892,1.0894,1.19,1.00
2018.05.08 21:14:36.621,1.08894,1.08941,1.00,1.00
2018.05.08 21:14:37.042,1.08895,1.08945,1.00,1.00
2018.05.08 21:14:37.289,1.08894,1.08942,1.00,1.00
2018.05.08 21:14:37.932,1.08892,1.08941,1.19,1.00
2018.05.08 21:14:38.532,1.08893,1.08942,1.25,1.00
2018.05.08 21:14:38.836,1.08892,1.08939,1.19,1.00
2018.05.08 21:14:39.491,1.08892,1.08941,1.69,1.00
2018.05.08 21:14:39.594,1.08892,1.08937,1.19,1.00
2018.05.08 21:14:40.243,1.08892,1.08936,1.19,1.00
2018.05.08 21:14:40.538,1.08892,1.08938,1.19,1.00
2018.05.08 21:14:41.234,1.08892,1.08937,1.19,1.00
2018.05.08 21:14:41.665,1.08892,1.08939,1.19,1.00
2018.05.08 21:14:42.325,1.08892,1.08938,1.19,1.00
2018.05.08 21:14:42.384,1.08892,1.0894,1.19,1.00
2018.05.08 21:14:47.226,1.08902,1.0894,1.00,1.00
2018.05.08 21:14:47.278,1.08902,1.08943,1.00,1.00
2018.05.08 21:14:47.332,1.08902,1.08945,1.00,1.00
2018.05.08 21:14:47.384,1.08899,1.08945,1.00,1.00
2018.05.08 21:14:47.909,1.089,1.08944,1.00,1.00
2018.05.08 21:14:48.741,1.089,1.08946,1.00,1.00
2018.05.08 21:14:48.840,1.089,1.08944,1.00,1.00
2018.05.08 21:14:49.906,1.08899,1.08944,1.00,1.00
2018.05.08 21:14:50.875,1.08899,1.08943,1.00,1.00
2018.05.08 21:14:51.155,1.089,1.08945,1.00,1.00
2018.05.08 21:14:51.915,1.08899,1.08945,1.00,1.00
2018.05.08 21:14:52.090,1.08899,1.08943,1.00,1.00
2018.05.08 21:14:53.340,1.08899,1.08944,1.00,1.00
2018.05.08 21:14:53.852,1.08898,1.08942,1.00,1.00
2018.05.08 21:14:54.708,1.08898,1.08944,1.00,1.00
2018.05.08 21:14:54.760,1.08899,1.08941,1.00,1.00
2018.05.08 21:14:56.589,1.08899,1.0894,1.00,1.00
2018.05.08 21:14:57.754,1.08899,1.08943,1.00,1.00
2018.05.08 21:14:58.892,1.08899,1.08941,1.00,1.00
2018.05.08 21:14:58.943,1.08899,1.08943,1.00,1.00
2018.05.08 21:15:00.687,1.089,1.08943,1.00,1.00
2018.05.08 21:15:00.942,1.08899,1.08946,1.00,1.00
2018.05.08 21:15:01.097,1.08901,1.08944,1.00,1.00
2018.05.08 21:15:02.098,1.089,1.08944,1.00,1.00
2018.05.08 21:15:02.950,1.08899,1.08944,1.00,1.00
2018.05.08 21:15:03.539,1.08898,1.08944,1.00,1.00
2018.05.08 21:15:04.040,1.08898,1.08945,1.00,1.00
2018.05.08 21:15:04.330,1.08899,1.08948,1.00,1.00
2018.05.08 21:15:05.419,1.08904,1.08948,1.00,1.00
2018.05.08 21:15:05.788,1.089,1.08947,1.00,1.00
2018.05.08 21:15:07.086,1.08903,1.08947,1.00,1.00
2018.05.08 21:15:08.139,1.08903,1.08949,1.00,1.00
2018.05.08 21:15:08.293,1.08899,1.0895,1.50,1.00
2018.05.08 21:15:08.344,1.089,1.08948,1.00,1.00
2018.05.08 21:15:08.448,1.08899,1.08961,1.00,1.00
2018.05.08 21:15:08.595,1.08901,1.08946,1.00,1.00
2018.05.08 21:15:09.693,1.08901,1.08948,1.00,1.00
2018.05.08 21:15:10.408,1.08901,1.08947,1.00,1.00
2018.05.08 21:15:10.656,1.08901,1.08952,1.50,1.00
2018.05.08 21:15:11.600,1.08901,1.08951,1.00,1.00
2018.05.08 21:15:12.197,1.089,1.08949,1.50,1.00
2018.05.08 21:15:13.140,1.08901,1.08951,1.00,1.00
2018.05.08 21:15:14.330,1.08901,1.08948,1.00,1.00
2018.05.08 21:15:14.750,1.089,1.08946,1.00,1.00
2018.05.08 21:15:15.741,1.08899,1.08942,1.00,1.00
2018.05.08 21:15:16.492,1.08899,1.08941,1.00,1.00
2018.05.08 21:15:16.784,1.08896,1.08942,1.25,1.00
2018.05.08 21:15:16.835,1.08896,1.08939,1.25,1.00
2018.05.08 21:15:16.887,1.08896,1.08944,1.69,1.00
2018.05.08 21:15:17.092,1.08899,1.08947,1.00,1.00
2018.05.08 21:15:17.630,1.08897,1.08947,1.00,1.00
2018.05.08 21:15:17.681,1.08898,1.08949,1.00,1.00
2018.05.08 21:15:19.194,1.08897,1.08947,1.69,1.00
2018.05.08 21:15:19.836,1.08898,1.08946,1.00,1.00
2018.05.08 21:15:20.374,1.08899,1.08946,1.00,1.00
2018.05.08 21:15:20.740,1.08903,1.08946,1.00,1.00
2018.05.08 21:15:21.092,1.08906,1.08948,1.00,1.00
2018.05.08 21:15:21.406,1.08906,1.08946,1.00,1.00
2018.05.08 21:15:23.153,1.08906,1.0895,1.00,1.00
2018.05.08 21:15:23.204,1.08904,1.0895,1.00,1.00
2018.05.08 21:15:23.942,1.08905,1.0895,1.00,1.00
2018.05.08 21:15:24.161,1.08906,1.08948,1.00,1.00
2018.05.08 21:15:24.984,1.08905,1.08948,1.00,1.00
2018.05.08 21:15:25.301,1.08907,1.08948,1.00,1.00
2018.05.08 21:15:26.161,1.08906,1.08948,1.00,1.00
2018.05.08 21:15:26.501,1.08905,1.08943,1.00,1.00
2018.05.08 21:15:27.297,1.08905,1.08944,1.00,1.00
2018.05.08 21:15:28.387,1.08904,1.08944,1.00,1.00
2018.05.08 21:15:28.897,1.08905,1.08944,1.00,1.00
2018.05.08 21:15:30.177,1.08905,1.08942,1.00,1.00
2018.05.08 21:15:30.399,1.08905,1.08945,1.00,1.00
2018.05.08 21:15:31.243,1.08905,1.08948,1.00,1.00
2018.05.08 21:15:31.367,1.08905,1.08945,1.00,1.00
2018.05.08 21:15:31.717,1.08904,1.08941,1.00,1.00
2018.05.08 21:15:32.900,1.08905,1.08943,1.00,1.00
2018.05.08 21:15:33.057,1.08906,1.08939,1.00,1.00
2018.05.08 21:15:34.003,1.08906,1.0894,1.00,1.00
2018.05.08 21:15:34.506,1.08906,1.08939,1.00,1.00
2018.05.08 21:15:35.171,1.08905,1.08939,1.00,1.00
2018.05.08 21:15:35.223,1.08907,1.08942,1.00,1.00
2018.05.08 21:15:35.275,1.08907,1.08936,1.00,1.00
2018.05.08 21:15:35.809,1.08906,1.08937,1.00,1.00
2018.05.08 21:15:36.217,1.08908,1.08937,1.00,1.00
2018.05.08 21:15:36.268,1.08905,1.08937,1.00,1.00
2018.05.08 21:15:36.320,1.08905,1.08943,1.00,1.00
2018.05.08 21:15:36.422,1.08902,1.08944,1.50,1.00
2018.05.08 21:15:36.474,1.08906,1.08944,1.00,1.00
2018.05.08 21:15:36.804,1.08908,1.08942,1.00,1.00
2018.05.08 21:15:37.058,1.08907,1.08944,1.00,1.00
2018.05.08 21:15:37.262,1.08909,1.08944,1.00,1.00
2018.05.08 21:15:37.364,1.08907,1.08945,1.00,1.00
2018.05.08 21:15:37.416,1.08906,1.08938,1.00,1.00
2018.05.08 21:15:37.700,1.08905,1.08944,1.00,1.00
2018.05.08 21:15:37.802,1.08906,1.08941,1.00,1.00
2018.05.08 21:15:37.906,1.08903,1.08943,1.00,1.00
2018.05.08 21:15:37.958,1.08903,1.08941,1.00,1.00
2018.05.08 21:15:38.277,1.08905,1.08937,1.00,1.00
2018.05.08 21:15:38.379,1.08905,1.0894,1.00,1.00
2018.05.08 21:15:38.636,1.08906,1.08943,1.00,1.00
2018.05.08 21:15:38.687,1.08905,1.0894,1.00,1.00
2018.05.08 21:15:38.893,1.08903,1.0894,1.00,1.00
2018.05.08 21:15:38.995,1.08905,1.0894,1.00,1.00
2018.05.08 21:15:39.202,1.08905,1.08947,1.00,1.50
2018.05.08 21:15:39.778,1.08906,1.08947,1.00,1.50
2018.05.08 21:15:40.891,1.08906,1.08946,1.00,1.00
2018.05.08 21:15:41.546,1.08906,1.08948,1.00,1.50
2018.05.08 21:15:42.069,1.08909,1.08948,1.00,1.00
2018.05.08 21:15:42.288,1.08907,1.08948,1.00,1.00
2018.05.08 21:15:42.798,1.08908,1.08947,1.00,1.00
2018.05.08 21:15:43.314,1.08907,1.08944,1.00,1.00
2018.05.08 21:15:43.622,1.08906,1.08941,1.45,1.00
2018.05.08 21:15:44.339,1.08907,1.08941,1.45,1.00
2018.05.08 21:15:44.638,1.08905,1.08941,1.95,1.00
2018.05.08 21:15:45.146,1.08906,1.08941,1.95,1.00
2018.05.08 21:15:46.016,1.08906,1.08942,1.45,1.00
2018.05.08 21:15:46.220,1.08905,1.08941,1.95,1.00
2018.05.08 21:15:46.437,1.08906,1.08941,1.45,1.00
2018.05.08 21:15:46.642,1.08905,1.08941,1.95,1.00
2018.05.08 21:15:46.898,1.08906,1.08941,1.45,1.00
2018.05.08 21:15:47.051,1.08906,1.08941,1.45,1.00
2018.05.08 21:15:47.794,1.08904,1.08938,1.45,1.00
2018.05.08 21:15:47.949,1.08904,1.0894,1.95,1.00
2018.05.08 21:15:48.517,1.08905,1.0894,1.45,1.00
2018.05.08 21:15:48.636,1.08905,1.08943,1.45,1.00
2018.05.08 21:15:48.791,1.08904,1.08941,1.95,1.00
2018.05.08 21:15:49.041,1.08905,1.08943,1.45,1.00
2018.05.08 21:15:49.687,1.08904,1.08941,1.45,1.00
2018.05.08 21:15:49.990,1.08905,1.0894,1.00,1.00
2018.05.08 21:15:50.042,1.08905,1.08937,1.95,1.00
2018.05.08 21:15:50.150,1.08903,1.08939,1.00,1.00
2018.05.08 21:15:50.202,1.08901,1.08939,1.00,1.00
2018.05.08 21:15:50.305,1.08903,1.08939,1.00,1.00
2018.05.08 21:15:50.461,1.08904,1.08941,1.00,1.00
2018.05.08 21:15:50.547,1.08901,1.08941,1.00,1.00
2018.05.08 21:15:50.789,1.08903,1.08942,1.00,1.00
2018.05.08 21:15:51.753,1.08903,1.08941,1.00,1.00
2018.05.08 21:15:52.296,1.08903,1.0894,1.00,1.00
2018.05.08 21:15:52.413,1.08903,1.08943,1.00,1.00
2018.05.08 21:15:52.569,1.08903,1.08941,1.00,1.00
2018.05.08 21:15:53.087,1.08902,1.08941,1.00,1.00
2018.05.08 21:15:53.341,1.08902,1.08944,1.00,1.00
2018.05.08 21:15:53.393,1.08904,1.08944,1.00,1.00
2018.05.08 21:15:53.495,1.08902,1.08943,1.00,1.00
2018.05.08 21:15:53.772,1.08905,1.08943,1.00,1.00
2018.05.08 21:15:53.875,1.08902,1.08942,1.00,1.00
2018.05.08 21:15:54.199,1.08905,1.08943,1.00,1.00
2018.05.08 21:15:54.302,1.08901,1.0894,1.00,1.00
2018.05.08 21:15:54.557,1.08901,1.08938,1.00,1.00
2018.05.08 21:15:54.965,1.08899,1.08938,1.00,1.00
2018.05.08 21:15:55.068,1.08902,1.08939,1.00,1.00
2018.05.08 21:15:55.394,1.08901,1.08937,1.00,1.00
2018.05.08 21:15:55.917,1.089,1.08937,1.00,1.00
2018.05.08 21:15:56.027,1.089,1.08941,1.00,1.00
2018.05.08 21:15:56.748,1.089,1.08943,1.00,1.00
2018.05.08 21:15:57.195,1.08902,1.08943,1.00,1.00
2018.05.08 21:15:57.298,1.08899,1.08943,1.00,1.00
2018.05.08 21:15:58.387,1.08903,1.08943,1.00,1.00
2018.05.08 21:15:58.492,1.08901,1.08943,1.00,1.00
2018.05.08 21:15:58.882,1.08901,1.08941,1.00,1.00
2018.05.08 21:15:59.671,1.089,1.08941,1.00,1.00
2018.05.08 21:16:00.113,1.08902,1.08949,1.00,1.00
2018.05.08 21:16:00.165,1.08906,1.08947,1.00,1.00
2018.05.08 21:16:01.287,1.08906,1.08943,1.95,1.00
2018.05.08 21:16:01.535,1.08905,1.08944,1.00,1.00
2018.05.08 21:16:03.380,1.08904,1.08944,1.00,1.00
2018.05.08 21:16:03.432,1.08904,1.08944,1.45,1.00
2018.05.08 21:16:05.418,1.08904,1.0895,1.45,1.00
2018.05.08 21:16:05.470,1.08907,1.08942,1.45,1.00
2018.05.08 21:16:05.631,1.08907,1.08945,1.45,1.00
2018.05.08 21:16:07.120,1.08909,1.08954,1.45,1.00
2018.05.08 21:16:07.172,1.08909,1.08952,1.00,1.00
2018.05.08 21:16:07.914,1.0891,1.08952,1.00,1.00
2018.05.08 21:16:08.166,1.0891,1.08946,1.00,1.00
2018.05.08 21:16:08.403,1.0891,1.08952,1.00,1.00
2018.05.08 21:16:09.087,1.0891,1.08951,1.00,1.00
2018.05.08 21:16:09.492,1.08908,1.08946,1.00,1.00
2018.05.08 21:16:09.819,1.08907,1.08951,1.45,1.00
2018.05.08 21:16:10.889,1.08907,1.08951,1.45,1.00
2018.05.08 21:16:11.620,1.08907,1.08951,1.45,1.00
2018.05.08 21:16:12.840,1.08907,1.08951,1.07,1.00
2018.05.08 21:16:12.891,1.08907,1.08951,1.45,1.00
2018.05.08 21:16:12.993,1.08907,1.08951,1.07,1.00
2018.05.08 21:16:13.062,1.08907,1.08951,1.45,1.00
2018.05.08 21:16:14.985,1.08907,1.08946,1.45,1.00
2018.05.08 21:16:15.509,1.08907,1.08947,1.45,1.00
2018.05.08 21:16:15.831,1.08907,1.08947,1.07,1.00
2018.05.08 21:16:16.038,1.08907,1.08947,1.45,1.00
2018.05.08 21:16:16.500,1.08907,1.0895,1.45,1.00
2018.05.08 21:16:17.081,1.08907,1.08944,1.45,1.00
2018.05.08 21:16:17.569,1.08907,1.08951,1.45,1.00
2018.05.08 21:16:17.939,1.08907,1.08951,1.20,1.00
2018.05.08 21:16:18.092,1.08907,1.08949,1.07,1.00
2018.05.08 21:16:18.635,1.08907,1.08948,1.07,1.00
2018.05.08 21:16:20.084,1.08907,1.08948,1.45,1.00
2018.05.08 21:16:20.244,1.08907,1.08948,1.20,1.00
2018.05.08 21:16:20.297,1.08907,1.08948,1.45,1.00
2018.05.08 21:16:20.386,1.08907,1.08948,1.45,1.00
2018.05.08 21:16:20.486,1.08907,1.08948,1.45,1.00
2018.05.08 21:16:20.537,1.08907,1.08948,1.20,1.00
2018.05.08 21:16:21.039,1.08907,1.08948,1.20,1.00
2018.05.08 21:16:21.340,1.08907,1.08948,1.45,1.00
2018.05.08 21:16:21.537,1.08907,1.08948,1.20,1.00
2018.05.08 21:16:21.593,1.08907,1.08948,1.45,1.00
2018.05.08 21:16:22.147,1.08907,1.08948,1.45,1.00
2018.05.08 21:16:25.562,1.08905,1.08948,1.45,1.50
2018.05.08 21:16:26.100,1.08905,1.08948,1.45,1.50
2018.05.08 21:16:27.553,1.08905,1.08948,1.45,1.50
2018.05.08 21:16:28.589,1.08905,1.08948,1.45,1.00
2018.05.08 21:16:29.062,1.08905,1.08944,1.45,1.00
2018.05.08 21:16:29.336,1.08905,1.08948,1.45,1.00
2018.05.08 21:16:29.844,1.08905,1.08948,1.45,1.00
2018.05.08 21:16:30.404,1.08902,1.08945,1.00,1.00
2018.05.08 21:16:30.456,1.08904,1.08944,1.45,1.00
2018.05.08 21:16:30.611,1.08905,1.08945,1.00,1.00
2018.05.08 21:16:31.138,1.08906,1.08945,1.00,1.00
2018.05.08 21:16:31.271,1.08907,1.08943,1.45,1.00
2018.05.08 21:16:31.323,1.08907,1.08943,1.00,1.00
2018.05.08 21:16:31.375,1.08899,1.08945,1.00,1.00
2018.05.08 21:16:31.427,1.08905,1.08944,1.45,1.00
2018.05.08 21:16:31.530,1.08899,1.08944,1.00,1.00
2018.05.08 21:16:31.582,1.08905,1.08939,1.95,1.00
2018.05.08 21:16:31.634,1.08905,1.08944,1.00,1.00
2018.05.08 21:16:31.685,1.08899,1.08942,1.00,1.00
2018.05.08 21:16:31.737,1.08905,1.08942,1.45,1.00
2018.05.08 21:16:31.789,1.089,1.08944,1.00,1.00
2018.05.08 21:16:31.893,1.08903,1.08944,1.00,1.00
2018.05.08 21:16:32.241,1.08904,1.08947,1.45,1.00
2018.05.08 21:16:33.129,1.08904,1.08947,1.45,1.00
2018.05.08 21:16:33.686,1.08905,1.08947,1.95,1.00
2018.05.08 21:16:34.207,1.08906,1.08942,1.45,1.00
2018.05.08 21:16:34.259,1.08905,1.08947,1.95,1.00
2018.05.08 21:16:34.312,1.08902,1.08945,1.00,1.00
2018.05.08 21:16:34.365,1.089,1.08945,1.00,1.00
2018.05.08 21:16:34.418,1.08905,1.08945,1.45,1.00
2018.05.08 21:16:34.573,1.08904,1.08946,1.00,1.00
2018.05.08 21:16:34.625,1.08905,1.08946,1.45,1.00
2018.05.08 21:16:35.325,1.08904,1.08946,1.95,1.00
2018.05.08 21:16:35.377,1.08902,1.08943,1.00,1.00
2018.05.08 21:16:35.428,1.08902,1.0894,1.00,1.00
2018.05.08 21:16:35.480,1.089,1.0894,1.00,1.00
2018.05.08 21:16:36.476,1.089,1.08938,1.00,1.00
2018.05.08 21:16:36.528,1.089,1.0894,1.00,1.00
2018.05.08 21:16:36.632,1.089,1.08938,1.00,1.00
2018.05.08 21:16:37.466,1.08899,1.08938,1.00,1.00
2018.05.08 21:16:39.541,1.08899,1.08939,1.00,1.50
2018.05.08 21:16:39.952,1.08901,1.08939,1.00,1.00
2018.05.08 21:16:40.631,1.08901,1.08944,1.00,1.00
2018.05.08 21:16:40.682,1.08904,1.08942,1.00,1.00
2018.05.08 21:16:40.991,1.08905,1.08942,1.45,1.00
2018.05.08 21:16:41.817,1.08905,1.08942,1.45,1.00
2018.05.08 21:16:41.889,1.08904,1.08942,1.95,1.00
2018.05.08 21:16:42.440,1.08905,1.08942,1.45,1.00
2018.05.08 21:16:43.141,1.08905,1.08945,1.45,1.00
2018.05.08 21:16:43.194,1.08903,1.08945,1.00,1.00
2018.05.08 21:16:46.106,1.08903,1.08944,1.00,1.00
2018.05.08 21:16:47.715,1.08903,1.08943,1.00,1.00
2018.05.08 21:16:49.106,1.08903,1.08944,1.00,1.00
2018.05.08 21:16:55.395,1.08903,1.08939,1.00,1.00
2018.05.08 21:16:56.071,1.089,1.08941,1.00,1.50
2018.05.08 21:16:56.123,1.089,1.08939,1.00,1.00
2018.05.08 21:16:56.661,1.089,1.08938,1.00,1.00
2018.05.08 21:17:00.978,1.08901,1.08938,1.00,1.00
2018.05.08 21:17:01.080,1.08899,1.08938,1.00,1.00
2018.05.08 21:17:02.286,1.08898,1.08938,1.00,1.00
2018.05.08 21:17:03.605,1.08896,1.08938,1.00,1.00
2018.05.08 21:17:04.335,1.08896,1.08939,1.00,1.00
2018.05.08 21:17:07.890,1.08896,1.08938,1.00,1.00
2018.05.08 21:17:09.537,1.08896,1.08939,1.00,1.00
2018.05.08 21:17:10.010,1.08896,1.08941,1.50,1.00
2018.05.08 21:17:10.062,1.08899,1.08941,1.00,1.00
2018.05.08 21:17:10.165,1.08899,1.08947,1.00,1.50
2018.05.08 21:17:10.216,1.08899,1.08942,1.00,1.00
2018.05.08 21:17:12.061,1.08899,1.08941,1.00,1.00
2018.05.08 21:17:13.285,1.08899,1.0894,1.00,1.00
2018.05.08 21:17:15.140,1.08899,1.08941,1.00,1.00
2018.05.08 21:17:15.484,1.08898,1.08938,1.00,1.00
2018.05.08 21:17:15.538,1.08898,1.08943,1.00,1.00
2018.05.08 21:17:15.592,1.08903,1.08943,1.00,1.00
2018.05.08 21:17:15.700,1.089,1.08943,1.00,1.00
2018.05.08 21:17:15.752,1.089,1.08938,1.00,1.00
2018.05.08 21:17:15.856,1.08897,1.08938,1.00,1.00
2018.05.08 21:17:15.909,1.08901,1.08938,1.00,1.00
2018.05.08 21:17:16.013,1.08902,1.08949,1.00,1.00
2018.05.08 21:17:16.064,1.08899,1.08949,1.00,1.00
2018.05.08 21:17:16.408,1.08899,1.08945,1.00,1.00
2018.05.08 21:17:17.012,1.08901,1.08945,1.00,1.00
2018.05.08 21:17:17.525,1.08901,1.08947,1.00,1.00
2018.05.08 21:17:18.033,1.08902,1.08943,1.45,1.00
2018.05.08 21:17:18.838,1.08902,1.08943,1.20,1.00
2018.05.08 21:17:18.890,1.08902,1.08943,1.95,1.00
2018.05.08 21:17:19.086,1.08902,1.08941,1.00,1.00
2018.05.08 21:17:19.190,1.08899,1.08942,1.00,1.00
2018.05.08 21:17:19.242,1.08899,1.08937,1.00,1.00
2018.05.08 21:17:19.398,1.08901,1.08944,1.00,1.00
2018.05.08 21:17:19.603,1.08899,1.08943,1.00,1.00
2018.05.08 21:17:19.910,1.08901,1.08942,1.00,1.00
2018.05.08 21:17:19.962,1.08899,1.08942,1.00,1.00
2018.05.08 21:17:20.207,1.08897,1.08942,1.00,1.00
2018.05.08 21:17:20.281,1.08899,1.08942,1.00,1.00
2018.05.08 21:17:20.487,1.08895,1.0894,1.00,1.00
2018.05.08 21:17:20.787,1.08895,1.08938,1.00,1.00
2018.05.08 21:17:21.017,1.08895,1.0894,1.00,1.00
2018.05.08 21:17:21.069,1.08897,1.0894,1.00,1.00
2018.05.08 21:17:21.285,1.08895,1.08939,1.00,1.00
2018.05.08 21:17:21.526,1.08895,1.08941,1.00,1.00
2018.05.08 21:17:21.578,1.08898,1.08941,1.00,1.00
2018.05.08 21:17:21.891,1.08895,1.08938,1.00,1.00
2018.05.08 21:17:21.943,1.08895,1.08941,1.00,1.00
2018.05.08 21:17:21.994,1.08897,1.08941,1.00,1.00
2018.05.08 21:17:22.389,1.08895,1.08939,1.00,1.00
2018.05.08 21:17:22.930,1.08896,1.0894,1.00,1.00
2018.05.08 21:17:23.085,1.08894,1.08939,1.00,1.00
2018.05.08 21:17:23.364,1.08896,1.0894,1.00,1.50
2018.05.08 21:17:23.889,1.08897,1.08939,1.00,1.00
2018.05.08 21:17:23.992,1.08894,1.08939,1.00,1.00
2018.05.08 21:17:24.498,1.08896,1.08938,1.00,1.00
2018.05.08 21:17:25.228,1.08896,1.0894,1.00,1.50
2018.05.08 21:17:25.886,1.08896,1.08939,1.00,1.00
2018.05.08 21:17:27.400,1.08901,1.08945,1.45,1.00
2018.05.08 21:17:27.711,1.08899,1.08942,1.95,1.00
2018.05.08 21:17:27.764,1.08902,1.08936,1.00,1.00
2018.05.08 21:17:27.816,1.08902,1.08948,1.00,1.00
2018.05.08 21:17:27.869,1.08903,1.08946,1.00,1.00
2018.05.08 21:17:28.023,1.08903,1.08948,1.00,1.00
2018.05.08 21:17:28.838,1.08903,1.08944,1.00,1.00
2018.05.08 21:17:28.890,1.089,1.08944,1.00,1.00
2018.05.08 21:17:29.126,1.08902,1.08944,1.45,1.00
2018.05.08 21:17:29.903,1.089,1.08946,1.45,1.00
2018.05.08 21:17:30.110,1.08898,1.08946,1.00,1.50
2018.05.08 21:17:30.442,1.089,1.08943,1.45,1.00
2018.05.08 21:17:30.889,1.08899,1.08939,1.00,1.00
2018.05.08 21:17:31.434,1.08898,1.08939,1.00,1.00
2018.05.08 21:17:31.936,1.08898,1.08945,1.00,1.50
2018.05.08 21:17:32.486,1.08897,1.08945,1.00,1.00
2018.05.08 21:17:32.976,1.08901,1.08944,1.45,1.00
2018.05.08 21:17:33.672,1.089,1.08947,1.95,1.00
2018.05.08 21:17:33.724,1.089,1.08942,1.95,1.00
2018.05.08 21:17:34.237,1.08901,1.08943,1.45,1.00
2018.05.08 21:17:34.680,1.08902,1.08943,1.45,1.00
2018.05.08 21:17:35.285,1.08902,1.08942,1.45,1.00
2018.05.08 21:17:37.391,1.08901,1.08942,1.95,1.00
2018.05.08 21:17:37.933,1.08901,1.08943,1.95,1.00
2018.05.08 21:17:38.781,1.08902,1.08946,1.45,1.00
2018.05.08 21:17:38.833,1.08902,1.08948,1.45,1.00
2018.05.08 21:17:39.410,1.08901,1.08949,1.00,1.00
2018.05.08 21:17:39.953,1.08901,1.0895,1.95,2.25
2018.05.08 21:17:40.482,1.08901,1.08949,1.95,2.25
2018.05.08 21:17:40.842,1.08902,1.08948,1.45,1.00
2018.05.08 21:17:41.236,1.08901,1.08945,1.45,1.00
2018.05.08 21:17:41.940,1.08901,1.08949,1.45,1.50
2018.05.08 21:17:41.992,1.089,1.08945,1.45,1.00
2018.05.08 21:17:42.198,1.08902,1.08952,1.95,1.50
2018.05.08 21:17:42.455,1.08904,1.08947,1.45,1.00
2018.05.08 21:17:42.558,1.08904,1.08951,1.45,1.00
2018.05.08 21:17:42.712,1.08901,1.08951,1.45,1.50
2018.05.08 21:17:42.935,1.08903,1.08951,1.45,1.00
2018.05.08 21:17:43.238,1.08902,1.08948,1.45,1.00
2018.05.08 21:17:43.603,1.08902,1.08951,1.45,1.50
2018.05.08 21:17:43.655,1.08902,1.08949,1.45,1.00
2018.05.08 21:17:43.759,1.08901,1.08951,1.95,1.00
2018.05.08 21:17:43.811,1.08901,1.08946,1.95,1.00
2018.05.08 21:17:43.916,1.08902,1.08948,1.45,1.00
2018.05.08 21:17:43.968,1.08901,1.0895,1.00,1.00
2018.05.08 21:17:44.021,1.08902,1.08949,1.45,1.00
2018.05.08 21:17:44.074,1.08902,1.08951,1.45,1.00
2018.05.08 21:17:44.125,1.08902,1.08947,1.45,1.00
2018.05.08 21:17:44.177,1.08901,1.08951,1.00,1.00
2018.05.08 21:17:44.983,1.08902,1.08951,1.45,1.50
2018.05.08 21:17:45.307,1.08906,1.08947,1.45,1.50
2018.05.08 21:17:45.359,1.08902,1.0895,1.95,1.00
2018.05.08 21:17:45.411,1.08901,1.08938,1.45,1.00
2018.05.08 21:17:45.545,1.08901,1.08944,1.95,1.00
2018.05.08 21:17:45.597,1.08901,1.08946,1.00,1.00
2018.05.08 21:17:46.137,1.089,1.08946,1.00,1.00
2018.05.08 21:17:46.487,1.08901,1.08948,1.45,1.00
2018.05.08 21:17:47.015,1.08902,1.08941,1.45,1.00
2018.05.08 21:17:47.067,1.08901,1.08943,1.45,1.00
2018.05.08 21:17:47.170,1.08905,1.08951,1.45,1.00
2018.05.08 21:17:47.222,1.08902,1.08948,1.00,1.00
2018.05.08 21:17:47.274,1.08904,1.0894,1.45,1.00
2018.05.08 21:17:47.326,1.08902,1.08939,1.45,1.00
2018.05.08 21:17:47.378,1.08902,1.0895,1.45,1.50
2018.05.08 21:17:47.926,1.08901,1.0895,1.95,1.50
2018.05.08 21:17:48.357,1.08901,1.08943,1.95,1.00
2018.05.08 21:17:48.410,1.08904,1.08946,1.00,1.00
2018.05.08 21:17:48.462,1.089,1.08947,1.95,1.50
2018.05.08 21:17:48.567,1.08901,1.08941,1.00,1.50
2018.05.08 21:17:48.620,1.08901,1.08946,1.00,1.00
2018.05.08 21:17:48.673,1.08898,1.08942,1.00,1.00
2018.05.08 21:17:48.881,1.08902,1.08949,1.00,1.50
2018.05.08 21:17:48.933,1.089,1.08947,1.45,1.00
2018.05.08 21:17:49.487,1.089,1.08945,1.45,1.00
2018.05.08 21:17:50.447,1.08901,1.08946,1.45,1.00
2018.05.08 21:17:50.600,1.089,1.08947,1.45,1.00
2018.05.08 21:17:50.652,1.08899,1.08947,1.00,1.00
2018.05.08 21:17:50.703,1.08901,1.08949,1.45,1.00
2018.05.08 21:17:51.009,1.08901,1.08938,1.95,1.00
2018.05.08 21:17:51.111,1.08901,1.08947,1.45,1.00
2018.05.08 21:17:51.637,1.08901,1.08947,1.45,1.00
2018.05.08 21:17:52.488,1.08901,1.08945,1.45,1.00
2018.05.08 21:17:54.133,1.08902,1.08945,1.45,1.00
2018.05.08 21:17:55.166,1.08901,1.08945,1.45,1.50
2018.05.08 21:17:57.109,1.08901,1.08944,1.95,1.00
2018.05.08 21:17:59.995,1.08902,1.08945,1.95,1.00
2018.05.08 21:18:00.526,1.089,1.08945,1.95,1.00
2018.05.08 21:18:03.881,1.089,1.08944,1.95,1.00
2018.05.08 21:18:05.374,1.089,1.08942,1.45,1.00
2018.05.08 21:18:05.426,1.089,1.08944,1.45,1.00
2018.05.08 21:18:05.478,1.08903,1.08948,1.45,1.00
2018.05.08 21:18:05.531,1.08903,1.08939,1.00,1.00
2018.05.08 21:18:05.667,1.08899,1.08938,1.00,1.50
2018.05.08 21:18:05.721,1.08899,1.08938,1.45,1.00
2018.05.08 21:18:05.875,1.08898,1.08947,1.00,1.00
2018.05.08 21:18:05.927,1.08898,1.08939,1.00,1.00
2018.05.08 21:18:05.979,1.08896,1.08939,1.00,1.00
2018.05.08 21:18:06.031,1.08896,1.08946,1.50,1.00
2018.05.08 21:18:06.083,1.08898,1.08946,1.00,1.00
2018.05.08 21:18:07.316,1.089,1.08946,1.45,1.00
2018.05.08 21:18:07.884,1.089,1.08945,1.45,1.00
2018.05.08 21:18:08.392,1.08901,1.08945,1.45,1.00
2018.05.08 21:18:08.800,1.08898,1.08945,1.00,1.00
2018.05.08 21:18:08.852,1.089,1.08945,1.45,1.00
2018.05.08 21:18:10.132,1.08902,1.08946,1.45,1.00
2018.05.08 21:18:10.185,1.08896,1.08944,1.00,1.00
2018.05.08 21:18:10.237,1.08896,1.0894,1.00,1.00
2018.05.08 21:18:10.340,1.08899,1.08944,1.00,1.00
2018.05.08 21:18:10.596,1.08897,1.08944,1.00,1.00
2018.05.08 21:18:11.026,1.08897,1.08941,1.00,1.00
2018.05.08 21:18:11.563,1.08893,1.08941,1.50,1.50
2018.05.08 21:18:15.445,1.08892,1.0894,1.00,1.00
2018.05.08 21:18:15.990,1.08891,1.0894,1.00,1.00
2018.05.08 21:18:17.354,1.08893,1.08942,1.00,1.00
2018.05.08 21:18:17.921,1.08894,1.0894,1.00,1.00
2018.05.08 21:18:18.294,1.08894,1.08942,1.50,1.00
2018.05.08 21:18:18.837,1.08895,1.08942,1.00,1.00
2018.05.08 21:18:19.216,1.08896,1.08944,1.00,1.00
2018.05.08 21:18:19.433,1.08895,1.08942,1.00,1.00
2018.05.08 21:18:19.746,1.08894,1.08938,1.50,1.00
2018.05.08 21:18:19.849,1.08894,1.08941,1.50,1.00
2018.05.08 21:18:20.237,1.08894,1.08944,1.50,1.00
2018.05.08 21:18:20.442,1.08895,1.08941,1.00,1.00
2018.05.08 21:18:20.494,1.08893,1.08941,1.00,1.50
2018.05.08 21:18:21.229,1.08892,1.0894,1.00,1.00
2018.05.08 21:18:23.601,1.08892,1.08942,1.50,1.50
2018.05.08 21:18:24.164,1.08905,1.08946,1.00,1.00
2018.05.08 21:18:24.217,1.08894,1.08941,1.00,1.00
2018.05.08 21:18:24.270,1.08896,1.08943,1.50,1.00
2018.05.08 21:18:24.477,1.08898,1.08947,1.00,1.00
2018.05.08 21:18:25.444,1.08898,1.08944,1.00,1.00
2018.05.08 21:18:25.598,1.08896,1.08944,1.00,1.00
2018.05.08 21:18:26.461,1.08895,1.08944,1.00,1.00
2018.05.08 21:18:26.666,1.08897,1.08944,1.00,1.00
2018.05.08 21:18:26.894,1.08895,1.08944,1.00,1.00
2018.05.08 21:18:27.085,1.08899,1.08942,1.00,1.00
2018.05.08 21:18:27.136,1.08897,1.08942,1.00,1.00
2018.05.08 21:18:27.241,1.08897,1.08945,1.00,1.00
2018.05.08 21:18:27.508,1.08895,1.0894,1.00,1.00
2018.05.08 21:18:27.673,1.08897,1.08945,1.00,1.00
2018.05.08 21:18:27.725,1.089,1.08945,1.00,1.00
2018.05.08 21:18:27.777,1.08892,1.08943,1.00,1.00
2018.05.08 21:18:27.982,1.08894,1.08943,1.00,1.00
2018.05.08 21:18:28.485,1.08894,1.08942,1.00,1.00
2018.05.08 21:18:28.839,1.08894,1.08944,1.00,1.00
2018.05.08 21:18:28.993,1.08898,1.08947,1.00,1.00
2018.05.08 21:18:29.689,1.08897,1.08947,1.50,1.00
2018.05.08 21:18:29.976,1.08895,1.08946,1.50,1.50
2018.05.08 21:18:30.387,1.08895,1.08943,1.00,1.00
2018.05.08 21:18:30.764,1.08897,1.08942,1.00,1.00
2018.05.08 21:18:31.037,1.08893,1.08942,1.00,1.00
2018.05.08 21:18:31.090,1.08893,1.08936,1.00,1.00
2018.05.08 21:18:31.142,1.08893,1.08942,1.50,1.50
2018.05.08 21:18:31.194,1.089,1.08945,1.00,1.00
2018.05.08 21:18:31.299,1.0889,1.08939,1.00,1.50
2018.05.08 21:18:31.839,1.08891,1.08939,1.00,1.00
2018.05.08 21:18:32.345,1.0889,1.08939,1.50,1.50
2018.05.08 21:18:32.549,1.0889,1.08936,1.00,1.00
2018.05.08 21:18:32.705,1.08892,1.0894,1.00,1.50
2018.05.08 21:18:32.757,1.08894,1.0894,1.00,1.00
2018.05.08 21:18:33.271,1.08894,1.08941,1.00,1.00
2018.05.08 21:18:33.786,1.08894,1.08942,1.00,1.00
2018.05.08 21:18:34.289,1.08893,1.0894,1.00,1.00
2018.05.08 21:18:34.628,1.08897,1.08942,1.00,1.00
2018.05.08 21:18:34.680,1.08899,1.08947,1.00,1.00
2018.05.08 21:18:34.992,1.08898,1.08949,1.00,1.00
2018.05.08 21:18:35.095,1.08898,1.08943,1.00,1.00
2018.05.08 21:18:35.148,1.08898,1.08949,1.00,1.50
2018.05.08 21:18:35.200,1.08901,1.08949,1.45,1.00
2018.05.08 21:18:35.303,1.08902,1.08952,1.45,1.00
2018.05.08 21:18:36.631,1.08901,1.0895,1.95,1.00
2018.05.08 21:18:37.192,1.08902,1.08951,1.95,1.00
2018.05.08 21:18:37.849,1.08902,1.08951,1.45,1.00
2018.05.08 21:18:38.003,1.08902,1.08948,1.45,1.00
2018.05.08 21:18:38.503,1.08896,1.08942,1.45,1.00
2018.05.08 21:18:38.556,1.08895,1.08935,1.00,1.00
2018.05.08 21:18:38.608,1.08887,1.08938,1.50,2.25
2018.05.08 21:18:38.660,1.08888,1.08935,1.00,1.00
2018.05.08 21:18:38.969,1.08892,1.08933,1.00,1.00
2018.05.08 21:18:39.021,1.08885,1.08933,1.00,1.00
2018.05.08 21:18:39.175,1.08888,1.08934,1.00,1.00
2018.05.08 21:18:39.506,1.0889,1.08934,1.00,1.00
2018.05.08 21:18:39.630,1.08886,1.08934,1.00,1.00
2018.05.08 21:18:39.681,1.08887,1.08935,1.87,1.50
2018.05.08 21:18:39.989,1.08891,1.08935,1.00,1.50
2018.05.08 21:18:40.749,1.08891,1.08936,1.00,1.00
2018.05.08 21:18:40.854,1.08891,1.08939,1.00,1.00
2018.05.08 21:18:41.936,1.08894,1.08941,1.00,1.00
2018.05.08 21:18:42.368,1.08894,1.08939,1.00,1.00
2018.05.08 21:18:42.805,1.08894,1.08935,1.00,1.00
2018.05.08 21:18:42.964,1.0889,1.08934,1.00,1.00
2018.05.08 21:18:43.016,1.08888,1.08936,1.50,1.50
2018.05.08 21:18:43.307,1.08891,1.08936,1.00,1.00
2018.05.08 21:18:43.796,1.08891,1.08934,1.00,1.00
2018.05.08 21:18:44.016,1.08891,1.08937,1.00,1.00
2018.05.08 21:18:48.099,1.08892,1.08934,1.00,1.00
2018.05.08 21:18:48.745,1.08892,1.08933,1.00,1.00
2018.05.08 21:18:49.067,1.08889,1.08933,1.00,1.00
2018.05.08 21:18:50.242,1.08888,1.08933,1.00,1.00
2018.05.08 21:18:53.768,1.0889,1.08936,1.00,1.00
2018.05.08 21:18:53.821,1.08892,1.08937,1.00,1.00
2018.05.08 21:18:53.978,1.08891,1.08942,1.50,1.00
2018.05.08 21:18:54.082,1.08893,1.08936,1.00,1.00
2018.05.08 21:18:54.135,1.0889,1.08935,1.00,1.00
2018.05.08 21:18:54.188,1.08892,1.08935,1.00,1.00
2018.05.08 21:18:54.291,1.0889,1.08935,1.50,1.00
2018.05.08 21:18:54.343,1.08894,1.08935,1.00,1.00
2018.05.08 21:18:54.395,1.08894,1.08941,1.00,1.00
2018.05.08 21:18:55.019,1.08894,1.0894,1.00,1.00
2018.05.08 21:18:55.549,1.08894,1.08941,1.00,1.00
2018.05.08 21:18:55.769,1.08896,1.08942,1.00,1.00
2018.05.08 21:18:55.873,1.0889,1.08937,1.00,1.00
2018.05.08 21:18:56.133,1.08894,1.08937,1.00,1.00
2018.05.08 21:18:56.885,1.0889,1.08937,1.00,1.00
2018.05.08 21:18:57.963,1.08891,1.08939,1.50,1.00
2018.05.08 21:18:58.116,1.08894,1.08939,1.00,1.00
2018.05.08 21:18:58.893,1.08895,1.08939,1.00,1.00
2018.05.08 21:18:58.945,1.08893,1.08939,1.00,1.00
2018.05.08 21:18:59.702,1.08893,1.0894,1.00,1.50
2018.05.08 21:19:00.008,1.08894,1.08937,1.00,1.00
2018.05.08 21:19:00.959,1.08889,1.08937,2.25,1.50
2018.05.08 21:19:01.469,1.0889,1.0894,1.00,1.00
2018.05.08 21:19:03.161,1.08894,1.0894,1.00,1.00
2018.05.08 21:19:04.963,1.0889,1.08937,1.00,1.00
2018.05.08 21:19:05.994,1.08892,1.0894,1.00,1.00
2018.05.08 21:19:07.560,1.08892,1.08941,1.00,1.50
2018.05.08 21:19:07.744,1.08888,1.08934,1.00,1.00
2018.05.08 21:19:07.849,1.08887,1.08937,1.00,1.00
2018.05.08 21:19:07.954,1.08887,1.08932,1.00,1.50
