2014.03.24 07:00:01.031,1.16,1.16012,2.03,1.19
2014.03.24 07:00:01.334,1.16003,1.16014,2.78,1.15
2014.03.24 07:00:01.485,1.16003,1.16019,3.45,1.32
2014.03.24 07:00:01.789,1.16004,1.1602,1.15,2.37
2014.03.24 07:00:02.304,1.16005,1.1602,1.15,1.50
2014.03.24 07:00:02.902,1.16006,1.1602,1.00,1.00
2014.03.24 07:00:04.697,1.16006,1.1602,1.00,1.93
2014.03.24 07:00:04.899,1.16006,1.1602,1.00,1.87
2014.03.24 07:00:05.487,1.16006,1.16018,1.00,1.62
2014.03.24 07:00:05.750,1.16004,1.16018,2.78,1.62
2014.03.24 07:00:06.694,1.16004,1.16018,1.00,1.87
2014.03.24 07:00:06.948,1.16002,1.16018,1.43,1.62
2014.03.24 07:00:07.461,1.16,1.16015,2.22,1.00
2014.03.24 07:00:07.613,1.16,1.16012,2.22,1.00
2014.03.24 07:00:07.915,1.16,1.16012,1.62,2.78
2014.03.24 07:00:09.088,1.15999,1.16012,1.62,2.78
2014.03.24 07:00:09.667,1.16001,1.16017,1.43,1.54
2014.03.24 07:00:09.870,1.16001,1.16017,1.00,1.24
2014.03.24 07:00:10.512,1.16001,1.16017,1.00,1.24
2014.03.24 07:00:13.271,1.16001,1.16017,1.00,1.24
2014.03.24 07:00:13.518,1.16001,1.16015,1.00,1.15
2014.03.24 07:00:14.034,1.16001,1.16017,1.00,1.24
2014.03.24 07:00:14.694,1.16001,1.16015,1.00,1.15
2014.03.24 07:00:15.357,1.16001,1.16017,1.00,1.99
2014.03.24 07:00:16.282,1.16001,1.16014,1.00,1.05
2014.03.24 07:00:17.005,1.16001,1.16014,1.00,1.05
2014.03.24 07:00:18.761,1.16001,1.16014,1.00,1.05
2014.03.24 07:00:19.297,1.16001,1.16017,1.68,2.07
2014.03.24 07:00:23.395,1.16003,1.16017,2.03,2.07
2014.03.24 07:00:28.133,1.16003,1.1602,4.88,3.49
2014.03.24 07:00:28.234,1.16005,1.1602,3.38,2.07
2014.03.24 07:00:28.335,1.16005,1.16021,4.13,1.24
2014.03.24 07:00:28.587,1.16006,1.1602,2.70,1.32
2014.03.24 07:00:29.125,1.16006,1.1602,2.70,1.32
2014.03.24 07:00:29.241,1.16006,1.16022,2.70,3.57
2014.03.24 07:00:29.748,1.16008,1.16022,3.45,1.19
2014.03.24 07:00:30.467,1.16005,1.16019,2.70,1.00
2014.03.24 07:00:31.744,1.16002,1.16019,1.87,1.00
2014.03.24 07:00:32.072,1.16002,1.16019,1.87,2.78
2014.03.24 07:00:33.120,1.16002,1.16016,1.87,1.00
2014.03.24 07:00:33.171,1.16001,1.16016,1.24,1.00
2014.03.24 07:00:33.272,1.15999,1.16016,1.87,1.00
2014.03.24 07:00:33.373,1.15999,1.16016,1.87,1.00
2014.03.24 07:00:33.626,1.15999,1.16016,1.87,1.00
2014.03.24 07:00:33.676,1.15997,1.16014,4.77,1.00
2014.03.24 07:00:34.045,1.15998,1.16014,1.24,1.00
2014.03.24 07:00:34.564,1.15998,1.16014,1.24,1.00
2014.03.24 07:00:36.921,1.15998,1.16014,1.24,1.00
2014.03.24 07:00:37.801,1.15998,1.16014,1.87,1.00
2014.03.24 07:00:38.780,1.15998,1.16014,1.99,1.00
2014.03.24 07:00:38.931,1.16003,1.16017,1.68,1.00
2014.03.24 07:00:39.517,1.16003,1.16019,1.68,1.19
2014.03.24 07:00:40.794,1.16005,1.16022,1.68,3.34
2014.03.24 07:00:46.117,1.16005,1.16022,1.00,1.99
2014.03.24 07:00:46.779,1.16005,1.16022,1.00,1.99
2014.03.24 07:00:53.149,1.16003,1.16019,1.19,1.68
2014.03.24 07:00:53.200,1.16003,1.16019,1.19,1.68
2014.03.24 07:00:53.832,1.16002,1.16019,1.25,1.87
2014.03.24 07:00:57.822,1.16002,1.16018,1.25,1.83
2014.03.24 07:00:57.974,1.16,1.16017,1.25,1.87
2014.03.24 07:00:58.354,1.16,1.16017,1.19,1.68
2014.03.24 07:01:00.245,1.16,1.16017,1.62,1.68
2014.03.24 07:01:00.563,1.16004,1.16019,2.22,1.05
2014.03.24 07:01:00.866,1.16006,1.16021,1.19,1.68
2014.03.24 07:01:03.441,1.16006,1.16023,1.19,1.93
2014.03.24 07:01:05.480,1.16006,1.16023,1.25,1.87
2014.03.24 07:01:06.143,1.16004,1.16021,1.19,1.93
2014.03.24 07:01:07.001,1.16004,1.16021,1.25,1.87
2014.03.24 07:01:07.512,1.16003,1.16018,1.19,1.68
2014.03.24 07:01:08.055,1.16001,1.16018,1.69,1.68
2014.03.24 07:01:08.482,1.15999,1.16016,1.19,3.83
2014.03.24 07:01:08.633,1.15996,1.16013,2.37,1.68
2014.03.24 07:01:09.592,1.15996,1.16013,2.37,1.43
2014.03.24 07:01:09.693,1.15997,1.16012,1.62,1.00
2014.03.24 07:01:09.795,1.15997,1.16012,1.15,1.00
2014.03.24 07:01:12.032,1.15999,1.16012,1.00,1.00
2014.03.24 07:01:12.134,1.15999,1.16016,1.25,3.64
2014.03.24 07:01:14.567,1.15997,1.16013,2.89,1.00
2014.03.24 07:01:15.071,1.15997,1.16014,1.87,1.43
2014.03.24 07:01:15.631,1.15999,1.16015,1.62,1.15
2014.03.24 07:01:15.682,1.16001,1.16015,1.00,1.15
2014.03.24 07:01:16.189,1.16001,1.16016,1.00,1.15
2014.03.24 07:01:16.718,1.16001,1.16017,1.00,1.87
2014.03.24 07:01:17.248,1.15999,1.16016,1.62,1.93
2014.03.24 07:01:17.552,1.15997,1.16013,1.87,1.00
2014.03.24 07:01:17.754,1.15997,1.16013,1.15,1.62
2014.03.24 07:01:17.856,1.15996,1.16013,1.25,1.87
2014.03.24 07:01:18.214,1.15998,1.16015,1.88,2.37
2014.03.24 07:01:18.315,1.15999,1.16015,1.05,2.37
2014.03.24 07:01:18.467,1.15996,1.16013,1.99,1.25
2014.03.24 07:01:18.720,1.15996,1.16012,1.19,1.68
2014.03.24 07:01:19.255,1.15996,1.16013,1.00,1.87
2014.03.24 07:01:19.760,1.15997,1.16014,1.62,1.68
2014.03.24 07:01:23.444,1.15997,1.16014,2.37,1.00
2014.03.24 07:01:24.115,1.15999,1.16016,1.19,1.68
2014.03.24 07:01:25.537,1.15999,1.16016,1.19,1.80
2014.03.24 07:01:26.096,1.15999,1.16016,1.19,1.99
2014.03.24 07:01:26.766,1.15999,1.16016,1.19,1.99
2014.03.24 07:01:27.841,1.15999,1.16016,1.62,1.93
2014.03.24 07:01:30.946,1.16,1.16016,1.15,1.62
2014.03.24 07:01:31.971,1.15999,1.16016,1.62,1.93
2014.03.24 07:01:32.704,1.16,1.16016,1.15,1.62
2014.03.24 07:01:34.152,1.15999,1.16016,1.62,1.93
2014.03.24 07:01:34.660,1.15999,1.16015,1.62,1.15
2014.03.24 07:01:35.400,1.15999,1.16016,1.93,1.62
2014.03.24 07:01:35.904,1.16,1.16016,1.15,1.62
2014.03.24 07:01:36.370,1.16,1.16014,1.15,1.00
2014.03.24 07:01:37.101,1.15998,1.16014,1.87,1.00
2014.03.24 07:01:37.480,1.16001,1.16016,1.15,1.00
2014.03.24 07:01:39.297,1.15999,1.16016,1.62,1.68
2014.03.24 07:01:39.499,1.15999,1.16015,1.25,1.68
2014.03.24 07:01:40.765,1.15999,1.16016,1.62,5.52
2014.03.24 07:01:40.961,1.15999,1.16015,1.25,2.70
2014.03.24 07:01:41.701,1.15997,1.16012,1.15,3.45
2014.03.24 07:01:42.217,1.15996,1.16013,1.19,1.68
2014.03.24 07:01:42.722,1.15998,1.16014,1.00,1.93
2014.03.24 07:01:43.277,1.15998,1.16015,1.00,4.39
2014.03.24 07:01:43.831,1.15997,1.16013,1.15,1.68
2014.03.24 07:01:44.392,1.15998,1.16013,1.00,1.68
2014.03.24 07:01:44.914,1.15997,1.16013,1.15,1.68
2014.03.24 07:01:47.149,1.15998,1.16013,1.00,1.68
2014.03.24 07:01:47.452,1.15997,1.1601,1.15,1.00
2014.03.24 07:01:47.761,1.15989,1.16004,1.19,1.68
2014.03.24 07:01:48.297,1.15988,1.16004,1.62,1.43
2014.03.24 07:01:48.601,1.15993,1.16007,1.00,1.93
2014.03.24 07:01:49.588,1.15993,1.16007,1.00,1.93
2014.03.24 07:01:49.992,1.15993,1.1601,1.69,1.93
2014.03.24 07:01:52.432,1.15993,1.16007,1.25,1.00
2014.03.24 07:01:53.005,1.15993,1.16006,1.00,2.70
2014.03.24 07:01:53.106,1.1599,1.16003,1.00,2.70
2014.03.24 07:01:53.207,1.15986,1.16001,1.54,1.00
2014.03.24 07:01:53.258,1.15986,1.16001,1.05,1.00
2014.03.24 07:01:53.410,1.15983,1.15999,2.37,1.00
2014.03.24 07:01:57.514,1.15984,1.15999,1.87,1.00
2014.03.24 07:01:57.722,1.15985,1.16002,1.87,1.00
2014.03.24 07:01:58.263,1.15986,1.16002,1.15,1.43
2014.03.24 07:01:58.365,1.15988,1.16002,1.43,1.00
2014.03.24 07:02:02.563,1.15988,1.16002,1.93,1.00
2014.03.24 07:02:03.088,1.15988,1.16003,1.87,2.03
2014.03.24 07:02:03.698,1.15988,1.16004,1.87,1.00
2014.03.24 07:02:05.220,1.15988,1.16004,1.87,1.00
2014.03.24 07:02:05.321,1.15988,1.16004,1.87,1.00
2014.03.24 07:02:05.837,1.15988,1.16004,1.87,2.78
2014.03.24 07:02:06.255,1.15988,1.16004,1.68,2.97
2014.03.24 07:02:06.306,1.15988,1.16004,1.68,1.25
2014.03.24 07:02:06.851,1.1599,1.16007,1.68,4.39
2014.03.24 07:02:06.902,1.1599,1.16007,1.93,2.37
2014.03.24 07:02:07.053,1.1599,1.16007,3.64,1.69
2014.03.24 07:02:11.969,1.15993,1.1601,2.18,1.69
2014.03.24 07:02:12.304,1.15993,1.1601,1.50,2.37
2014.03.24 07:02:12.358,1.15993,1.16009,2.18,2.22
2014.03.24 07:02:12.459,1.15993,1.16009,1.50,2.89
2014.03.24 07:02:12.960,1.15993,1.16009,1.50,3.64
2014.03.24 07:02:15.000,1.15993,1.16009,2.18,2.89
2014.03.24 07:02:15.051,1.15998,1.16009,1.00,2.89
2014.03.24 07:02:15.102,1.15998,1.1601,1.00,3.72
2014.03.24 07:02:16.151,1.15993,1.1601,1.93,1.69
2014.03.24 07:02:16.202,1.15993,1.1601,1.93,2.37
2014.03.24 07:02:16.404,1.1599,1.16006,1.62,1.00
2014.03.24 07:02:16.645,1.15989,1.16006,1.87,1.43
2014.03.24 07:02:16.747,1.15989,1.16003,1.15,1.00
2014.03.24 07:02:17.108,1.15986,1.16,1.05,1.00
2014.03.24 07:02:18.464,1.15988,1.16,1.00,1.00
2014.03.24 07:02:18.790,1.15986,1.16,1.05,1.00
2014.03.24 07:02:25.546,1.15986,1.16002,1.05,1.93
2014.03.24 07:02:26.115,1.15986,1.16002,1.47,1.62
2014.03.24 07:02:27.116,1.15986,1.16002,1.84,1.62
2014.03.24 07:02:27.318,1.15987,1.16004,1.80,1.62
2014.03.24 07:02:27.369,1.15987,1.16004,1.99,1.62
2014.03.24 07:02:27.757,1.15988,1.16004,4.02,1.00
2014.03.24 07:02:28.060,1.15993,1.16007,1.00,1.69
2014.03.24 07:02:28.162,1.15993,1.16007,1.00,1.25
2014.03.24 07:02:29.028,1.15991,1.16007,1.15,1.62
2014.03.24 07:02:30.597,1.1599,1.16007,1.99,1.25
2014.03.24 07:02:31.799,1.1599,1.16007,1.19,2.37
2014.03.24 07:02:32.304,1.1599,1.16007,1.00,2.37
2014.03.24 07:02:35.349,1.1599,1.16004,2.85,1.15
2014.03.24 07:02:35.501,1.15991,1.16006,1.28,1.15
2014.03.24 07:02:35.552,1.1599,1.16007,3.04,1.87
2014.03.24 07:02:36.111,1.15991,1.16006,1.28,1.15
2014.03.24 07:02:37.097,1.15992,1.16007,1.28,1.25
2014.03.24 07:02:37.606,1.15991,1.16007,1.75,1.93
2014.03.24 07:02:39.080,1.15991,1.16007,1.75,1.25
2014.03.24 07:02:40.189,1.15995,1.1601,1.00,1.87
2014.03.24 07:02:42.167,1.15998,1.1601,1.00,1.19
2014.03.24 07:02:42.318,1.15998,1.16012,1.00,1.19
2014.03.24 07:02:42.778,1.15995,1.16012,1.68,1.19
2014.03.24 07:02:42.939,1.15996,1.16012,2.78,1.19
2014.03.24 07:02:43.462,1.15998,1.16012,1.28,1.00
2014.03.24 07:02:44.074,1.15999,1.16012,1.73,1.50
2014.03.24 07:02:49.541,1.15999,1.16015,1.28,1.19
2014.03.24 07:02:49.970,1.16,1.16017,1.68,1.69
2014.03.24 07:02:52.562,1.16005,1.16018,1.68,1.19
2014.03.24 07:02:53.048,1.16005,1.1602,3.45,1.19
2014.03.24 07:02:53.551,1.16005,1.1602,1.00,1.62
2014.03.24 07:02:53.652,1.16003,1.16019,1.68,1.19
2014.03.24 07:02:54.200,1.16003,1.16019,1.43,1.99
2014.03.24 07:02:54.869,1.16003,1.16019,1.68,1.19
2014.03.24 07:02:55.279,1.16003,1.1602,1.68,1.69
2014.03.24 07:02:55.866,1.16003,1.1602,1.68,1.69
2014.03.24 07:02:57.640,1.16003,1.1602,1.68,2.74
2014.03.24 07:02:58.356,1.16003,1.16019,1.68,1.19
2014.03.24 07:02:59.469,1.16003,1.16019,1.43,1.62
2014.03.24 07:02:59.621,1.16001,1.16016,1.00,1.62
2014.03.24 07:02:59.722,1.16001,1.16015,1.00,1.24
2014.03.24 07:02:59.924,1.15996,1.16012,1.43,1.24
2014.03.24 07:03:00.436,1.15996,1.16012,1.43,1.62
2014.03.24 07:03:00.699,1.15996,1.16012,1.68,1.19
2014.03.24 07:03:01.469,1.15996,1.16013,1.80,1.62
2014.03.24 07:03:01.570,1.15996,1.16013,1.80,1.19
2014.03.24 07:03:02.110,1.15996,1.16013,1.93,1.19
2014.03.24 07:03:02.450,1.15996,1.16012,1.68,1.19
2014.03.24 07:03:02.695,1.15996,1.16012,1.43,2.37
2014.03.24 07:03:02.998,1.15993,1.16008,1.28,1.19
2014.03.24 07:03:10.523,1.15993,1.1601,2.78,2.37
2014.03.24 07:03:11.072,1.15993,1.1601,2.03,2.37
2014.03.24 07:03:11.576,1.15993,1.16008,1.28,1.19
2014.03.24 07:03:13.046,1.15991,1.16008,1.87,1.25
2014.03.24 07:03:19.212,1.15992,1.16008,2.70,1.19
2014.03.24 07:03:19.785,1.15995,1.1601,1.00,1.62
2014.03.24 07:03:22.320,1.15993,1.1601,2.18,4.39
2014.03.24 07:03:23.974,1.15993,1.1601,1.68,1.69
2014.03.24 07:03:26.710,1.15993,1.1601,1.00,2.37
2014.03.24 07:03:26.760,1.15993,1.16008,1.00,1.99
2014.03.24 07:03:27.161,1.15991,1.16007,1.43,1.99
2014.03.24 07:03:27.363,1.15991,1.16002,1.00,1.87
2014.03.24 07:03:27.666,1.15991,1.16001,1.00,1.62
2014.03.24 07:03:27.818,1.15988,1.16001,1.00,1.62
2014.03.24 07:03:28.020,1.15991,1.16001,1.00,1.19
2014.03.24 07:03:28.172,1.15993,1.16005,1.00,1.62
2014.03.24 07:03:28.274,1.15993,1.16007,1.00,1.19
2014.03.24 07:03:28.375,1.15995,1.16008,1.00,1.62
2014.03.24 07:03:28.678,1.15997,1.16008,1.00,1.19
2014.03.24 07:03:28.779,1.15997,1.1601,1.00,1.62
2014.03.24 07:03:31.123,1.15997,1.16011,1.00,1.99
2014.03.24 07:03:31.224,1.15994,1.16007,1.00,1.15
2014.03.24 07:03:31.275,1.15994,1.16007,1.00,1.24
2014.03.24 07:03:31.726,1.15992,1.16005,1.00,1.87
2014.03.24 07:03:32.031,1.15994,1.16007,1.00,1.57
2014.03.24 07:03:32.335,1.15998,1.16012,2.70,1.38
2014.03.24 07:03:32.487,1.16,1.16012,1.00,1.00
2014.03.24 07:03:33.181,1.16,1.16012,1.68,1.00
2014.03.24 07:03:33.754,1.16001,1.16012,1.68,1.00
2014.03.24 07:03:34.267,1.16001,1.16012,1.93,1.00
2014.03.24 07:03:34.650,1.16001,1.16017,1.93,1.25
2014.03.24 07:03:35.423,1.16003,1.16017,3.45,1.25
2014.03.24 07:03:35.525,1.16003,1.1602,3.64,1.25
2014.03.24 07:03:36.255,1.16003,1.1602,3.64,1.25
2014.03.24 07:03:36.567,1.16003,1.1602,3.64,1.25
2014.03.24 07:03:37.287,1.16006,1.16022,1.68,1.19
2014.03.24 07:03:37.599,1.16008,1.16022,1.93,1.00
2014.03.24 07:03:37.751,1.1601,1.16027,1.68,1.69
2014.03.24 07:03:37.852,1.1601,1.16027,1.87,1.69
2014.03.24 07:03:38.104,1.1601,1.16027,1.00,2.37
2014.03.24 07:03:39.906,1.16009,1.16025,1.15,1.25
2014.03.24 07:03:40.431,1.16008,1.16025,2.22,1.00
2014.03.24 07:03:40.734,1.16011,1.16027,1.68,1.19
2014.03.24 07:03:41.249,1.16011,1.16027,1.87,1.00
2014.03.24 07:03:41.564,1.16011,1.16028,1.87,1.25
2014.03.24 07:03:42.398,1.16011,1.16028,1.93,1.19
2014.03.24 07:03:45.308,1.16011,1.16027,1.93,1.25
2014.03.24 07:03:45.410,1.16008,1.16025,2.22,1.25
2014.03.24 07:03:45.712,1.16008,1.16022,1.93,1.00
2014.03.24 07:03:46.259,1.16008,1.16022,1.93,1.00
2014.03.24 07:03:46.513,1.16008,1.16022,1.62,1.00
2014.03.24 07:03:46.614,1.16007,1.1602,1.15,1.00
2014.03.24 07:03:47.148,1.16004,1.1602,1.28,1.25
2014.03.24 07:03:48.503,1.16004,1.1602,1.28,1.25
2014.03.24 07:03:49.080,1.16004,1.1602,1.28,1.19
2014.03.24 07:03:53.254,1.16004,1.1602,1.28,1.19
2014.03.24 07:03:53.456,1.16004,1.1602,1.73,1.25
2014.03.24 07:03:54.752,1.16004,1.1602,2.59,1.00
2014.03.24 07:03:54.904,1.16004,1.1602,2.22,1.00
2014.03.24 07:03:55.540,1.16004,1.1602,1.47,1.00
2014.03.24 07:03:57.284,1.16006,1.16023,1.68,1.62
2014.03.24 07:03:57.957,1.16006,1.16023,1.68,1.19
2014.03.24 07:04:01.929,1.16008,1.16023,1.68,1.19
2014.03.24 07:04:07.141,1.16008,1.16023,1.68,1.00
2014.03.24 07:04:10.178,1.16005,1.16021,1.24,1.00
2014.03.24 07:04:14.562,1.16005,1.16021,1.24,1.00
2014.03.24 07:04:14.864,1.16004,1.16018,1.47,1.00
2014.03.24 07:04:15.542,1.16004,1.16018,1.73,1.00
2014.03.24 07:04:20.385,1.16003,1.16018,1.68,1.25
2014.03.24 07:04:20.537,1.16003,1.16018,1.68,1.25
2014.03.24 07:04:20.739,1.16003,1.16015,1.68,1.00
2014.03.24 07:04:20.941,1.15999,1.16013,1.73,1.00
2014.03.24 07:04:21.042,1.15999,1.16011,1.28,1.00
2014.03.24 07:04:21.722,1.15999,1.16011,1.73,1.00
2014.03.24 07:04:22.128,1.16003,1.16011,1.00,1.00
2014.03.24 07:04:22.179,1.16003,1.16014,1.00,2.97
2014.03.24 07:04:24.882,1.16008,1.16016,1.00,1.19
2014.03.24 07:04:25.437,1.16008,1.1602,1.68,1.69
2014.03.24 07:04:25.539,1.16008,1.1602,1.68,1.19
2014.03.24 07:04:26.088,1.16008,1.16022,1.43,4.09
2014.03.24 07:04:26.592,1.16008,1.1602,1.00,2.22
2014.03.24 07:04:27.105,1.16008,1.1602,1.00,2.97
2014.03.24 07:04:28.439,1.16008,1.1602,1.00,2.22
2014.03.24 07:04:28.949,1.16008,1.16022,1.68,1.32
2014.03.24 07:04:29.534,1.16008,1.16022,1.68,1.32
2014.03.24 07:04:32.072,1.16008,1.16022,1.43,1.32
2014.03.24 07:04:32.576,1.16008,1.16022,1.68,1.32
2014.03.24 07:04:33.097,1.16008,1.16022,1.43,1.32
2014.03.24 07:04:43.867,1.16008,1.1602,1.00,2.03
2014.03.24 07:04:50.008,1.16008,1.16019,1.00,1.00
2014.03.24 07:04:50.547,1.16008,1.1602,1.00,2.22
2014.03.24 07:04:51.077,1.16008,1.16022,1.43,2.22
2014.03.24 07:04:51.866,1.16008,1.16022,1.68,2.22
2014.03.24 07:04:52.389,1.16008,1.16019,1.00,2.70
2014.03.24 07:04:52.642,1.16003,1.16016,1.50,2.89
2014.03.24 07:04:52.793,1.16003,1.16016,1.00,2.89
2014.03.24 07:04:53.348,1.16003,1.16013,1.00,1.00
2014.03.24 07:05:00.231,1.15998,1.16013,1.93,1.00
2014.03.24 07:05:02.108,1.15998,1.16013,1.87,1.00
2014.03.24 07:05:02.209,1.16003,1.16013,1.00,1.00
2014.03.24 07:05:02.513,1.16003,1.16016,1.99,1.00
2014.03.24 07:05:02.614,1.16003,1.16019,1.87,1.00
2014.03.24 07:05:03.153,1.16003,1.16019,1.87,2.78
2014.03.24 07:05:08.018,1.16003,1.16013,1.68,1.00
2014.03.24 07:05:08.120,1.16003,1.16015,1.68,2.78
2014.03.24 07:05:08.657,1.16008,1.16015,1.00,1.00
2014.03.24 07:05:08.707,1.16008,1.16017,1.00,2.03
2014.03.24 07:05:10.227,1.16003,1.16017,1.43,2.03
2014.03.24 07:05:10.278,1.16003,1.16015,1.43,2.03
2014.03.24 07:05:10.783,1.16003,1.16016,1.43,2.78
2014.03.24 07:05:12.448,1.15999,1.16014,1.87,2.03
2014.03.24 07:05:12.751,1.15998,1.16011,1.68,2.03
2014.03.24 07:05:15.868,1.15998,1.16014,1.68,2.97
2014.03.24 07:05:16.519,1.15998,1.16014,2.03,2.97
2014.03.24 07:05:17.737,1.15998,1.16014,2.03,2.97
2014.03.24 07:05:18.338,1.15998,1.16014,2.03,2.97
2014.03.24 07:05:18.389,1.15998,1.16014,2.03,2.97
2014.03.24 07:05:18.999,1.15998,1.16014,2.03,3.72
2014.03.24 07:05:21.948,1.15998,1.16014,2.03,2.97
2014.03.24 07:05:23.999,1.15998,1.16014,2.03,2.97
2014.03.24 07:05:24.302,1.15999,1.16016,1.87,1.25
2014.03.24 07:05:24.988,1.15999,1.16016,1.87,1.00
2014.03.24 07:05:25.096,1.15999,1.16016,1.87,1.00
2014.03.24 07:05:25.618,1.15999,1.16016,1.87,1.00
2014.03.24 07:05:26.226,1.15999,1.16016,1.68,1.19
2014.03.24 07:05:26.765,1.15999,1.16016,1.68,1.19
2014.03.24 07:05:27.576,1.15999,1.16016,1.68,1.69
2014.03.24 07:05:29.315,1.15998,1.16014,2.03,1.19
2014.03.24 07:05:29.377,1.15998,1.16012,1.68,1.25
2014.03.24 07:05:31.157,1.15998,1.16015,2.18,3.72
2014.03.24 07:05:31.955,1.15998,1.16015,2.18,1.19
2014.03.24 07:05:34.085,1.16001,1.16015,1.05,1.25
2014.03.24 07:05:34.136,1.16001,1.16015,1.05,1.25
2014.03.24 07:05:34.289,1.16002,1.16017,1.24,1.00
2014.03.24 07:05:34.447,1.16003,1.1602,2.74,1.19
2014.03.24 07:05:34.974,1.16003,1.1602,2.74,1.25
2014.03.24 07:05:36.807,1.16003,1.1602,2.74,1.19
2014.03.24 07:05:37.350,1.16006,1.16022,1.68,1.19
2014.03.24 07:05:37.451,1.16006,1.16022,1.68,1.19
2014.03.24 07:05:37.986,1.16004,1.16021,1.00,4.39
2014.03.24 07:05:38.552,1.16004,1.1602,1.43,1.19
2014.03.24 07:05:39.135,1.16,1.16017,3.64,1.25
2014.03.24 07:05:41.169,1.16,1.16017,1.25,1.62
2014.03.24 07:05:45.287,1.16003,1.16017,1.00,1.62
2014.03.24 07:05:48.661,1.16003,1.16018,1.00,2.89
2014.03.24 07:05:48.763,1.16003,1.16018,1.00,1.15
2014.03.24 07:05:48.813,1.16003,1.16016,1.00,1.00
2014.03.24 07:05:49.316,1.16003,1.16018,1.00,1.87
2014.03.24 07:05:49.946,1.16003,1.16018,1.43,1.19
2014.03.24 07:05:50.048,1.16003,1.16018,1.43,1.69
2014.03.24 07:05:53.356,1.16003,1.16016,1.00,1.87
2014.03.24 07:05:57.537,1.16003,1.16016,1.00,1.87
2014.03.24 07:05:58.096,1.16003,1.16014,1.00,1.93
2014.03.24 07:05:58.560,1.16003,1.16014,1.00,1.62
2014.03.24 07:05:59.210,1.16003,1.16014,1.00,1.93
2014.03.24 07:06:01.396,1.16003,1.16014,1.00,3.64
2014.03.24 07:06:04.910,1.15999,1.16014,1.28,2.97
2014.03.24 07:06:05.011,1.15998,1.16011,1.43,1.00
2014.03.24 07:06:05.625,1.15998,1.16011,1.68,1.25
2014.03.24 07:06:06.235,1.15998,1.16011,1.00,1.25
2014.03.24 07:06:07.253,1.15998,1.16011,1.00,1.19
2014.03.24 07:06:21.150,1.15998,1.1601,1.00,2.22
2014.03.24 07:06:24.964,1.15998,1.1601,1.00,2.22
2014.03.24 07:06:25.690,1.15998,1.16007,1.00,1.00
2014.03.24 07:06:28.925,1.15998,1.16006,1.00,2.03
2014.03.24 07:06:29.178,1.15988,1.16001,1.00,1.00
2014.03.24 07:06:29.329,1.15988,1.15999,1.00,1.00
2014.03.24 07:06:31.881,1.15988,1.15999,1.68,1.00
2014.03.24 07:06:33.423,1.15988,1.15999,1.00,1.00
2014.03.24 07:06:35.813,1.15983,1.15999,1.87,1.00
2014.03.24 07:06:35.864,1.15984,1.15999,1.15,1.00
2014.03.24 07:06:36.406,1.15983,1.15999,1.93,1.25
2014.03.24 07:06:37.229,1.15988,1.15999,1.00,2.97
2014.03.24 07:06:43.238,1.15988,1.15999,1.00,2.97
2014.03.24 07:06:44.936,1.15983,1.15999,1.68,2.97
2014.03.24 07:06:45.037,1.15983,1.15999,1.68,3.64
2014.03.24 07:06:45.827,1.15983,1.15996,1.68,1.00
2014.03.24 07:06:46.398,1.15983,1.15996,1.43,1.00
2014.03.24 07:06:49.228,1.15988,1.15996,1.00,1.00
2014.03.24 07:06:49.635,1.15983,1.15996,1.00,1.99
2014.03.24 07:06:49.736,1.15983,1.15994,1.00,2.03
2014.03.24 07:06:50.880,1.15988,1.15994,1.00,2.78
2014.03.24 07:06:51.082,1.15988,1.15996,1.00,1.00
2014.03.24 07:06:52.045,1.15983,1.15996,1.68,1.00
2014.03.24 07:06:52.555,1.15983,1.15995,1.00,2.03
2014.03.24 07:06:52.758,1.15983,1.15993,1.00,2.22
2014.03.24 07:06:53.061,1.15983,1.15991,1.00,1.00
2014.03.24 07:06:55.918,1.15978,1.15991,1.43,1.00
2014.03.24 07:06:56.082,1.15978,1.15991,1.68,2.97
2014.03.24 07:06:56.334,1.15978,1.15991,1.43,2.78
2014.03.24 07:06:59.525,1.15983,1.15991,1.00,2.97
2014.03.24 07:07:02.303,1.15983,1.15994,1.00,1.19
2014.03.24 07:07:02.832,1.15978,1.15994,1.93,1.25
2014.03.24 07:07:03.161,1.15983,1.15994,1.00,1.25
2014.03.24 07:07:03.515,1.1598,1.15995,1.05,1.00
2014.03.24 07:07:03.616,1.15981,1.15995,3.75,1.00
2014.03.24 07:07:03.768,1.15984,1.15998,2.70,1.00
2014.03.24 07:07:03.869,1.15984,1.16,2.70,1.25
2014.03.24 07:07:07.896,1.15985,1.16,1.00,1.15
2014.03.24 07:07:07.947,1.15987,1.16,1.00,1.15
2014.03.24 07:07:10.326,1.15987,1.16001,2.78,1.15
2014.03.24 07:07:10.754,1.15988,1.16004,1.62,1.62
2014.03.24 07:07:11.268,1.15988,1.16004,1.93,1.25
2014.03.24 07:07:12.041,1.15988,1.16004,1.62,1.62
2014.03.24 07:07:12.193,1.15988,1.16004,1.00,1.87
2014.03.24 07:07:12.725,1.15988,1.16004,1.00,1.87
2014.03.24 07:07:13.257,1.15988,1.16004,1.43,1.62
2014.03.24 07:07:13.408,1.15991,1.16007,1.00,3.64
2014.03.24 07:07:14.074,1.15991,1.16008,1.43,2.37
2014.03.24 07:07:18.986,1.15991,1.16007,1.00,2.89
2014.03.24 07:07:19.037,1.15988,1.16004,2.37,1.15
2014.03.24 07:07:26.738,1.15988,1.16003,1.62,1.00
2014.03.24 07:07:28.974,1.15988,1.16003,1.93,1.00
2014.03.24 07:07:29.243,1.15984,1.16001,2.44,1.68
2014.03.24 07:07:29.345,1.15984,1.15998,1.00,1.15
2014.03.24 07:07:29.965,1.15983,1.15999,1.43,3.64
2014.03.24 07:07:32.219,1.15982,1.15996,1.15,1.00
2014.03.24 07:07:32.522,1.15983,1.15995,1.00,2.89
2014.03.24 07:07:32.624,1.15983,1.15995,1.00,2.89
2014.03.24 07:07:34.758,1.15979,1.15993,1.15,1.00
2014.03.24 07:07:41.032,1.15978,1.15991,1.93,1.00
2014.03.24 07:07:41.335,1.15978,1.15991,1.00,1.93
2014.03.24 07:07:42.268,1.15978,1.15987,1.00,1.68
2014.03.24 07:07:42.319,1.15973,1.15987,1.00,1.68
2014.03.24 07:07:44.867,1.1597,1.15987,1.19,1.68
2014.03.24 07:07:45.405,1.15973,1.15987,1.00,1.68
2014.03.24 07:07:45.456,1.15973,1.15988,1.00,1.15
2014.03.24 07:07:45.785,1.15973,1.15989,1.87,1.00
2014.03.24 07:07:46.038,1.15977,1.15992,1.15,1.43
2014.03.24 07:07:46.239,1.15975,1.15992,1.19,1.68
2014.03.24 07:07:46.341,1.15975,1.15989,1.00,2.89
2014.03.24 07:07:46.442,1.15973,1.15989,2.37,1.15
2014.03.24 07:07:46.896,1.15973,1.1599,2.37,1.19
2014.03.24 07:07:46.997,1.15973,1.1599,2.37,1.19
2014.03.24 07:07:47.199,1.15973,1.15986,1.00,2.03
2014.03.24 07:07:47.704,1.15973,1.15985,1.00,1.00
2014.03.24 07:07:47.755,1.15973,1.15988,1.00,3.64
2014.03.24 07:07:48.260,1.15974,1.15988,1.15,1.00
2014.03.24 07:07:48.794,1.15973,1.15988,1.00,1.62
2014.03.24 07:07:50.180,1.15973,1.15988,1.68,1.25
2014.03.24 07:07:50.865,1.15973,1.15988,1.25,1.43
2014.03.24 07:07:56.104,1.15973,1.15988,1.93,1.00
2014.03.24 07:07:56.806,1.15973,1.15988,1.62,1.00
2014.03.24 07:07:57.435,1.15973,1.15988,1.19,1.43
2014.03.24 07:07:57.999,1.15973,1.15988,1.25,1.68
2014.03.24 07:07:58.513,1.15973,1.15988,1.62,1.00
2014.03.24 07:07:59.025,1.15974,1.15988,1.15,1.00
2014.03.24 07:07:59.977,1.15973,1.15988,1.87,1.00
2014.03.24 07:08:00.079,1.15974,1.15988,1.62,1.00
2014.03.24 07:08:00.487,1.15973,1.15988,1.62,1.00
2014.03.24 07:08:01.858,1.15973,1.15988,1.15,1.00
2014.03.24 07:08:02.060,1.1597,1.15985,1.25,1.68
2014.03.24 07:08:02.469,1.15969,1.15985,1.87,1.50
2014.03.24 07:08:02.773,1.15968,1.15984,1.62,2.70
2014.03.24 07:08:02.825,1.15967,1.15982,1.87,1.00
2014.03.24 07:08:03.230,1.15966,1.1598,1.62,1.00
2014.03.24 07:08:03.281,1.15964,1.1598,1.87,1.00
2014.03.24 07:08:06.171,1.15963,1.1598,2.37,1.00
2014.03.24 07:08:10.389,1.15965,1.15982,1.93,1.93
2014.03.24 07:08:11.059,1.15968,1.15984,1.00,1.87
2014.03.24 07:08:11.160,1.15965,1.15982,1.93,1.93
2014.03.24 07:08:11.755,1.15965,1.15982,1.25,1.93
2014.03.24 07:08:18.598,1.15965,1.15982,3.64,1.62
2014.03.24 07:08:19.309,1.15967,1.15982,1.43,1.15
2014.03.24 07:08:19.612,1.15969,1.15986,3.45,2.37
2014.03.24 07:08:19.671,1.15969,1.15985,3.64,1.15
2014.03.24 07:08:20.343,1.15969,1.15986,2.97,1.87
2014.03.24 07:08:20.958,1.15971,1.15988,1.00,2.74
2014.03.24 07:08:21.059,1.15971,1.15986,3.45,1.15
2014.03.24 07:08:21.110,1.15972,1.15988,1.35,1.19
2014.03.24 07:08:21.312,1.15975,1.15991,2.03,1.87
2014.03.24 07:08:22.132,1.15974,1.15991,1.43,1.87
2014.03.24 07:08:22.423,1.15974,1.15991,3.64,1.25
2014.03.24 07:08:22.906,1.15978,1.15992,2.03,1.15
2014.03.24 07:08:23.775,1.15976,1.15992,3.64,1.15
2014.03.24 07:08:23.876,1.15976,1.15993,3.64,1.62
2014.03.24 07:08:24.281,1.1598,1.15995,1.00,1.15
2014.03.24 07:08:24.584,1.15982,1.15998,1.00,1.87
2014.03.24 07:08:28.446,1.15982,1.15996,1.00,1.15
2014.03.24 07:08:31.487,1.15982,1.15999,1.00,2.37
2014.03.24 07:08:43.383,1.15979,1.15996,1.62,1.68
2014.03.24 07:08:43.535,1.15978,1.15994,1.25,3.45
2014.03.24 07:08:43.586,1.15978,1.15994,1.25,3.45
2014.03.24 07:08:50.057,1.15978,1.1599,1.00,2.03
2014.03.24 07:08:50.360,1.15978,1.15987,1.00,2.03
2014.03.24 07:08:50.411,1.15973,1.15987,1.87,2.03
2014.03.24 07:08:50.462,1.15973,1.15987,1.62,2.03
2014.03.24 07:08:50.512,1.15973,1.15985,1.62,2.03
2014.03.24 07:08:50.664,1.15968,1.15982,2.07,2.78
2014.03.24 07:08:51.226,1.15968,1.15982,1.00,1.00
2014.03.24 07:08:51.984,1.15968,1.15984,2.18,2.22
2014.03.24 07:08:52.137,1.15968,1.15985,1.69,1.00
2014.03.24 07:08:52.339,1.15965,1.15981,2.22,1.00
2014.03.24 07:08:52.541,1.15964,1.15981,1.19,1.25
2014.03.24 07:08:52.642,1.15964,1.15981,1.00,1.19
2014.03.24 07:08:53.046,1.15964,1.15981,1.62,1.25
2014.03.24 07:08:53.448,1.15964,1.15981,1.00,1.19
2014.03.24 07:08:57.959,1.15964,1.15981,1.62,1.93
2014.03.24 07:08:58.262,1.15964,1.15981,4.39,1.68
2014.03.24 07:08:58.793,1.15965,1.1598,1.15,2.70
2014.03.24 07:08:58.844,1.15964,1.1598,1.19,2.70
2014.03.24 07:08:58.895,1.15962,1.15977,1.62,1.00
2014.03.24 07:08:58.946,1.15962,1.15977,1.25,1.68
2014.03.24 07:08:59.249,1.15959,1.15976,1.25,1.87
2014.03.24 07:08:59.300,1.15959,1.15976,1.19,1.68
2014.03.24 07:08:59.502,1.15963,1.15978,2.03,1.62
2014.03.24 07:08:59.704,1.15966,1.1598,1.00,1.19
2014.03.24 07:08:59.805,1.15966,1.15982,1.00,1.62
2014.03.24 07:09:00.309,1.15966,1.15982,1.00,1.19
2014.03.24 07:09:00.763,1.15968,1.15983,1.00,1.19
2014.03.24 07:09:01.015,1.15968,1.15985,1.00,2.37
2014.03.24 07:09:04.516,1.15968,1.15982,1.00,1.19
2014.03.24 07:09:04.617,1.15968,1.15982,1.00,1.00
2014.03.24 07:09:04.718,1.1597,1.15986,1.00,1.87
2014.03.24 07:09:05.333,1.1597,1.15987,1.00,2.37
2014.03.24 07:09:06.104,1.1597,1.15985,1.00,1.15
2014.03.24 07:09:11.356,1.15972,1.15985,1.00,1.15
2014.03.24 07:09:12.214,1.15972,1.15987,2.78,1.15
2014.03.24 07:09:12.720,1.15973,1.15988,2.03,1.15
2014.03.24 07:09:13.376,1.15974,1.15988,1.00,1.15
2014.03.24 07:09:21.580,1.15974,1.15989,1.00,1.15
2014.03.24 07:09:24.343,1.15974,1.15991,2.78,2.37
2014.03.24 07:09:27.773,1.15974,1.15989,1.00,1.15
2014.03.24 07:09:28.327,1.15974,1.15991,1.00,1.87
2014.03.24 07:09:28.378,1.15972,1.15989,1.25,1.93
2014.03.24 07:09:28.652,1.15972,1.15989,1.25,1.25
2014.03.24 07:09:29.806,1.15972,1.15989,1.19,1.00
2014.03.24 07:09:30.901,1.15972,1.15989,1.25,1.19
2014.03.24 07:09:31.514,1.15972,1.15989,1.19,1.25
2014.03.24 07:09:34.265,1.15972,1.15989,1.19,1.93
2014.03.24 07:09:34.945,1.1597,1.15987,1.69,1.68
2014.03.24 07:09:39.603,1.1597,1.15987,1.19,1.93
2014.03.24 07:09:40.325,1.1597,1.15987,1.62,1.62
2014.03.24 07:09:40.933,1.1597,1.15987,1.68,1.19
2014.03.24 07:09:50.828,1.15971,1.15987,1.15,1.25
2014.03.24 07:09:53.262,1.1597,1.15987,1.87,1.25
2014.03.24 07:09:57.332,1.15971,1.15987,1.15,1.25
2014.03.24 07:09:57.434,1.15971,1.15985,1.15,1.00
2014.03.24 07:09:58.851,1.15968,1.15985,1.93,1.19
2014.03.24 07:09:59.430,1.1597,1.15987,1.68,1.69
2014.03.24 07:09:59.481,1.1597,1.15987,1.68,1.19
2014.03.24 07:10:00.772,1.1597,1.15987,1.68,2.97
2014.03.24 07:10:01.712,1.15968,1.15984,1.87,1.00
2014.03.24 07:10:01.863,1.15967,1.15984,3.12,2.78
2014.03.24 07:10:02.070,1.15967,1.15981,1.87,1.00
2014.03.24 07:10:02.429,1.15968,1.15981,2.37,1.00
2014.03.24 07:10:02.874,1.15973,1.15981,1.00,1.00
2014.03.24 07:10:04.316,1.15968,1.15981,1.93,1.00
2014.03.24 07:10:04.468,1.15968,1.15978,1.68,1.00
2014.03.24 07:10:07.013,1.15968,1.15978,1.43,1.00
2014.03.24 07:10:07.301,1.15968,1.15978,1.68,1.00
2014.03.24 07:10:07.453,1.15968,1.15981,1.68,1.00
2014.03.24 07:10:07.726,1.15968,1.15981,1.93,1.00
2014.03.24 07:10:07.878,1.15968,1.15984,1.93,1.00
2014.03.24 07:10:08.474,1.15973,1.15984,1.00,1.00
2014.03.24 07:10:09.025,1.1597,1.15984,1.15,1.00
2014.03.24 07:10:10.899,1.15968,1.15984,1.87,1.00
2014.03.24 07:10:11.050,1.15973,1.15984,1.00,1.00
2014.03.24 07:10:21.691,1.15978,1.15984,1.00,1.00
2014.03.24 07:10:21.842,1.15978,1.15987,1.00,1.00
2014.03.24 07:10:23.246,1.15973,1.15987,1.00,1.00
2014.03.24 07:10:23.297,1.15973,1.15985,1.00,1.00
2014.03.24 07:10:23.755,1.15978,1.15987,1.00,1.00
2014.03.24 07:10:24.797,1.15973,1.15987,1.68,1.00
2014.03.24 07:10:24.898,1.15978,1.15987,1.00,1.00
2014.03.24 07:10:39.888,1.15978,1.15989,1.00,1.00
2014.03.24 07:10:40.280,1.15978,1.15993,1.00,1.87
2014.03.24 07:10:41.080,1.15978,1.15993,1.68,1.25
2014.03.24 07:10:41.421,1.15979,1.15995,1.15,1.43
2014.03.24 07:10:46.529,1.15983,1.15995,1.00,1.43
2014.03.24 07:10:50.804,1.15981,1.15995,1.15,1.00
2014.03.24 07:10:51.371,1.15979,1.15995,1.87,1.00
2014.03.24 07:10:54.202,1.15979,1.15995,1.87,1.00
2014.03.24 07:10:57.509,1.1598,1.15995,1.15,1.00
2014.03.24 07:10:58.543,1.15983,1.15995,1.00,1.00
2014.03.24 07:10:58.593,1.15983,1.15997,1.43,1.25
2014.03.24 07:10:58.695,1.1598,1.15997,1.93,1.62
2014.03.24 07:10:59.016,1.1598,1.15995,1.87,1.00
2014.03.24 07:11:00.293,1.15981,1.15995,1.15,1.00
2014.03.24 07:11:00.748,1.15983,1.15995,1.00,2.97
2014.03.24 07:11:01.076,1.15973,1.15989,1.69,1.68
2014.03.24 07:11:01.380,1.15973,1.15985,1.00,1.43
2014.03.24 07:11:02.198,1.15973,1.15985,1.68,1.00
2014.03.24 07:11:02.661,1.15973,1.15985,1.43,1.00
2014.03.24 07:11:03.341,1.15978,1.15985,1.00,1.00
2014.03.24 07:11:03.452,1.15969,1.15985,1.87,1.00
2014.03.24 07:11:03.553,1.15971,1.15985,1.15,1.00
2014.03.24 07:11:03.755,1.15971,1.15982,1.15,1.00
2014.03.24 07:11:05.644,1.15971,1.15985,1.15,2.78
2014.03.24 07:11:05.745,1.15971,1.15983,1.15,1.00
2014.03.24 07:11:08.922,1.15969,1.15986,1.87,1.00
2014.03.24 07:11:09.559,1.15973,1.15986,1.43,1.00
2014.03.24 07:11:10.216,1.15973,1.15986,1.68,1.00
2014.03.24 07:11:12.312,1.15973,1.15986,1.43,1.00
2014.03.24 07:11:13.763,1.15973,1.15986,1.68,1.00
2014.03.24 07:11:14.651,1.15973,1.15986,1.43,1.00
2014.03.24 07:11:18.081,1.15973,1.15988,1.43,1.19
2014.03.24 07:11:18.909,1.15973,1.15988,1.62,1.00
2014.03.24 07:11:24.905,1.15973,1.15988,1.93,1.00
2014.03.24 07:11:26.937,1.15973,1.15987,1.93,2.03
2014.03.24 07:11:30.393,1.15973,1.15987,1.87,2.03
2014.03.24 07:11:30.697,1.15973,1.15988,1.68,1.25
2014.03.24 07:11:30.748,1.15973,1.15988,1.68,1.00
2014.03.24 07:11:30.996,1.15973,1.15988,1.87,1.00
2014.03.24 07:11:32.142,1.15973,1.15988,1.87,1.00
2014.03.24 07:11:32.778,1.15973,1.15988,1.87,1.00
2014.03.24 07:11:34.697,1.15973,1.15988,2.22,1.00
2014.03.24 07:11:34.798,1.15978,1.1599,1.68,1.00
2014.03.24 07:11:35.419,1.15978,1.1599,1.68,1.00
2014.03.24 07:11:36.261,1.15973,1.1599,2.97,1.00
2014.03.24 07:11:36.767,1.15973,1.1599,2.97,1.00
2014.03.24 07:11:40.843,1.15973,1.1599,2.97,1.00
2014.03.24 07:11:43.052,1.15978,1.15992,1.68,1.00
2014.03.24 07:11:43.254,1.15978,1.15995,3.12,1.00
2014.03.24 07:11:43.406,1.15979,1.15995,1.87,1.00
2014.03.24 07:12:05.775,1.15983,1.15998,1.87,2.78
2014.03.24 07:12:07.843,1.15983,1.15996,1.87,1.00
2014.03.24 07:12:07.901,1.15983,1.15998,1.87,2.03
2014.03.24 07:12:08.404,1.15983,1.15999,1.87,1.00
2014.03.24 07:12:12.315,1.15983,1.15999,1.87,1.00
2014.03.24 07:12:12.924,1.15984,1.15999,1.15,1.00
2014.03.24 07:12:13.672,1.15983,1.15999,1.87,1.00
2014.03.24 07:12:17.141,1.15985,1.15998,1.15,2.03
2014.03.24 07:12:17.243,1.15985,1.15995,1.15,1.00
2014.03.24 07:12:21.468,1.15984,1.15995,1.15,1.00
2014.03.24 07:12:24.080,1.15983,1.15995,1.87,1.00
2014.03.24 07:12:25.102,1.15983,1.15995,1.93,1.00
2014.03.24 07:12:25.413,1.15978,1.1599,1.93,2.78
2014.03.24 07:12:25.716,1.15978,1.15992,1.93,1.00
2014.03.24 07:12:26.019,1.15983,1.15989,1.00,1.00
2014.03.24 07:12:32.647,1.15983,1.15988,1.00,2.03
2014.03.24 07:12:32.748,1.15974,1.15985,1.87,1.00
2014.03.24 07:12:32.933,1.15974,1.15983,1.87,1.00
2014.03.24 07:12:32.985,1.15969,1.15983,1.87,2.78
2014.03.24 07:12:36.588,1.15973,1.15985,1.43,1.00
2014.03.24 07:12:43.953,1.15973,1.15982,1.25,1.00
2014.03.24 07:12:47.281,1.15973,1.15984,1.00,2.03
2014.03.24 07:12:47.331,1.15973,1.15985,1.68,1.00
2014.03.24 07:12:47.382,1.15973,1.15988,1.68,1.19
2014.03.24 07:12:47.786,1.15973,1.15988,1.43,3.64
2014.03.24 07:12:47.837,1.15973,1.15985,1.43,1.00
2014.03.24 07:12:52.976,1.15973,1.15982,1.00,1.00
2014.03.24 07:12:58.084,1.15973,1.15982,1.68,1.00
2014.03.24 07:12:58.413,1.15978,1.15986,1.00,1.00
2014.03.24 07:12:58.515,1.15978,1.15988,1.00,1.00
2014.03.24 07:13:05.043,1.15979,1.15988,1.15,1.00
2014.03.24 07:13:05.094,1.15979,1.1599,1.15,1.00
2014.03.24 07:13:05.296,1.15983,1.1599,1.00,1.00
2014.03.24 07:13:05.397,1.15983,1.15993,1.00,1.00
2014.03.24 07:13:13.153,1.15983,1.15992,1.00,2.70
2014.03.24 07:13:13.406,1.15983,1.15993,1.00,1.00
2014.03.24 07:13:15.801,1.15983,1.15993,1.00,1.68
2014.03.24 07:13:18.199,1.15983,1.15991,1.00,1.00
2014.03.24 07:13:22.662,1.15978,1.15991,1.54,1.00
2014.03.24 07:13:25.397,1.15983,1.15991,1.00,1.00
2014.03.24 07:13:30.320,1.15983,1.1599,1.00,2.03
2014.03.24 07:13:31.116,1.15978,1.1599,1.19,2.70
2014.03.24 07:13:31.217,1.15978,1.1599,1.00,2.70
2014.03.24 07:13:31.783,1.15978,1.15988,1.00,1.68
2014.03.24 07:13:32.300,1.15978,1.15988,1.00,1.43
2014.03.24 07:13:39.779,1.15978,1.15988,1.00,1.68
2014.03.24 07:13:39.829,1.15973,1.15987,1.19,1.68
2014.03.24 07:13:40.189,1.15972,1.15986,1.05,1.68
2014.03.24 07:13:47.719,1.15969,1.15986,3.04,1.68
2014.03.24 07:13:48.303,1.15969,1.15986,3.72,1.68
2014.03.24 07:13:49.032,1.15969,1.15986,3.04,1.68
2014.03.24 07:13:49.624,1.15969,1.15986,3.72,1.68
2014.03.24 07:13:56.959,1.15969,1.15986,3.64,1.93
2014.03.24 07:13:57.060,1.15969,1.15986,2.97,1.93
2014.03.24 07:13:57.650,1.15969,1.15986,1.00,1.87
2014.03.24 07:13:58.819,1.15969,1.15986,1.00,1.87
2014.03.24 07:13:59.072,1.15972,1.15989,1.43,1.87
2014.03.24 07:13:59.798,1.15972,1.15989,1.00,1.87
2014.03.24 07:14:00.159,1.15974,1.1599,1.43,1.15
2014.03.24 07:14:00.366,1.15975,1.15991,1.35,1.19
2014.03.24 07:14:00.569,1.15979,1.15995,1.00,3.64
2014.03.24 07:14:00.620,1.15977,1.15993,1.25,2.89
2014.03.24 07:14:00.924,1.15974,1.15988,1.00,1.15
2014.03.24 07:14:01.027,1.15974,1.1599,1.62,1.15
2014.03.24 07:14:01.183,1.15976,1.15993,1.00,2.37
2014.03.24 07:14:01.487,1.15978,1.15995,1.50,1.87
2014.03.24 07:14:03.005,1.15978,1.15995,1.00,2.37
2014.03.24 07:14:03.307,1.15981,1.15997,1.00,2.22
2014.03.24 07:14:07.439,1.15983,1.15997,1.00,1.19
2014.03.24 07:14:07.489,1.15983,1.15999,1.00,1.87
2014.03.24 07:14:07.792,1.15983,1.16,3.72,1.68
2014.03.24 07:14:08.416,1.15987,1.16002,1.00,1.99
2014.03.24 07:14:08.960,1.15985,1.15999,1.19,1.05
2014.03.24 07:14:09.288,1.15985,1.15998,1.19,1.05
2014.03.24 07:14:10.190,1.15985,1.16002,1.19,2.37
2014.03.24 07:14:10.707,1.15985,1.16002,1.00,3.12
2014.03.24 07:14:11.828,1.15988,1.16002,1.35,1.87
2014.03.24 07:14:11.930,1.15989,1.16004,2.03,1.68
2014.03.24 07:14:11.980,1.15991,1.16007,1.00,1.93
2014.03.24 07:14:12.031,1.15991,1.16008,1.00,2.97
2014.03.24 07:14:12.082,1.15993,1.16009,1.00,2.89
2014.03.24 07:14:12.285,1.15993,1.1601,1.19,1.99
2014.03.24 07:14:13.718,1.15993,1.1601,1.19,4.02
2014.03.24 07:14:13.972,1.15991,1.16008,1.19,1.93
2014.03.24 07:14:14.022,1.15991,1.16007,1.00,2.89
2014.03.24 07:14:14.328,1.15991,1.16007,1.00,2.89
2014.03.24 07:14:14.480,1.15991,1.16007,1.00,2.89
2014.03.24 07:14:14.581,1.15991,1.16006,1.00,1.15
2014.03.24 07:14:14.659,1.15991,1.16007,1.00,2.89
2014.03.24 07:14:15.238,1.15991,1.16007,1.00,2.89
2014.03.24 07:14:15.370,1.15991,1.16006,1.00,1.15
2014.03.24 07:14:15.471,1.15991,1.16008,1.00,1.87
2014.03.24 07:14:15.797,1.15993,1.16007,1.00,2.89
2014.03.24 07:14:16.014,1.1599,1.16007,1.25,3.64
2014.03.24 07:14:23.148,1.1599,1.16004,1.00,1.05
2014.03.24 07:14:23.837,1.1599,1.16004,1.00,1.24
2014.03.24 07:14:27.010,1.1599,1.16003,1.00,1.05
2014.03.24 07:14:27.796,1.15987,1.16003,1.79,1.05
2014.03.24 07:14:29.765,1.15986,1.16002,1.79,3.45
2014.03.24 07:14:30.171,1.15986,1.16002,2.22,3.45
2014.03.24 07:14:30.474,1.15988,1.16003,2.29,2.70
2014.03.24 07:14:30.626,1.15991,1.16005,1.15,2.78
2014.03.24 07:14:30.868,1.15991,1.16007,1.15,1.62
2014.03.24 07:14:31.868,1.1599,1.16007,1.19,1.68
2014.03.24 07:14:32.171,1.1599,1.16005,1.25,2.70
2014.03.24 07:14:32.974,1.1599,1.16005,1.25,2.70
2014.03.24 07:14:33.076,1.1599,1.16005,1.25,2.70
2014.03.24 07:14:33.581,1.15988,1.16005,1.25,3.64
2014.03.24 07:14:35.248,1.15988,1.16004,1.25,1.24
2014.03.24 07:14:35.551,1.15986,1.16,1.05,3.45
2014.03.24 07:14:35.602,1.15983,1.16,1.19,3.64
2014.03.24 07:14:35.804,1.15983,1.16,1.19,4.69
2014.03.24 07:14:36.056,1.15981,1.15997,1.19,2.70
2014.03.24 07:14:36.537,1.1598,1.15995,1.05,3.45
2014.03.24 07:14:37.043,1.1598,1.15995,1.05,4.20
2014.03.24 07:14:38.758,1.1598,1.15995,1.47,2.78
2014.03.24 07:14:40.778,1.1598,1.15993,1.05,3.45
2014.03.24 07:14:41.307,1.15978,1.15992,2.03,2.03
2014.03.24 07:14:41.862,1.1598,1.15993,1.47,2.78
2014.03.24 07:14:42.366,1.15978,1.15995,2.37,2.10
2014.03.24 07:14:43.135,1.1598,1.15993,1.15,1.00
2014.03.24 07:14:51.494,1.15983,1.15993,1.00,1.00
2014.03.24 07:14:52.645,1.15983,1.15994,1.00,2.22
2014.03.24 07:15:02.242,1.15983,1.15993,1.00,1.00
2014.03.24 07:15:02.802,1.15983,1.15992,1.00,2.03
2014.03.24 07:15:05.550,1.15983,1.15992,1.00,2.22
2014.03.24 07:15:14.699,1.15978,1.15992,1.43,2.22
2014.03.24 07:15:15.217,1.15978,1.15992,1.68,2.22
2014.03.24 07:15:15.750,1.15978,1.15992,1.68,2.22
2014.03.24 07:15:15.878,1.15978,1.15992,1.00,2.22
2014.03.24 07:15:16.393,1.15978,1.15992,1.00,2.03
2014.03.24 07:15:28.907,1.15983,1.15992,1.00,2.03
2014.03.24 07:15:29.009,1.15978,1.15993,1.80,1.00
2014.03.24 07:15:29.261,1.1598,1.15997,1.35,2.18
2014.03.24 07:15:29.418,1.15982,1.15999,1.13,1.68
2014.03.24 07:15:29.733,1.15987,1.16003,1.00,3.64
2014.03.24 07:15:30.390,1.15991,1.16003,1.00,2.70
2014.03.24 07:15:30.632,1.15991,1.16006,1.00,2.70
2014.03.24 07:15:32.927,1.15991,1.16007,1.00,3.64
2014.03.24 07:15:36.424,1.15987,1.16004,1.00,1.68
2014.03.24 07:15:41.437,1.15987,1.16004,1.19,1.93
2014.03.24 07:15:43.143,1.15987,1.16002,1.25,1.15
2014.03.24 07:15:48.107,1.15984,1.16,3.64,1.00
2014.03.24 07:15:48.157,1.15984,1.15999,2.89,2.70
2014.03.24 07:15:48.208,1.15983,1.15997,1.19,1.68
2014.03.24 07:15:48.259,1.1598,1.15997,1.85,4.32
2014.03.24 07:15:48.310,1.15981,1.15993,1.28,1.00
2014.03.24 07:15:49.149,1.15977,1.15993,1.87,1.00
2014.03.24 07:15:49.452,1.15975,1.15991,2.22,1.00
2014.03.24 07:15:51.214,1.15975,1.15989,1.84,1.00
2014.03.24 07:15:51.689,1.15973,1.15989,1.84,1.00
2014.03.24 07:15:51.790,1.15973,1.15988,1.47,2.22
2014.03.24 07:15:52.042,1.15971,1.15985,1.17,2.03
2014.03.24 07:15:52.393,1.1597,1.15983,2.67,1.00
2014.03.24 07:15:54.147,1.1597,1.15985,2.67,2.78
2014.03.24 07:15:58.338,1.15973,1.15988,1.73,1.25
2014.03.24 07:15:58.643,1.15973,1.15988,1.47,1.00
2014.03.24 07:15:59.859,1.15975,1.15988,1.24,1.00
2014.03.24 07:16:00.011,1.15978,1.15991,1.05,1.25
2014.03.24 07:16:00.112,1.15979,1.15995,1.05,1.32
2014.03.24 07:16:00.631,1.1598,1.15995,1.05,1.69
2014.03.24 07:16:00.732,1.1598,1.15995,1.05,1.69
2014.03.24 07:16:00.935,1.15979,1.15995,1.05,2.37
2014.03.24 07:16:02.347,1.15978,1.15995,1.80,2.37
2014.03.24 07:16:03.908,1.15978,1.15995,1.80,1.69
2014.03.24 07:16:04.544,1.15978,1.15995,2.37,1.32
2014.03.24 07:16:05.254,1.15979,1.15995,1.15,1.62
2014.03.24 07:16:05.355,1.15978,1.15995,2.37,1.19
2014.03.24 07:16:09.074,1.15981,1.15998,1.99,1.87
2014.03.24 07:16:09.125,1.15983,1.15998,1.05,1.19
2014.03.24 07:16:09.479,1.15985,1.16,1.15,1.25
2014.03.24 07:16:09.659,1.15986,1.16003,1.38,2.37
2014.03.24 07:16:09.710,1.15988,1.16003,1.05,1.62
2014.03.24 07:16:09.812,1.15988,1.16003,1.53,1.62
2014.03.24 07:16:10.321,1.15991,1.16006,1.05,1.19
2014.03.24 07:16:10.840,1.15992,1.16007,1.43,1.19
2014.03.24 07:16:13.080,1.15992,1.16007,1.43,1.19
2014.03.24 07:16:15.900,1.15992,1.16007,1.80,1.19
2014.03.24 07:16:16.208,1.15992,1.16009,1.99,1.99
2014.03.24 07:16:17.044,1.15995,1.1601,1.00,1.24
2014.03.24 07:16:20.288,1.15993,1.16008,2.97,1.24
2014.03.24 07:16:20.339,1.15993,1.16007,1.25,1.05
2014.03.24 07:16:20.642,1.15991,1.16007,1.19,1.93
2014.03.24 07:16:20.743,1.15989,1.16004,1.47,1.38
2014.03.24 07:16:21.248,1.15989,1.16004,1.28,1.19
2014.03.24 07:16:21.652,1.1599,1.16006,1.62,1.15
2014.03.24 07:16:22.158,1.15991,1.16007,1.05,1.87
2014.03.24 07:16:25.072,1.15993,1.16007,1.00,1.62
2014.03.24 07:16:25.275,1.15993,1.1601,4.20,1.19
2014.03.24 07:16:25.780,1.15994,1.16011,1.62,1.93
2014.03.24 07:16:26.040,1.15994,1.16011,1.87,1.62
2014.03.24 07:16:26.387,1.15994,1.16011,1.62,1.93
2014.03.24 07:16:27.385,1.15995,1.16011,1.24,1.62
2014.03.24 07:16:27.930,1.15996,1.16011,1.63,1.15
2014.03.24 07:16:28.462,1.15998,1.16011,1.00,1.15
2014.03.24 07:16:28.959,1.15996,1.16011,1.25,1.15
2014.03.24 07:16:32.002,1.15996,1.16013,1.19,1.87
2014.03.24 07:16:32.735,1.15993,1.1601,2.37,1.00
2014.03.24 07:16:33.106,1.15995,1.1601,1.15,1.25
2014.03.24 07:16:37.378,1.15993,1.1601,2.37,1.25
2014.03.24 07:16:38.178,1.15995,1.1601,1.15,1.25
2014.03.24 07:16:39.572,1.15995,1.1601,1.73,1.25
2014.03.24 07:16:39.774,1.15996,1.16012,1.62,1.62
2014.03.24 07:16:39.988,1.15996,1.16012,1.19,1.93
2014.03.24 07:16:43.832,1.15996,1.16012,1.25,1.87
2014.03.24 07:16:46.984,1.15998,1.16012,1.00,1.87
2014.03.24 07:16:47.288,1.16003,1.16015,1.28,1.00
2014.03.24 07:16:47.793,1.15999,1.16013,1.19,1.00
2014.03.24 07:16:47.844,1.15997,1.16013,2.22,1.25
2014.03.24 07:16:48.132,1.15998,1.16013,1.15,1.25
2014.03.24 07:16:50.997,1.15998,1.16013,1.93,1.25
2014.03.24 07:16:51.710,1.15998,1.16013,1.68,1.19
2014.03.24 07:16:52.259,1.15999,1.16015,1.68,1.19
2014.03.24 07:16:52.361,1.15999,1.16016,1.93,1.62
2014.03.24 07:16:55.063,1.15999,1.16016,1.25,1.87
2014.03.24 07:16:57.697,1.15997,1.16013,1.47,1.00
2014.03.24 07:16:58.001,1.16001,1.16016,1.15,1.25
2014.03.24 07:16:59.699,1.16001,1.16018,1.93,3.64
2014.03.24 07:16:59.800,1.16003,1.16018,1.15,1.62
2014.03.24 07:16:59.902,1.16001,1.16018,2.37,1.00
2014.03.24 07:17:00.448,1.16004,1.16021,1.68,1.19
2014.03.24 07:17:00.911,1.16004,1.1602,1.00,1.24
2014.03.24 07:17:01.012,1.16002,1.16018,2.22,1.87
2014.03.24 07:17:09.905,1.16001,1.16016,1.25,1.15
2014.03.24 07:17:11.910,1.16001,1.16018,1.19,1.87
2014.03.24 07:17:13.232,1.16001,1.16018,1.87,1.19
2014.03.24 07:17:13.333,1.16004,1.16019,1.62,1.24
2014.03.24 07:17:13.893,1.16004,1.16021,1.93,1.62
2014.03.24 07:17:16.826,1.16004,1.16021,1.93,1.32
2014.03.24 07:17:17.561,1.16007,1.16022,1.00,3.64
2014.03.24 07:17:18.769,1.16007,1.16022,1.00,4.02
2014.03.24 07:17:20.378,1.16007,1.16019,1.00,3.27
2014.03.24 07:17:20.429,1.16002,1.16019,1.93,4.02
2014.03.24 07:17:22.091,1.16003,1.16018,1.15,1.15
2014.03.24 07:17:22.597,1.16004,1.16019,1.15,4.02
2014.03.24 07:17:23.225,1.16003,1.16018,1.62,1.15
2014.03.24 07:17:25.516,1.16003,1.16019,1.25,1.99
2014.03.24 07:17:25.669,1.16002,1.16017,1.00,1.24
2014.03.24 07:17:25.770,1.15999,1.16014,1.54,1.15
2014.03.24 07:17:26.500,1.16001,1.16015,1.00,1.24
2014.03.24 07:17:31.506,1.16001,1.16017,1.00,1.24
2014.03.24 07:17:31.809,1.16001,1.16017,1.62,1.24
2014.03.24 07:17:34.006,1.16001,1.16018,1.93,1.99
2014.03.24 07:17:34.555,1.16004,1.16019,1.00,1.24
2014.03.24 07:17:35.064,1.16004,1.16018,1.00,1.15
2014.03.24 07:17:47.294,1.16006,1.16018,1.00,1.15
2014.03.24 07:17:51.131,1.16008,1.16021,1.00,2.89
2014.03.24 07:17:51.863,1.16008,1.16023,1.00,2.37
2014.03.24 07:17:52.772,1.1601,1.16023,1.00,1.87
2014.03.24 07:17:52.974,1.1601,1.16021,1.00,1.15
2014.03.24 07:18:00.116,1.1601,1.16024,1.00,1.87
2014.03.24 07:18:00.419,1.1601,1.16021,1.00,2.37
2014.03.24 07:18:00.950,1.1601,1.16021,1.00,2.37
2014.03.24 07:18:01.132,1.16008,1.16021,1.00,2.37
2014.03.24 07:18:01.767,1.16007,1.16021,1.00,2.37
2014.03.24 07:18:02.403,1.16007,1.16021,1.00,2.37
2014.03.24 07:18:03.085,1.16008,1.16021,1.00,2.37
2014.03.24 07:18:03.338,1.16009,1.16021,1.00,1.15
2014.03.24 07:18:03.540,1.16012,1.16025,1.00,3.49
2014.03.24 07:18:05.688,1.16012,1.16025,1.00,2.74
2014.03.24 07:18:05.890,1.16009,1.16023,1.00,1.87
2014.03.24 07:18:06.677,1.16009,1.16022,1.00,1.87
2014.03.24 07:18:12.308,1.16009,1.1602,1.00,2.37
2014.03.24 07:18:12.611,1.16009,1.16018,1.00,1.87
2014.03.24 07:18:12.713,1.16007,1.16016,1.00,1.15
2014.03.24 07:18:13.080,1.16007,1.16014,1.00,1.15
2014.03.24 07:18:19.296,1.16007,1.16019,1.00,1.62
2014.03.24 07:18:19.398,1.16007,1.16017,2.78,1.15
2014.03.24 07:18:19.499,1.1601,1.16021,1.00,2.37
2014.03.24 07:18:19.802,1.16012,1.16022,1.00,2.37
2014.03.24 07:18:19.852,1.16012,1.16022,1.00,1.62
2014.03.24 07:18:20.105,1.16012,1.16022,1.00,2.37
2014.03.24 07:18:25.868,1.16012,1.16021,1.00,2.37
2014.03.24 07:18:26.424,1.16012,1.1602,1.00,1.15
2014.03.24 07:18:29.206,1.16015,1.16021,1.00,1.19
2014.03.24 07:18:29.262,1.16015,1.16025,1.00,1.24
2014.03.24 07:18:29.566,1.16015,1.16026,1.00,1.24
2014.03.24 07:18:29.617,1.16018,1.16026,1.00,1.24
2014.03.24 07:18:33.360,1.16018,1.16027,1.00,1.99
2014.03.24 07:18:33.716,1.16015,1.16026,1.00,1.24
2014.03.24 07:18:37.143,1.16015,1.16027,1.00,1.99
2014.03.24 07:18:37.667,1.16015,1.16027,1.00,1.99
2014.03.24 07:18:38.663,1.16015,1.16027,1.00,1.00
2014.03.24 07:18:40.056,1.16015,1.1603,1.00,1.99
2014.03.24 07:18:40.410,1.16018,1.1603,1.00,1.24
2014.03.24 07:18:42.274,1.16018,1.16029,1.00,1.24
2014.03.24 07:18:49.403,1.16018,1.16027,1.00,1.57
2014.03.24 07:18:50.092,1.16018,1.16027,1.00,1.00
2014.03.24 07:19:01.862,1.16022,1.16027,1.00,1.80
2014.03.24 07:19:02.070,1.1602,1.16027,1.00,1.38
2014.03.24 07:19:02.423,1.16018,1.16026,1.00,1.24
2014.03.24 07:19:02.626,1.16018,1.16025,1.00,1.24
2014.03.24 07:19:03.442,1.16018,1.16025,1.00,1.24
2014.03.24 07:19:08.142,1.16018,1.16027,1.00,1.99
2014.03.24 07:19:08.445,1.1602,1.16027,1.00,1.00
2014.03.24 07:19:08.785,1.16022,1.16027,1.00,1.00
2014.03.24 07:19:12.043,1.16022,1.1603,1.00,1.05
2014.03.24 07:19:19.953,1.16022,1.16032,1.00,1.68
2014.03.24 07:19:32.411,1.16026,1.16035,1.00,1.24
2014.03.24 07:19:32.462,1.16026,1.16036,1.00,1.24
2014.03.24 07:19:32.563,1.16026,1.16035,1.00,1.15
2014.03.24 07:19:34.315,1.16026,1.16037,1.00,1.05
2014.03.24 07:19:40.295,1.16026,1.16034,1.00,1.05
2014.03.24 07:19:40.396,1.16026,1.16034,1.00,1.05
2014.03.24 07:19:40.966,1.16026,1.16034,1.00,1.05
2014.03.24 07:19:41.683,1.16026,1.16034,1.00,1.24
2014.03.24 07:19:41.835,1.16026,1.16034,1.00,1.24
2014.03.24 07:19:42.123,1.16026,1.16034,1.00,1.24
2014.03.24 07:19:42.345,1.16026,1.16034,1.00,1.24
2014.03.24 07:19:43.988,1.16023,1.16034,1.00,1.05
2014.03.24 07:19:44.594,1.16023,1.16034,1.00,1.05
2014.03.24 07:19:50.258,1.16025,1.16036,1.00,1.24
2014.03.24 07:19:50.309,1.16025,1.16037,1.00,1.63
2014.03.24 07:19:50.712,1.16028,1.16038,1.00,1.53
2014.03.24 07:19:59.214,1.16028,1.16037,1.00,1.32
2014.03.24 07:20:03.070,1.16025,1.16039,1.00,2.74
2014.03.24 07:20:06.038,1.16025,1.16039,1.00,1.24
2014.03.24 07:20:09.765,1.16025,1.16037,1.00,1.62
2014.03.24 07:20:11.283,1.16025,1.16037,1.00,1.25
2014.03.24 07:20:23.835,1.16025,1.16041,1.68,2.74
2014.03.24 07:20:23.937,1.16028,1.16041,1.00,1.99
2014.03.24 07:20:31.177,1.16028,1.16041,1.00,3.12
2014.03.24 07:20:31.751,1.16028,1.16041,1.00,2.37
2014.03.24 07:20:32.662,1.16028,1.16041,2.85,1.19
2014.03.24 07:20:32.763,1.1603,1.16043,1.60,1.24
2014.03.24 07:20:32.865,1.16033,1.16044,1.68,1.00
2014.03.24 07:20:33.291,1.16035,1.1605,1.00,1.99
2014.03.24 07:20:33.594,1.16035,1.16052,1.00,2.74
2014.03.24 07:20:33.645,1.16038,1.16052,1.00,1.99
2014.03.24 07:20:34.171,1.16038,1.16052,1.00,1.99
2014.03.24 07:20:34.474,1.1604,1.16052,1.00,1.63
2014.03.24 07:20:34.787,1.16042,1.16052,1.00,1.63
2014.03.24 07:20:35.984,1.16042,1.16052,1.00,1.63
2014.03.24 07:20:40.672,1.16039,1.16052,1.00,1.63
2014.03.24 07:20:40.773,1.16036,1.16052,1.19,1.99
2014.03.24 07:20:41.275,1.16036,1.16052,1.00,4.02
2014.03.24 07:20:47.505,1.16036,1.1605,1.00,1.24
2014.03.24 07:20:49.677,1.16033,1.1605,3.45,1.99
2014.03.24 07:20:50.203,1.16033,1.1605,1.68,4.02
2014.03.24 07:20:50.657,1.16033,1.16047,1.00,1.24
2014.03.24 07:20:53.078,1.16033,1.16044,1.00,1.63
2014.03.24 07:20:53.382,1.1603,1.16037,1.00,1.00
2014.03.24 07:20:53.433,1.16027,1.16037,1.00,1.00
2014.03.24 07:20:53.535,1.16023,1.16037,1.68,1.00
2014.03.24 07:20:54.192,1.16023,1.16037,1.00,1.38
2014.03.24 07:20:54.769,1.16023,1.16037,1.00,2.07
2014.03.24 07:20:55.730,1.16023,1.16037,1.00,2.37
2014.03.24 07:20:56.519,1.16026,1.16037,1.00,1.87
2014.03.24 07:20:56.620,1.16024,1.16037,1.00,1.99
2014.03.24 07:20:57.613,1.16024,1.16038,1.68,1.19
2014.03.24 07:20:57.714,1.16027,1.16039,1.00,1.32
2014.03.24 07:20:57.972,1.16027,1.16041,1.00,2.07
2014.03.24 07:20:58.074,1.16027,1.16041,1.00,1.25
2014.03.24 07:20:58.276,1.16029,1.16041,1.00,1.00
2014.03.24 07:20:58.781,1.16029,1.1604,1.00,1.05
2014.03.24 07:21:02.798,1.16029,1.16041,1.00,1.99
2014.03.24 07:21:05.570,1.16029,1.16041,1.00,1.99
2014.03.24 07:21:05.984,1.16029,1.16042,1.00,1.99
2014.03.24 07:21:08.386,1.16029,1.16042,1.00,1.99
2014.03.24 07:21:09.623,1.16029,1.16042,1.00,1.99
2014.03.24 07:21:13.896,1.16032,1.16043,1.00,1.24
2014.03.24 07:21:14.350,1.1603,1.16043,1.00,1.24
2014.03.24 07:21:14.552,1.1603,1.16041,1.00,1.24
2014.03.24 07:21:14.653,1.16027,1.16039,1.00,1.93
2014.03.24 07:21:15.430,1.16027,1.1604,1.00,1.62
2014.03.24 07:21:15.954,1.16027,1.16039,1.00,1.93
2014.03.24 07:21:16.493,1.16027,1.16037,1.00,1.00
2014.03.24 07:21:17.259,1.16027,1.16042,1.00,2.37
2014.03.24 07:21:17.461,1.16027,1.16041,1.00,1.25
2014.03.24 07:21:17.969,1.16027,1.1604,1.00,1.15
2014.03.24 07:21:19.948,1.16027,1.1604,1.00,1.24
2014.03.24 07:21:20.480,1.16024,1.16037,3.04,1.00
2014.03.24 07:21:21.163,1.16024,1.16039,3.04,1.24
2014.03.24 07:21:22.590,1.16024,1.16036,2.29,1.05
2014.03.24 07:21:22.640,1.16021,1.16036,1.19,1.05
2014.03.24 07:21:22.691,1.16021,1.16036,1.19,1.05
2014.03.24 07:21:23.339,1.16021,1.16036,1.19,2.55
2014.03.24 07:21:23.882,1.16021,1.16036,1.19,1.80
2014.03.24 07:21:24.342,1.16021,1.16032,1.19,1.38
2014.03.24 07:21:24.545,1.16019,1.16032,1.47,1.38
2014.03.24 07:21:26.063,1.16018,1.16032,1.60,1.62
2014.03.24 07:21:26.214,1.16021,1.16032,1.00,1.00
2014.03.24 07:21:27.462,1.16021,1.16033,1.00,1.05
2014.03.24 07:21:28.024,1.16021,1.16033,2.78,1.05
2014.03.24 07:21:28.327,1.16023,1.16033,1.00,1.05
2014.03.24 07:21:29.554,1.16023,1.16034,1.00,1.05
2014.03.24 07:21:30.062,1.16023,1.16032,1.00,1.00
2014.03.24 07:21:30.424,1.16021,1.16032,1.25,1.05
2014.03.24 07:21:31.626,1.16019,1.16031,1.05,1.05
2014.03.24 07:21:34.686,1.16018,1.1603,1.19,1.05
2014.03.24 07:21:35.317,1.16015,1.1603,1.19,1.05
2014.03.24 07:21:36.109,1.16013,1.16029,1.19,1.05
2014.03.24 07:21:38.855,1.16015,1.16028,1.25,1.05
2014.03.24 07:21:40.972,1.16013,1.1603,2.97,1.93
2014.03.24 07:21:41.224,1.16013,1.16023,1.25,1.05
2014.03.24 07:21:42.615,1.1601,1.16024,2.29,1.05
2014.03.24 07:21:42.917,1.16006,1.16022,2.44,1.80
2014.03.24 07:21:43.170,1.16003,1.16019,1.69,1.68
2014.03.24 07:21:43.272,1.16003,1.16017,1.19,1.68
2014.03.24 07:21:44.845,1.16003,1.16017,1.19,3.83
2014.03.24 07:21:48.439,1.16,1.16011,1.54,1.05
2014.03.24 07:21:48.494,1.15997,1.16011,1.85,1.05
2014.03.24 07:21:48.545,1.15995,1.16011,3.04,1.05
2014.03.24 07:21:49.022,1.15993,1.16007,1.19,1.68
2014.03.24 07:21:49.123,1.15993,1.16005,1.00,1.35
2014.03.24 07:21:49.840,1.15989,1.16002,2.29,1.68
2014.03.24 07:21:56.704,1.15989,1.16002,2.48,1.68
2014.03.24 07:21:58.373,1.15992,1.16002,1.30,1.68
2014.03.24 07:22:00.352,1.15992,1.16002,1.30,1.00
2014.03.24 07:22:05.162,1.15992,1.16002,1.30,1.68
2014.03.24 07:22:05.726,1.15989,1.16002,2.67,1.00
2014.03.24 07:22:08.973,1.15991,1.16005,1.17,3.45
2014.03.24 07:22:09.125,1.15992,1.16006,2.63,1.15
2014.03.24 07:22:09.318,1.15992,1.16006,3.75,1.15
2014.03.24 07:22:09.622,1.15993,1.16009,1.69,1.93
2014.03.24 07:22:09.674,1.15997,1.16012,1.05,5.89
2014.03.24 07:22:09.724,1.15997,1.16012,1.65,3.12
2014.03.24 07:22:09.826,1.15995,1.1601,2.78,1.05
2014.03.24 07:22:10.395,1.15991,1.16008,2.59,1.87
2014.03.24 07:22:10.952,1.15991,1.16008,2.59,1.93
2014.03.24 07:22:11.713,1.15991,1.16008,1.92,1.87
2014.03.24 07:22:12.342,1.15991,1.16008,1.73,2.74
2014.03.24 07:22:12.645,1.15988,1.15999,1.57,2.78
2014.03.24 07:22:13.364,1.15988,1.15999,1.38,2.78
2014.03.24 07:22:15.165,1.15988,1.15999,1.38,1.25
2014.03.24 07:22:15.266,1.15988,1.16001,1.38,1.25
2014.03.24 07:22:15.950,1.15988,1.16001,1.38,1.25
2014.03.24 07:22:18.534,1.15988,1.16001,1.38,1.62
2014.03.24 07:22:19.187,1.15988,1.16001,1.38,1.62
2014.03.24 07:22:19.963,1.15988,1.16001,1.38,1.62
2014.03.24 07:22:20.623,1.15988,1.16001,1.38,1.62
2014.03.24 07:22:21.234,1.15985,1.16001,2.74,1.62
2014.03.24 07:22:21.792,1.15985,1.16001,1.99,1.62
2014.03.24 07:22:22.749,1.15985,1.16001,1.99,1.62
2014.03.24 07:22:23.816,1.15985,1.16001,1.53,1.62
2014.03.24 07:22:23.917,1.15984,1.15999,1.80,2.22
2014.03.24 07:22:24.220,1.15984,1.15998,1.38,1.62
2014.03.24 07:22:24.492,1.15983,1.15998,1.43,4.02
2014.03.24 07:22:24.543,1.15981,1.15995,1.13,1.35
2014.03.24 07:22:24.846,1.15978,1.15989,1.38,1.15
2014.03.24 07:22:25.353,1.15978,1.15988,1.38,1.25
2014.03.24 07:22:25.861,1.15978,1.15988,1.38,1.25
2014.03.24 07:22:29.034,1.15978,1.15988,1.13,1.25
2014.03.24 07:22:29.288,1.15974,1.15988,1.05,1.25
2014.03.24 07:22:29.389,1.15973,1.15987,1.25,2.70
2014.03.24 07:22:29.970,1.15973,1.15981,1.38,1.68
2014.03.24 07:22:30.537,1.15973,1.1598,1.00,1.15
2014.03.24 07:22:31.194,1.15968,1.1598,1.88,1.15
2014.03.24 07:22:31.785,1.1597,1.1598,1.38,1.15
2014.03.24 07:22:32.305,1.1597,1.1598,1.38,1.15
2014.03.24 07:22:33.402,1.15973,1.1598,1.38,1.15
2014.03.24 07:22:34.584,1.15973,1.15981,1.38,1.93
2014.03.24 07:22:35.124,1.15973,1.15981,1.38,1.93
2014.03.24 07:22:36.347,1.15973,1.1598,1.13,1.15
2014.03.24 07:22:38.374,1.15973,1.15981,1.13,1.00
2014.03.24 07:22:39.592,1.15973,1.15984,1.00,1.87
2014.03.24 07:22:47.213,1.15973,1.15984,1.13,1.62
2014.03.24 07:22:56.964,1.15968,1.15983,1.63,1.15
2014.03.24 07:22:57.216,1.15973,1.15984,1.00,1.62
2014.03.24 07:22:58.357,1.15973,1.15986,1.38,1.69
2014.03.24 07:22:58.459,1.15973,1.15988,1.38,1.87
2014.03.24 07:22:58.560,1.15973,1.15988,1.99,1.00
2014.03.24 07:22:59.211,1.15973,1.15989,2.74,1.15
2014.03.24 07:22:59.930,1.15973,1.1599,2.74,1.87
2014.03.24 07:23:00.828,1.15973,1.1599,2.74,1.87
2014.03.24 07:23:01.362,1.15978,1.1599,1.38,1.62
2014.03.24 07:23:01.877,1.15978,1.15992,1.00,2.37
2014.03.24 07:23:02.785,1.15978,1.15992,1.38,2.37
2014.03.24 07:23:03.304,1.15978,1.15992,1.00,2.37
2014.03.24 07:23:03.961,1.15976,1.15992,1.38,2.37
2014.03.24 07:23:08.515,1.15976,1.15992,1.38,2.37
2014.03.24 07:23:09.110,1.15976,1.15989,1.38,1.15
2014.03.24 07:23:10.502,1.15976,1.15992,1.38,2.37
2014.03.24 07:23:10.755,1.15976,1.15991,1.63,1.15
2014.03.24 07:23:11.061,1.15978,1.15994,1.88,4.39
2014.03.24 07:23:11.212,1.15978,1.15994,2.82,1.62
2014.03.24 07:23:11.751,1.15978,1.15995,2.07,1.87
2014.03.24 07:23:14.380,1.15978,1.15995,2.07,1.87
2014.03.24 07:23:17.357,1.15978,1.15995,2.07,1.87
2014.03.24 07:23:19.596,1.15978,1.15995,1.88,1.87
2014.03.24 07:23:23.742,1.15978,1.15993,2.07,1.25
2014.03.24 07:23:25.266,1.15979,1.15993,1.05,1.19
2014.03.24 07:23:25.783,1.15978,1.15993,1.38,1.19
2014.03.24 07:23:26.386,1.15978,1.15991,1.38,1.00
2014.03.24 07:23:26.530,1.15976,1.15991,1.62,1.00
2014.03.24 07:23:26.631,1.15975,1.15991,1.57,1.68
2014.03.24 07:23:26.732,1.15975,1.15991,1.19,1.68
2014.03.24 07:23:26.783,1.15973,1.15988,1.19,1.43
2014.03.24 07:23:26.834,1.15973,1.15988,1.19,1.68
2014.03.24 07:23:26.885,1.15971,1.15985,1.19,1.05
2014.03.24 07:23:27.143,1.15971,1.15984,1.19,1.05
2014.03.24 07:23:32.001,1.15969,1.15986,2.07,1.80
2014.03.24 07:23:32.406,1.15971,1.15986,4.09,1.05
2014.03.24 07:23:34.030,1.15971,1.15986,3.34,1.05
2014.03.24 07:23:47.120,1.15975,1.15987,1.00,1.05
2014.03.24 07:23:50.202,1.15973,1.15986,1.69,1.05
2014.03.24 07:23:50.729,1.15973,1.15985,1.69,1.05
2014.03.24 07:23:53.001,1.15971,1.15983,1.19,1.05
2014.03.24 07:23:53.204,1.15968,1.15981,2.18,1.05
2014.03.24 07:23:53.553,1.15968,1.1598,1.00,1.68
2014.03.24 07:24:04.260,1.15968,1.15981,1.38,1.87
2014.03.24 07:24:04.640,1.15968,1.15981,1.38,1.87
2014.03.24 07:24:05.044,1.15969,1.15983,2.40,1.15
2014.03.24 07:24:05.196,1.15971,1.15987,1.00,1.19
2014.03.24 07:24:05.349,1.15973,1.15988,2.03,1.62
2014.03.24 07:24:10.028,1.15973,1.15988,2.97,1.15
2014.03.24 07:24:10.550,1.15973,1.15988,2.22,1.99
2014.03.24 07:24:10.854,1.15968,1.15982,3.53,1.99
2014.03.24 07:24:11.157,1.15971,1.15982,1.00,1.19
2014.03.24 07:24:11.258,1.15971,1.15985,1.00,2.74
2014.03.24 07:24:11.410,1.15973,1.15985,1.00,1.87
2014.03.24 07:24:11.461,1.15973,1.15987,1.00,2.37
2014.03.24 07:24:11.613,1.15973,1.15989,2.18,1.87
2014.03.24 07:24:11.663,1.15975,1.15989,1.00,1.87
2014.03.24 07:24:11.765,1.15975,1.15988,1.00,1.15
2014.03.24 07:24:12.713,1.15975,1.15991,1.68,1.19
2014.03.24 07:24:12.825,1.15975,1.15992,3.64,1.62
2014.03.24 07:24:13.879,1.15976,1.15992,2.70,1.19
2014.03.24 07:24:14.460,1.15978,1.15995,1.43,3.12
2014.03.24 07:24:14.976,1.15978,1.15994,1.62,1.15
2014.03.24 07:24:15.077,1.1598,1.15994,1.00,1.24
2014.03.24 07:24:15.380,1.15977,1.15992,2.03,2.37
2014.03.24 07:24:16.035,1.15977,1.15994,1.80,2.37
2014.03.24 07:24:16.389,1.15977,1.15994,4.02,1.87
2014.03.24 07:24:16.492,1.15977,1.15994,4.02,1.87
2014.03.24 07:24:16.593,1.1598,1.15994,1.13,1.15
2014.03.24 07:24:17.623,1.1598,1.15997,1.38,2.37
2014.03.24 07:24:18.423,1.1598,1.15997,1.00,2.37
2014.03.24 07:24:19.672,1.1598,1.15996,1.00,1.87
2014.03.24 07:24:20.400,1.1598,1.15996,1.68,1.19
2014.03.24 07:24:20.503,1.1598,1.15996,1.00,1.87
2014.03.24 07:24:20.604,1.1598,1.15997,1.68,1.69
2014.03.24 07:24:21.121,1.15982,1.15999,1.68,2.37
2014.03.24 07:24:26.928,1.15982,1.15999,1.68,2.37
2014.03.24 07:24:31.194,1.15981,1.15997,1.24,1.62
2014.03.24 07:24:31.709,1.15982,1.15997,1.15,1.62
2014.03.24 07:24:33.855,1.15981,1.15997,1.24,1.62
2014.03.24 07:24:37.755,1.1598,1.15997,1.87,1.19
2014.03.24 07:24:41.939,1.1598,1.15997,1.87,1.25
2014.03.24 07:24:46.452,1.1598,1.15997,1.87,1.19
2014.03.24 07:24:52.880,1.1598,1.15997,1.93,1.19
2014.03.24 07:25:01.228,1.15983,1.15999,1.43,2.37
2014.03.24 07:25:03.937,1.15983,1.15997,1.80,1.19
2014.03.24 07:25:04.479,1.15983,1.15995,1.13,1.19
2014.03.24 07:25:06.051,1.15983,1.15995,1.80,1.00
2014.03.24 07:25:18.541,1.15983,1.15995,1.80,1.19
2014.03.24 07:25:20.900,1.15983,1.15995,1.80,1.19
2014.03.24 07:25:22.418,1.15983,1.15995,1.80,1.69
2014.03.24 07:25:23.309,1.15983,1.15995,1.80,1.19
2014.03.24 07:25:25.732,1.15982,1.15995,1.05,1.19
2014.03.24 07:25:26.300,1.15982,1.15995,1.05,1.19
2014.03.24 07:25:29.547,1.15983,1.15993,1.13,1.00
2014.03.24 07:25:35.395,1.15983,1.15993,1.80,1.00
2014.03.24 07:25:35.497,1.15983,1.15997,1.80,2.97
2014.03.24 07:25:35.722,1.15984,1.15997,1.80,2.97
2014.03.24 07:25:35.824,1.15988,1.15999,1.00,1.25
2014.03.24 07:25:36.566,1.15989,1.15999,1.05,1.25
2014.03.24 07:25:38.057,1.15987,1.15999,1.05,1.19
2014.03.24 07:25:41.239,1.15986,1.15999,1.05,1.19
2014.03.24 07:25:41.853,1.15985,1.15999,1.05,1.19
2014.03.24 07:25:43.238,1.15984,1.15999,1.05,1.19
2014.03.24 07:25:43.864,1.15984,1.15999,1.24,1.25
2014.03.24 07:25:46.287,1.15984,1.15999,1.05,1.19
2014.03.24 07:25:50.993,1.15984,1.15999,1.05,1.19
2014.03.24 07:25:51.498,1.15984,1.15999,1.05,1.19
2014.03.24 07:25:54.857,1.15986,1.16002,1.13,1.87
2014.03.24 07:25:55.416,1.15989,1.16002,1.00,1.87
2014.03.24 07:25:55.949,1.15989,1.16003,1.00,1.24
2014.03.24 07:25:57.191,1.15989,1.16004,1.00,1.87
2014.03.24 07:25:58.943,1.15989,1.16004,1.38,1.24
2014.03.24 07:25:59.046,1.15989,1.16004,1.00,1.24
2014.03.24 07:25:59.148,1.15991,1.16004,1.00,1.24
2014.03.24 07:25:59.249,1.15991,1.16005,2.97,1.68
2014.03.24 07:25:59.300,1.15994,1.16006,2.03,1.25
2014.03.24 07:25:59.604,1.15998,1.16006,2.78,1.00
2014.03.24 07:26:00.118,1.15998,1.16007,2.78,1.00
2014.03.24 07:26:00.464,1.15998,1.16012,2.78,1.62
2014.03.24 07:26:05.889,1.15998,1.16012,2.78,2.37
2014.03.24 07:26:07.298,1.15998,1.16012,1.00,1.24
2014.03.24 07:26:09.173,1.15998,1.16012,1.00,1.15
2014.03.24 07:26:09.870,1.15998,1.16012,1.00,1.53
2014.03.24 07:26:11.937,1.15998,1.16014,1.00,1.24
2014.03.24 07:26:12.595,1.15995,1.16012,1.32,1.25
2014.03.24 07:26:19.207,1.15995,1.16012,1.25,1.62
2014.03.24 07:26:22.537,1.15995,1.16012,1.00,2.37
2014.03.24 07:26:23.217,1.15995,1.16011,1.00,1.19
2014.03.24 07:26:27.221,1.15995,1.16011,1.68,1.19
2014.03.24 07:26:27.780,1.15996,1.16011,1.05,1.19
2014.03.24 07:26:33.983,1.15995,1.16009,1.05,1.19
2014.03.24 07:26:37.710,1.15995,1.16009,1.05,1.19
2014.03.24 07:26:41.329,1.15995,1.16009,1.53,1.00
2014.03.24 07:26:44.033,1.15995,1.16009,1.15,1.00
2014.03.24 07:26:44.134,1.15995,1.16006,1.15,1.00
2014.03.24 07:26:44.236,1.1599,1.16004,1.57,1.00
2014.03.24 07:26:44.286,1.1599,1.16004,1.57,1.00
2014.03.24 07:26:44.388,1.1599,1.16006,1.63,1.43
2014.03.24 07:26:44.489,1.15991,1.16006,1.63,1.43
2014.03.24 07:26:48.284,1.15993,1.16006,1.38,1.00
2014.03.24 07:26:48.835,1.15989,1.16006,2.74,2.37
2014.03.24 07:26:50.437,1.15989,1.16006,2.74,2.37
2014.03.24 07:26:50.589,1.15991,1.16006,2.07,1.43
2014.03.24 07:26:51.654,1.15992,1.16007,1.57,1.43
2014.03.24 07:26:52.953,1.15992,1.16007,1.32,1.43
2014.03.24 07:26:53.155,1.1599,1.16006,1.80,1.62
2014.03.24 07:26:53.258,1.1599,1.16005,1.13,1.87
2014.03.24 07:26:53.460,1.1599,1.16005,1.13,2.37
2014.03.24 07:26:53.766,1.1599,1.16006,1.38,2.37
2014.03.24 07:26:55.059,1.15988,1.16005,2.44,1.87
2014.03.24 07:26:55.110,1.15988,1.16005,1.69,1.87
2014.03.24 07:26:55.212,1.15988,1.16003,1.63,1.93
2014.03.24 07:26:55.727,1.15986,1.16003,2.37,2.37
2014.03.24 07:26:56.620,1.15986,1.16003,2.37,2.37
2014.03.24 07:26:56.771,1.15991,1.16003,1.43,1.25
2014.03.24 07:26:56.822,1.15993,1.16003,1.05,1.25
2014.03.24 07:26:56.923,1.15993,1.16005,1.05,1.00
2014.03.24 07:26:57.024,1.15993,1.16008,1.24,1.43
2014.03.24 07:27:00.261,1.15992,1.16008,1.87,3.45
2014.03.24 07:27:00.312,1.15992,1.16006,1.24,1.00
2014.03.24 07:27:00.515,1.15987,1.16003,1.57,1.68
2014.03.24 07:27:00.616,1.15987,1.16003,1.99,1.43
2014.03.24 07:27:00.919,1.15988,1.16004,2.55,1.62
2014.03.24 07:27:01.380,1.1599,1.16007,1.57,1.93
2014.03.24 07:27:02.066,1.1599,1.16007,1.57,1.93
2014.03.24 07:27:04.309,1.1599,1.16007,1.57,3.12
2014.03.24 07:27:04.511,1.15992,1.16007,1.38,2.37
2014.03.24 07:27:05.061,1.15993,1.16007,1.38,2.37
2014.03.24 07:27:05.530,1.15993,1.16007,1.38,2.37
2014.03.24 07:27:06.163,1.15993,1.16007,1.38,2.37
2014.03.24 07:27:08.217,1.15993,1.16007,1.38,2.37
2014.03.24 07:27:08.754,1.1599,1.16007,1.80,2.37
2014.03.24 07:27:11.065,1.1599,1.16007,3.30,2.37
2014.03.24 07:27:11.821,1.1599,1.16005,2.74,1.15
2014.03.24 07:27:14.793,1.15993,1.16008,2.07,1.68
2014.03.24 07:27:14.945,1.15993,1.16008,2.07,1.43
2014.03.24 07:27:14.996,1.15993,1.16008,2.07,1.68
2014.03.24 07:27:17.499,1.15994,1.16008,1.53,1.00
2014.03.24 07:27:17.652,1.15993,1.16008,2.82,1.68
2014.03.24 07:27:17.860,1.15996,1.16006,1.05,1.00
2014.03.24 07:27:18.165,1.15997,1.16007,1.05,1.00
2014.03.24 07:27:19.469,1.15995,1.16007,1.53,1.00
2014.03.24 07:27:19.671,1.15995,1.16007,1.15,1.00
2014.03.24 07:27:19.822,1.15999,1.16007,1.05,1.00
2014.03.24 07:27:21.730,1.15998,1.16013,1.57,1.43
2014.03.24 07:27:21.781,1.16001,1.16011,1.38,1.00
2014.03.24 07:27:22.084,1.16004,1.16014,1.57,1.00
2014.03.24 07:27:22.286,1.16005,1.16014,1.53,1.00
2014.03.24 07:27:22.589,1.16009,1.16016,1.05,1.00
2014.03.24 07:27:22.740,1.16009,1.16018,1.05,1.00
2014.03.24 07:27:26.129,1.16009,1.16018,1.19,1.00
2014.03.24 07:27:31.532,1.16013,1.16022,1.00,1.00
2014.03.24 07:27:31.583,1.16013,1.16022,1.38,1.00
2014.03.24 07:27:31.893,1.16013,1.16023,2.82,1.00
2014.03.24 07:27:32.574,1.16015,1.16023,1.05,1.00
2014.03.24 07:27:32.625,1.16018,1.16023,1.00,1.00
2014.03.24 07:27:32.676,1.16018,1.16026,1.13,1.00
2014.03.24 07:27:34.281,1.16018,1.16026,1.38,1.00
2014.03.24 07:27:37.667,1.16018,1.16026,1.13,1.00
2014.03.24 07:27:39.650,1.16018,1.16026,1.38,1.00
2014.03.24 07:27:42.468,1.16018,1.16026,1.13,1.00
2014.03.24 07:27:42.911,1.16014,1.16026,1.57,2.78
2014.03.24 07:27:43.064,1.16013,1.16024,1.53,2.03
2014.03.24 07:27:43.368,1.16011,1.16022,1.63,1.00
2014.03.24 07:27:43.568,1.16011,1.16022,1.63,1.00
2014.03.24 07:27:45.897,1.16011,1.16024,1.63,2.70
2014.03.24 07:27:46.515,1.16009,1.16022,2.07,1.00
2014.03.24 07:27:47.071,1.16009,1.16022,1.57,1.00
2014.03.24 07:27:47.172,1.16009,1.16024,1.57,1.43
2014.03.24 07:27:56.016,1.16009,1.16024,1.57,1.43
2014.03.24 07:27:58.264,1.16009,1.16024,1.57,1.43
2014.03.24 07:27:58.804,1.16009,1.16024,1.57,1.43
2014.03.24 07:28:00.226,1.16009,1.16022,1.57,1.00
2014.03.24 07:28:00.378,1.16007,1.16021,1.32,1.43
2014.03.24 07:28:00.481,1.16005,1.16021,1.57,1.99
2014.03.24 07:28:00.532,1.16005,1.16021,1.32,2.37
2014.03.24 07:28:00.734,1.16003,1.16018,2.07,1.68
2014.03.24 07:28:06.126,1.16003,1.16018,2.07,4.20
2014.03.24 07:28:10.028,1.16003,1.16016,2.07,1.43
2014.03.24 07:28:16.096,1.16003,1.16016,1.25,1.43
2014.03.24 07:28:16.248,1.16,1.16016,1.57,1.93
2014.03.24 07:28:16.401,1.16,1.16016,1.57,1.93
2014.03.24 07:28:16.754,1.15999,1.16012,1.05,1.00
2014.03.24 07:28:18.494,1.15998,1.16012,1.63,1.68
2014.03.24 07:28:19.257,1.15998,1.16012,1.63,1.68
2014.03.24 07:28:21.038,1.15995,1.16012,2.82,2.74
2014.03.24 07:28:21.650,1.15997,1.16012,1.32,2.55
2014.03.24 07:28:32.034,1.15997,1.16012,1.32,2.55
2014.03.24 07:28:32.536,1.15997,1.16012,1.99,1.50
2014.03.24 07:28:33.009,1.15996,1.16011,1.19,1.05
2014.03.24 07:28:33.312,1.15995,1.16007,1.19,1.43
2014.03.24 07:28:39.735,1.15993,1.16007,1.69,1.80
2014.03.24 07:28:39.786,1.15993,1.16007,1.69,1.80
2014.03.24 07:28:40.290,1.15993,1.16005,1.00,2.78
2014.03.24 07:28:42.384,1.1599,1.16005,1.32,3.83
2014.03.24 07:28:44.446,1.15989,1.16005,1.99,3.83
2014.03.24 07:28:49.177,1.15989,1.16005,1.53,4.02
2014.03.24 07:28:51.167,1.1599,1.16005,1.32,3.83
2014.03.24 07:28:52.117,1.1599,1.16005,1.32,4.20
2014.03.24 07:28:52.169,1.15988,1.16004,3.49,1.93
2014.03.24 07:28:52.382,1.15988,1.16001,1.38,1.43
2014.03.24 07:28:52.686,1.15985,1.15997,1.19,1.13
2014.03.24 07:28:52.989,1.15985,1.15994,1.19,1.68
2014.03.24 07:28:53.293,1.15978,1.1599,1.69,1.00
2014.03.24 07:28:53.394,1.15978,1.1599,1.25,3.15
2014.03.24 07:28:55.124,1.15978,1.15988,1.38,1.80
2014.03.24 07:28:56.792,1.15978,1.15988,1.38,1.38
2014.03.24 07:28:56.893,1.15974,1.15988,1.57,1.80
2014.03.24 07:28:56.944,1.15974,1.15986,1.32,1.05
2014.03.24 07:28:57.262,1.15973,1.15985,1.57,1.80
2014.03.24 07:29:00.527,1.15973,1.15985,1.38,1.80
2014.03.24 07:29:00.679,1.15973,1.15987,1.57,1.80
2014.03.24 07:29:00.780,1.15974,1.15987,1.63,1.00
2014.03.24 07:29:01.083,1.15978,1.1599,1.57,1.05
2014.03.24 07:29:01.186,1.15983,1.1599,1.38,1.05
2014.03.24 07:29:01.236,1.15983,1.15995,1.38,2.44
2014.03.24 07:29:01.338,1.15983,1.15996,1.63,1.05
2014.03.24 07:29:01.439,1.15983,1.15996,1.63,1.05
2014.03.24 07:29:01.668,1.15983,1.15995,1.32,1.05
2014.03.24 07:29:02.091,1.15983,1.15994,1.00,3.83
2014.03.24 07:29:02.330,1.15983,1.15994,1.13,2.78
2014.03.24 07:29:02.853,1.15983,1.15997,1.32,3.83
2014.03.24 07:29:03.367,1.15983,1.15995,1.00,2.70
2014.03.24 07:29:04.698,1.15983,1.15994,1.38,1.43
2014.03.24 07:29:06.905,1.15988,1.15994,1.00,1.00
2014.03.24 07:29:07.158,1.15988,1.15998,1.00,1.99
2014.03.24 07:29:08.429,1.15983,1.15998,1.63,1.99
2014.03.24 07:29:09.021,1.15983,1.15996,1.63,1.00
2014.03.24 07:29:10.582,1.15984,1.15996,1.57,1.00
2014.03.24 07:29:12.868,1.15984,1.15996,1.57,1.00
2014.03.24 07:29:12.970,1.15984,1.15998,1.57,1.43
2014.03.24 07:29:13.071,1.15988,1.15998,1.38,1.43
2014.03.24 07:29:13.222,1.15984,1.15998,2.07,1.43
2014.03.24 07:29:14.495,1.15985,1.15998,1.63,1.43
2014.03.24 07:29:15.653,1.15988,1.15998,1.38,1.00
2014.03.24 07:29:15.855,1.15988,1.16,1.38,1.15
2014.03.24 07:29:21.237,1.15988,1.16001,1.63,1.05
2014.03.24 07:29:23.657,1.15988,1.16001,1.63,1.05
2014.03.24 07:29:24.186,1.15988,1.16001,1.13,1.05
2014.03.24 07:29:31.119,1.15986,1.16001,1.57,1.05
2014.03.24 07:29:32.634,1.15986,1.16001,1.57,1.05
2014.03.24 07:29:38.589,1.15985,1.16001,2.07,1.05
2014.03.24 07:29:42.689,1.15988,1.16001,1.13,1.05
2014.03.24 07:29:42.806,1.15988,1.16002,1.80,3.72
2014.03.24 07:29:42.908,1.15989,1.16002,1.05,2.97
2014.03.24 07:29:43.009,1.15988,1.16003,1.19,1.68
2014.03.24 07:29:53.070,1.15988,1.16002,1.25,1.28
2014.03.24 07:29:53.315,1.15988,1.16002,1.63,1.28
2014.03.24 07:29:53.862,1.15988,1.16002,1.63,3.38
2014.03.24 07:29:56.470,1.15988,1.16002,1.63,3.38
2014.03.24 07:29:58.323,1.15988,1.16002,1.25,2.03
2014.03.24 07:29:58.676,1.15987,1.16,1.32,2.03
2014.03.24 07:29:58.777,1.15984,1.16,2.07,2.78
2014.03.24 07:29:59.256,1.15984,1.15998,2.07,2.03
2014.03.24 07:29:59.583,1.15984,1.15996,1.38,2.22
2014.03.24 07:30:00.216,1.15982,1.15996,1.05,2.22
2014.03.24 07:30:00.720,1.1598,1.15996,2.07,4.17
2014.03.24 07:30:00.822,1.15978,1.15994,2.74,1.25
2014.03.24 07:30:01.024,1.15978,1.15991,2.07,1.00
2014.03.24 07:30:01.327,1.15976,1.1599,1.57,1.00
2014.03.24 07:30:01.847,1.15978,1.1599,2.07,1.00
2014.03.24 07:30:02.554,1.15976,1.1599,1.99,1.00
2014.03.24 07:30:04.356,1.15977,1.1599,1.53,1.00
2014.03.24 07:30:10.405,1.15976,1.1599,1.53,2.78
2014.03.24 07:30:13.388,1.15975,1.15988,1.99,1.00
2014.03.24 07:30:13.668,1.15975,1.1599,1.99,2.78
2014.03.24 07:30:13.821,1.15975,1.15988,1.99,1.00
2014.03.24 07:30:14.452,1.15975,1.15988,1.99,2.78
2014.03.24 07:30:14.871,1.15974,1.15986,1.24,1.00
2014.03.24 07:30:15.125,1.15972,1.15986,1.24,3.45
2014.03.24 07:30:15.227,1.1597,1.15981,1.24,1.00
2014.03.24 07:30:15.328,1.1597,1.15981,1.15,1.00
2014.03.24 07:30:15.759,1.15969,1.15979,1.32,1.00
2014.03.24 07:30:16.556,1.15968,1.15979,1.19,1.00
2014.03.24 07:30:21.676,1.15969,1.15979,1.32,1.00
2014.03.24 07:30:21.827,1.15969,1.15982,1.57,1.68
2014.03.24 07:30:22.374,1.15971,1.15982,1.32,1.68
2014.03.24 07:30:22.987,1.15971,1.15982,1.57,1.68
2014.03.24 07:30:23.519,1.15971,1.15982,1.19,1.68
2014.03.24 07:30:23.700,1.15971,1.15985,1.69,1.28
2014.03.24 07:30:23.902,1.15973,1.15987,1.19,1.80
2014.03.24 07:30:24.456,1.15973,1.15985,1.19,1.00
2014.03.24 07:30:24.507,1.15972,1.15985,1.19,1.00
2014.03.24 07:30:25.483,1.1597,1.15985,1.32,3.45
2014.03.24 07:30:25.635,1.15972,1.15985,1.05,2.78
2014.03.24 07:30:26.173,1.15972,1.15984,1.05,1.00
2014.03.24 07:30:28.457,1.15971,1.15984,1.15,1.00
2014.03.24 07:30:29.169,1.15969,1.15984,1.99,1.00
2014.03.24 07:30:30.999,1.15969,1.15984,1.19,2.18
2014.03.24 07:30:31.476,1.15969,1.15982,1.19,2.40
2014.03.24 07:30:31.729,1.15963,1.15975,3.72,1.68
2014.03.24 07:30:31.830,1.15962,1.15972,1.38,1.00
2014.03.24 07:30:32.134,1.15966,1.15974,1.57,1.00
2014.03.24 07:30:33.238,1.15966,1.15974,1.57,1.00
2014.03.24 07:30:40.234,1.15963,1.15974,1.57,1.00
2014.03.24 07:30:40.335,1.15962,1.15972,1.57,1.00
2014.03.24 07:30:40.840,1.15963,1.15975,1.69,1.68
2014.03.24 07:30:40.941,1.15963,1.15975,1.69,1.00
2014.03.24 07:30:41.093,1.15964,1.15973,1.19,1.00
2014.03.24 07:30:41.144,1.15963,1.15973,1.19,1.00
2014.03.24 07:30:41.245,1.15959,1.15973,1.62,1.00
2014.03.24 07:30:41.296,1.15959,1.15971,1.62,1.00
2014.03.24 07:30:42.377,1.15959,1.15968,1.62,1.00
2014.03.24 07:30:43.683,1.1596,1.15968,1.19,1.00
2014.03.24 07:30:46.082,1.15961,1.15968,1.15,1.00
2014.03.24 07:30:46.577,1.15961,1.15971,1.15,1.00
2014.03.24 07:30:46.679,1.15963,1.15971,1.00,1.00
2014.03.24 07:30:47.683,1.15959,1.15971,1.19,1.00
2014.03.24 07:30:47.786,1.15958,1.15969,1.69,1.00
2014.03.24 07:30:47.887,1.15958,1.15969,1.00,1.00
2014.03.24 07:30:49.802,1.15958,1.15969,1.38,1.00
2014.03.24 07:30:49.904,1.15958,1.15969,1.00,1.00
2014.03.24 07:30:50.505,1.15957,1.15969,1.15,1.00
2014.03.24 07:30:51.650,1.15957,1.15971,1.15,1.00
2014.03.24 07:30:52.269,1.15955,1.15971,1.87,1.00
2014.03.24 07:30:52.613,1.15958,1.15971,1.00,1.00
2014.03.24 07:30:52.716,1.15958,1.15969,1.00,2.03
2014.03.24 07:30:53.021,1.15958,1.15965,1.00,1.00
2014.03.24 07:30:53.595,1.15954,1.15965,1.24,1.00
2014.03.24 07:30:55.717,1.15956,1.15968,1.05,1.00
2014.03.24 07:30:55.819,1.15955,1.15971,1.99,1.00
2014.03.24 07:30:55.920,1.15958,1.15968,1.00,1.68
2014.03.24 07:30:56.224,1.15958,1.15965,1.00,1.00
2014.03.24 07:30:56.274,1.15954,1.15965,1.99,1.00
2014.03.24 07:30:56.577,1.15954,1.15968,1.99,1.00
2014.03.24 07:30:57.165,1.15955,1.15968,1.62,1.00
2014.03.24 07:30:59.416,1.15955,1.15968,1.19,1.68
2014.03.24 07:30:59.567,1.15952,1.15965,1.19,1.00
2014.03.24 07:31:00.443,1.1595,1.15965,1.87,1.00
2014.03.24 07:31:03.298,1.15951,1.15967,1.19,2.18
2014.03.24 07:31:03.881,1.15951,1.15967,1.87,1.50
2014.03.24 07:31:06.819,1.15951,1.15967,1.99,1.00
2014.03.24 07:31:07.072,1.15955,1.1597,1.15,1.25
2014.03.24 07:31:07.384,1.15954,1.15969,1.43,2.37
2014.03.24 07:31:07.889,1.15951,1.15967,1.87,1.00
2014.03.24 07:31:11.084,1.15951,1.15967,1.99,1.00
2014.03.24 07:31:13.732,1.15953,1.15968,1.25,1.24
2014.03.24 07:31:15.602,1.15953,1.15968,1.25,1.24
2014.03.24 07:31:15.754,1.15951,1.15966,1.00,1.53
2014.03.24 07:31:16.156,1.15951,1.15965,1.00,1.24
2014.03.24 07:31:17.017,1.15951,1.15965,1.00,1.24
2014.03.24 07:31:19.445,1.15951,1.15966,1.00,1.99
2014.03.24 07:31:20.778,1.15951,1.15962,1.00,1.00
2014.03.24 07:31:20.880,1.15951,1.15966,1.00,2.37
2014.03.24 07:31:23.984,1.1595,1.15963,1.24,1.00
2014.03.24 07:31:32.640,1.1595,1.15963,1.05,1.00
2014.03.24 07:31:32.692,1.1595,1.15966,1.99,2.74
2014.03.24 07:31:32.844,1.15953,1.15966,1.05,1.25
2014.03.24 07:31:32.895,1.15953,1.15968,2.37,1.84
2014.03.24 07:31:33.092,1.15958,1.15969,1.68,1.38
2014.03.24 07:31:33.143,1.15958,1.15972,1.68,1.00
2014.03.24 07:31:33.498,1.1596,1.15974,1.15,1.00
2014.03.24 07:31:34.323,1.1596,1.15976,1.25,1.62
2014.03.24 07:31:34.375,1.1596,1.15976,1.63,1.62
2014.03.24 07:31:34.850,1.15963,1.15979,1.80,1.19
2014.03.24 07:31:35.408,1.15964,1.15979,1.05,1.19
2014.03.24 07:31:37.371,1.15965,1.15981,1.63,1.54
2014.03.24 07:31:39.418,1.15965,1.15981,1.25,1.92
2014.03.24 07:31:39.469,1.15965,1.15977,1.25,1.00
2014.03.24 07:31:39.570,1.15965,1.15981,1.25,1.54
2014.03.24 07:31:40.084,1.15965,1.15981,1.63,1.54
2014.03.24 07:31:43.644,1.15965,1.15981,1.32,1.54
2014.03.24 07:31:47.961,1.15965,1.15981,1.32,1.54
2014.03.24 07:31:48.804,1.15965,1.15981,1.32,2.22
2014.03.24 07:31:54.879,1.15965,1.15977,1.19,1.00
2014.03.24 07:31:54.980,1.15965,1.15981,1.25,2.22
2014.03.24 07:31:56.068,1.15965,1.15981,1.63,2.22
2014.03.24 07:31:56.760,1.15965,1.15981,1.57,2.03
2014.03.24 07:32:00.683,1.15965,1.15979,1.00,1.15
2014.03.24 07:32:07.095,1.15967,1.1598,1.00,1.24
2014.03.24 07:32:07.448,1.15967,1.15983,1.19,1.80
2014.03.24 07:32:09.795,1.15967,1.15983,3.34,1.38
2014.03.24 07:32:10.369,1.1597,1.15983,1.00,1.05
2014.03.24 07:32:12.069,1.15969,1.15984,2.22,1.99
2014.03.24 07:32:13.579,1.15968,1.15984,1.19,1.99
2014.03.24 07:32:14.569,1.15968,1.15984,1.19,1.99
2014.03.24 07:32:16.515,1.15968,1.15984,1.19,1.99
2014.03.24 07:32:16.869,1.15966,1.15982,1.00,1.99
2014.03.24 07:32:19.704,1.15966,1.15979,1.00,1.05
2014.03.24 07:32:19.806,1.15964,1.15979,1.00,1.24
2014.03.24 07:32:19.907,1.15961,1.15977,1.54,1.19
2014.03.24 07:32:21.172,1.15961,1.15977,1.00,2.74
2014.03.24 07:32:21.701,1.15961,1.15976,1.25,1.15
2014.03.24 07:32:21.852,1.15963,1.15976,1.00,1.15
2014.03.24 07:32:22.257,1.15961,1.15977,1.25,2.07
2014.03.24 07:32:29.369,1.15961,1.15976,1.25,1.53
2014.03.24 07:32:30.566,1.15961,1.15976,1.25,1.53
2014.03.24 07:32:31.134,1.15961,1.15976,1.25,1.53
2014.03.24 07:32:32.134,1.15961,1.15976,1.00,1.24
2014.03.24 07:32:32.807,1.15961,1.15976,1.00,1.24
2014.03.24 07:32:33.371,1.15961,1.15977,1.19,2.07
2014.03.24 07:32:34.845,1.15963,1.15977,1.00,1.63
2014.03.24 07:32:38.093,1.15963,1.15977,1.00,1.63
2014.03.24 07:32:38.755,1.15963,1.15977,1.00,1.63
2014.03.24 07:32:39.420,1.15963,1.15976,1.00,1.05
2014.03.24 07:32:41.629,1.15961,1.15975,1.19,1.05
2014.03.24 07:32:42.149,1.15961,1.15975,1.25,1.05
2014.03.24 07:32:42.464,1.15961,1.15975,1.25,1.05
2014.03.24 07:32:42.980,1.15961,1.15975,1.25,1.05
2014.03.24 07:32:47.254,1.15961,1.15977,1.25,2.74
2014.03.24 07:32:47.496,1.15961,1.15977,1.25,2.74
2014.03.24 07:32:47.816,1.15958,1.15973,1.25,1.53
2014.03.24 07:32:50.035,1.15958,1.15973,1.25,1.24
2014.03.24 07:32:50.554,1.15958,1.15973,2.07,1.15
2014.03.24 07:32:54.392,1.15958,1.15974,2.07,1.93
2014.03.24 07:32:54.951,1.15958,1.15974,2.07,1.62
2014.03.24 07:32:57.199,1.15959,1.15974,1.53,1.62
2014.03.24 07:32:57.250,1.15963,1.15974,1.00,1.25
2014.03.24 07:32:57.759,1.1596,1.15974,1.05,1.25
2014.03.24 07:33:00.252,1.1596,1.15974,1.43,1.25
2014.03.24 07:33:00.455,1.1596,1.15976,1.99,1.62
2014.03.24 07:33:01.526,1.15963,1.15978,1.00,1.47
2014.03.24 07:33:01.728,1.15964,1.15979,1.05,1.62
2014.03.24 07:33:02.370,1.15965,1.15981,1.00,2.37
2014.03.24 07:33:03.868,1.15965,1.15981,1.43,2.37
2014.03.24 07:33:03.970,1.15968,1.15981,1.00,1.15
2014.03.24 07:33:04.503,1.15968,1.15981,1.00,1.93
2014.03.24 07:33:07.371,1.15968,1.15981,1.00,1.62
2014.03.24 07:33:07.900,1.15968,1.15981,1.00,1.93
2014.03.24 07:33:10.793,1.15965,1.15981,1.19,1.93
2014.03.24 07:33:14.159,1.15965,1.1598,1.25,1.15
2014.03.24 07:33:15.077,1.15963,1.15979,3.72,1.62
2014.03.24 07:33:15.279,1.15963,1.15979,1.50,1.62
2014.03.24 07:33:15.584,1.15963,1.15979,1.69,1.62
2014.03.24 07:33:16.112,1.15963,1.15979,2.07,1.43
2014.03.24 07:33:16.632,1.15963,1.15979,2.82,1.43
2014.03.24 07:33:18.487,1.15963,1.15979,1.19,1.68
2014.03.24 07:33:20.772,1.15963,1.15979,1.19,1.68
2014.03.24 07:33:24.515,1.15962,1.15977,1.54,1.00
2014.03.24 07:33:25.953,1.15963,1.15979,2.37,1.43
2014.03.24 07:33:26.458,1.15964,1.15979,1.24,1.43
2014.03.24 07:33:26.991,1.15964,1.15979,1.24,1.43
2014.03.24 07:33:34.691,1.15964,1.15979,1.24,1.43
2014.03.24 07:33:36.220,1.15964,1.15979,1.24,1.43
2014.03.24 07:33:37.173,1.15964,1.15979,1.24,1.43
2014.03.24 07:33:37.692,1.15964,1.15979,1.24,1.43
2014.03.24 07:33:38.891,1.15964,1.15979,1.53,1.25
2014.03.24 07:33:39.570,1.15965,1.15979,1.05,1.25
2014.03.24 07:33:42.023,1.15966,1.15982,1.62,1.99
2014.03.24 07:33:44.616,1.15966,1.15982,1.63,1.62
2014.03.24 07:33:47.555,1.15966,1.15982,1.99,1.62
2014.03.24 07:33:47.814,1.15968,1.15984,1.68,1.69
2014.03.24 07:33:47.874,1.15969,1.15984,3.08,1.25
2014.03.24 07:33:48.379,1.1597,1.15986,1.32,1.93
2014.03.24 07:33:52.925,1.1597,1.15986,1.62,1.99
2014.03.24 07:33:53.538,1.1597,1.15986,1.99,1.00
2014.03.24 07:33:53.740,1.15972,1.15988,3.64,1.00
2014.03.24 07:33:53.892,1.15976,1.15991,1.62,1.24
2014.03.24 07:33:54.912,1.15976,1.15991,1.25,1.99
2014.03.24 07:33:55.014,1.15976,1.15991,1.25,1.99
2014.03.24 07:33:55.274,1.15976,1.1599,1.25,1.05
2014.03.24 07:33:55.647,1.15978,1.15989,1.25,1.05
2014.03.24 07:33:56.253,1.15976,1.15989,1.00,1.05
2014.03.24 07:33:56.354,1.15976,1.15987,1.00,1.05
2014.03.24 07:33:59.195,1.15976,1.15989,1.00,1.24
2014.03.24 07:33:59.714,1.15976,1.15991,3.64,1.05
2014.03.24 07:34:00.224,1.15976,1.15992,3.64,1.88
2014.03.24 07:34:00.325,1.15976,1.15991,3.64,1.53
2014.03.24 07:34:00.486,1.15979,1.15991,1.00,1.53
2014.03.24 07:34:01.164,1.15979,1.15991,1.00,1.53
2014.03.24 07:34:01.744,1.15979,1.15991,1.00,1.15
2014.03.24 07:34:03.369,1.15976,1.15991,1.62,1.24
2014.03.24 07:34:03.470,1.15976,1.15987,1.62,1.00
2014.03.24 07:34:05.433,1.15976,1.1599,1.00,1.24
2014.03.24 07:34:07.663,1.15976,1.1599,1.00,1.24
2014.03.24 07:34:09.359,1.15976,1.1599,1.00,1.24
2014.03.24 07:34:10.715,1.15976,1.1599,2.97,1.05
2014.03.24 07:34:10.918,1.15981,1.1599,1.00,1.05
2014.03.24 07:34:11.254,1.15981,1.15991,1.00,1.05
2014.03.24 07:34:12.065,1.15979,1.15987,1.00,1.68
2014.03.24 07:34:13.055,1.15979,1.15987,1.00,1.93
2014.03.24 07:34:13.206,1.15979,1.15992,2.78,1.68
2014.03.24 07:34:13.257,1.15982,1.15992,1.00,1.68
2014.03.24 07:34:13.359,1.1598,1.15992,1.00,1.68
2014.03.24 07:34:13.410,1.1598,1.15992,1.00,1.68
2014.03.24 07:34:14.168,1.1598,1.15987,1.00,2.03
2014.03.24 07:34:14.270,1.15974,1.1599,1.00,1.68
2014.03.24 07:34:18.431,1.15972,1.15988,1.25,1.87
2014.03.24 07:34:20.909,1.15972,1.15987,1.19,1.68
2014.03.24 07:34:21.010,1.15974,1.15987,1.25,1.43
2014.03.24 07:34:21.112,1.15974,1.1599,1.19,1.80
2014.03.24 07:34:23.098,1.15972,1.15987,2.07,1.28
2014.03.24 07:34:23.149,1.1597,1.15986,4.02,1.35
2014.03.24 07:34:23.199,1.1597,1.15986,1.32,3.15
2014.03.24 07:34:23.250,1.1597,1.15986,1.13,3.53
2014.03.24 07:34:25.147,1.15971,1.15985,2.70,2.18
2014.03.24 07:34:25.248,1.15975,1.15985,1.00,1.68
2014.03.24 07:34:25.299,1.15975,1.15985,1.00,1.43
2014.03.24 07:34:25.400,1.15975,1.15987,1.00,1.93
2014.03.24 07:34:28.797,1.15975,1.15985,1.00,1.15
2014.03.24 07:34:33.542,1.15975,1.15985,1.00,1.93
2014.03.24 07:34:33.643,1.15975,1.15985,1.00,1.62
2014.03.24 07:34:34.409,1.15975,1.15985,1.00,1.93
2014.03.24 07:34:34.561,1.15975,1.15985,1.00,1.62
2014.03.24 07:34:40.105,1.15975,1.15985,1.00,1.62
2014.03.24 07:34:40.559,1.15977,1.15989,1.00,2.37
2014.03.24 07:34:40.610,1.15977,1.15989,1.00,2.37
2014.03.24 07:34:42.262,1.15977,1.15989,1.00,1.87
2014.03.24 07:34:43.412,1.15977,1.15985,1.00,1.62
2014.03.24 07:34:47.320,1.15977,1.15985,1.00,1.43
2014.03.24 07:34:49.241,1.15974,1.15985,1.00,1.43
2014.03.24 07:34:49.985,1.15974,1.15985,1.00,1.62
2014.03.24 07:34:51.406,1.15974,1.15985,1.00,1.62
2014.03.24 07:34:52.016,1.15974,1.15985,1.00,1.62
2014.03.24 07:34:57.884,1.15974,1.15985,1.00,1.93
2014.03.24 07:34:57.985,1.15974,1.15984,1.00,1.87
2014.03.24 07:34:58.086,1.15972,1.15983,1.00,1.93
2014.03.24 07:34:58.339,1.15972,1.15983,1.00,1.25
2014.03.24 07:34:58.896,1.15972,1.15984,1.00,1.00
2014.03.24 07:35:01.177,1.15972,1.15984,1.00,1.68
2014.03.24 07:35:01.604,1.15972,1.15984,1.00,1.25
2014.03.24 07:35:02.417,1.15972,1.15985,1.00,1.15
2014.03.24 07:35:02.620,1.15972,1.15986,1.00,1.87
2014.03.24 07:35:02.721,1.15972,1.15985,1.00,1.15
2014.03.24 07:35:04.119,1.15972,1.15987,1.38,1.87
2014.03.24 07:35:06.367,1.15972,1.15987,1.38,1.87
2014.03.24 07:35:06.671,1.15972,1.15986,1.13,1.87
2014.03.24 07:35:07.011,1.15972,1.15985,1.38,1.19
2014.03.24 07:35:07.313,1.15976,1.15985,1.38,1.19
2014.03.24 07:35:07.758,1.15976,1.15986,1.38,1.00
2014.03.24 07:35:10.941,1.15976,1.15986,1.13,1.00
2014.03.24 07:35:14.795,1.15976,1.15985,1.00,1.15
2014.03.24 07:35:16.396,1.15976,1.15986,1.00,1.87
2014.03.24 07:35:17.502,1.15976,1.15985,1.00,1.15
2014.03.24 07:35:21.497,1.15972,1.15986,1.00,1.93
2014.03.24 07:35:28.203,1.15972,1.15986,1.00,1.87
2014.03.24 07:35:28.702,1.15972,1.15986,1.00,2.37
2014.03.24 07:35:29.204,1.15972,1.15984,1.00,1.25
2014.03.24 07:35:32.210,1.15972,1.15986,1.38,1.87
2014.03.24 07:35:33.170,1.15969,1.15985,2.59,1.62
2014.03.24 07:35:33.698,1.15969,1.15982,1.84,1.00
2014.03.24 07:35:34.059,1.15968,1.15982,1.05,1.25
2014.03.24 07:35:36.552,1.15966,1.15982,1.57,1.93
2014.03.24 07:35:36.653,1.15966,1.1598,1.13,1.15
2014.03.24 07:35:36.856,1.15966,1.1598,1.38,1.15
2014.03.24 07:35:37.445,1.15968,1.15982,1.05,1.19
2014.03.24 07:35:40.318,1.15968,1.15982,1.05,1.19
2014.03.24 07:35:41.628,1.15968,1.15982,1.05,1.19
2014.03.24 07:35:41.957,1.15968,1.15982,1.05,1.19
2014.03.24 07:35:45.098,1.15966,1.15982,1.80,1.62
2014.03.24 07:35:45.708,1.15969,1.15982,2.40,1.43
2014.03.24 07:35:46.797,1.1597,1.15985,1.00,1.87
2014.03.24 07:35:47.000,1.15967,1.15983,1.63,2.37
2014.03.24 07:35:47.509,1.15963,1.15978,2.74,1.00
2014.03.24 07:35:48.350,1.15963,1.15978,1.57,1.68
2014.03.24 07:35:49.001,1.15963,1.15978,1.57,1.68
2014.03.24 07:35:49.376,1.15963,1.15978,1.32,1.68
2014.03.24 07:35:50.920,1.15965,1.1598,1.00,1.99
2014.03.24 07:35:52.248,1.15965,1.15981,1.32,1.93
2014.03.24 07:35:52.299,1.15965,1.15981,1.32,1.93
2014.03.24 07:36:00.060,1.15965,1.15981,1.57,1.93
2014.03.24 07:36:00.889,1.15965,1.15981,1.19,1.93
2014.03.24 07:36:02.151,1.15965,1.15981,1.32,1.87
2014.03.24 07:36:06.574,1.15965,1.15979,1.38,1.15
2014.03.24 07:36:06.682,1.15965,1.15979,1.38,1.15
2014.03.24 07:36:07.238,1.15965,1.15979,1.00,1.15
2014.03.24 07:36:07.900,1.15965,1.15979,1.38,1.15
2014.03.24 07:36:09.823,1.15965,1.15979,1.00,1.15
2014.03.24 07:36:09.874,1.15965,1.15977,1.00,1.00
2014.03.24 07:36:10.127,1.15957,1.15973,1.99,1.43
2014.03.24 07:36:10.329,1.15957,1.15973,1.57,1.68
2014.03.24 07:36:12.191,1.15955,1.15969,3.34,1.00
2014.03.24 07:36:12.394,1.15956,1.15972,2.07,1.68
2014.03.24 07:36:12.931,1.15956,1.15972,1.32,1.93
2014.03.24 07:36:13.038,1.15956,1.15972,1.38,1.87
2014.03.24 07:36:13.838,1.15956,1.15972,1.57,1.93
2014.03.24 07:36:14.759,1.15956,1.15972,1.57,1.93
2014.03.24 07:36:14.961,1.15956,1.15972,1.32,1.99
2014.03.24 07:36:15.503,1.15954,1.1597,1.57,1.93
2014.03.24 07:36:15.923,1.15955,1.1597,1.53,1.25
2014.03.24 07:36:17.149,1.15955,1.1597,1.05,1.19
2014.03.24 07:36:22.231,1.15955,1.1597,1.53,1.25
2014.03.24 07:36:22.907,1.15955,1.1597,1.15,1.25
2014.03.24 07:36:23.492,1.15956,1.15971,1.38,1.62
2014.03.24 07:36:23.644,1.15958,1.15972,1.15,1.50
2014.03.24 07:36:23.745,1.15956,1.15972,2.74,1.00
2014.03.24 07:36:25.166,1.15956,1.15972,2.74,1.43
2014.03.24 07:36:25.368,1.15956,1.15971,1.25,1.99
2014.03.24 07:36:25.671,1.15956,1.15972,1.19,2.18
2014.03.24 07:36:26.215,1.15957,1.15972,1.32,1.43
2014.03.24 07:36:26.935,1.15957,1.15972,1.19,1.68
2014.03.24 07:36:27.137,1.15956,1.15972,1.00,2.37
2014.03.24 07:36:27.398,1.15958,1.15972,1.05,1.69
2014.03.24 07:36:27.702,1.15966,1.15975,1.05,1.43
2014.03.24 07:36:27.753,1.15966,1.15979,1.05,1.62
2014.03.24 07:36:27.855,1.15967,1.15979,1.05,1.00
2014.03.24 07:36:28.383,1.15964,1.1598,1.57,1.93
2014.03.24 07:36:30.050,1.15966,1.1598,1.05,1.25
2014.03.24 07:36:30.453,1.15968,1.15983,1.38,1.62
2014.03.24 07:36:30.784,1.15968,1.15983,1.00,1.87
2014.03.24 07:36:35.018,1.15965,1.15979,1.17,1.43
2014.03.24 07:36:36.074,1.15965,1.15979,1.17,1.43
2014.03.24 07:36:37.593,1.15965,1.15981,1.92,2.74
2014.03.24 07:36:38.236,1.15965,1.15981,1.92,2.74
2014.03.24 07:36:41.490,1.15968,1.15981,1.13,1.19
2014.03.24 07:36:41.793,1.15968,1.15983,2.23,1.62
2014.03.24 07:36:42.350,1.15968,1.15983,1.62,1.00
2014.03.24 07:36:42.451,1.15968,1.15983,1.25,1.99
2014.03.24 07:36:42.553,1.15967,1.15983,1.00,1.87
2014.03.24 07:36:43.768,1.15966,1.1598,1.15,1.00
2014.03.24 07:36:44.071,1.15973,1.15988,1.68,1.69
2014.03.24 07:36:44.551,1.15975,1.1599,1.15,1.25
2014.03.24 07:36:46.863,1.15974,1.1599,1.19,1.93
2014.03.24 07:36:46.965,1.15974,1.1599,1.62,1.62
2014.03.24 07:36:48.319,1.15974,1.15989,1.19,1.05
2014.03.24 07:36:48.420,1.15974,1.15989,1.25,1.99
2014.03.24 07:36:49.618,1.15974,1.1599,1.25,1.87
2014.03.24 07:36:50.343,1.15974,1.1599,1.19,1.93
2014.03.24 07:36:51.237,1.15974,1.1599,1.57,1.93
2014.03.24 07:36:54.751,1.15974,1.1599,1.32,1.93
2014.03.24 07:36:58.172,1.15973,1.15988,1.19,1.68
2014.03.24 07:36:58.222,1.15973,1.15986,1.25,2.70
2014.03.24 07:36:58.726,1.15973,1.15986,1.25,1.68
2014.03.24 07:37:01.800,1.1597,1.15984,1.19,1.80
2014.03.24 07:37:01.851,1.15968,1.15982,2.44,1.68
2014.03.24 07:37:01.952,1.15968,1.15981,1.00,1.68
2014.03.24 07:37:03.297,1.15963,1.15979,2.74,1.43
2014.03.24 07:37:04.223,1.15963,1.15979,2.74,1.43
2014.03.24 07:37:04.985,1.15963,1.15979,2.74,1.62
2014.03.24 07:37:06.910,1.15963,1.15979,2.74,1.62
2014.03.24 07:37:07.214,1.15968,1.15981,1.05,1.25
2014.03.24 07:37:07.417,1.1597,1.15984,1.15,1.00
2014.03.24 07:37:07.921,1.15968,1.15983,1.87,1.00
2014.03.24 07:37:08.445,1.15971,1.15984,1.05,1.00
2014.03.24 07:37:08.547,1.15973,1.15986,1.05,1.00
2014.03.24 07:37:08.648,1.15973,1.15988,1.05,1.25
2014.03.24 07:37:08.937,1.15973,1.15988,1.80,1.25
2014.03.24 07:37:08.988,1.15973,1.15988,1.80,1.69
2014.03.24 07:37:09.493,1.15974,1.15988,1.05,1.25
2014.03.24 07:37:10.748,1.15973,1.15988,1.62,1.25
2014.03.24 07:37:14.890,1.15973,1.15988,1.15,1.63
2014.03.24 07:37:15.092,1.15969,1.15984,1.19,1.43
2014.03.24 07:37:15.597,1.15969,1.15985,1.87,1.25
2014.03.24 07:37:16.644,1.15972,1.15985,1.05,1.25
2014.03.24 07:37:16.947,1.15974,1.15988,1.05,1.69
2014.03.24 07:37:20.877,1.15974,1.15988,1.05,1.69
2014.03.24 07:37:21.969,1.15973,1.15988,1.99,1.69
2014.03.24 07:37:26.984,1.15974,1.15988,1.43,1.19
2014.03.24 07:37:29.230,1.15976,1.15988,1.00,1.19
2014.03.24 07:37:31.440,1.15976,1.15988,1.00,1.25
2014.03.24 07:37:35.372,1.15973,1.15988,1.69,1.99
2014.03.24 07:37:35.423,1.15973,1.15986,1.00,1.24
2014.03.24 07:37:35.473,1.1597,1.15983,1.00,1.00
2014.03.24 07:37:35.625,1.1597,1.15983,1.00,1.87
2014.03.24 07:37:38.759,1.1597,1.15983,1.38,1.87
2014.03.24 07:37:40.528,1.1597,1.15982,1.38,1.15
2014.03.24 07:37:42.229,1.1597,1.15982,1.00,1.15
2014.03.24 07:37:42.332,1.1597,1.15983,1.00,1.87
2014.03.24 07:37:44.283,1.1597,1.15983,1.00,1.87
2014.03.24 07:37:44.924,1.1597,1.15983,1.38,1.19
2014.03.24 07:37:46.779,1.1597,1.15983,1.38,1.69
2014.03.24 07:37:49.258,1.1597,1.15982,1.00,1.62
2014.03.24 07:37:50.275,1.1597,1.15983,1.00,1.69
2014.03.24 07:37:51.306,1.1597,1.15983,1.00,1.19
2014.03.24 07:37:52.302,1.15968,1.15983,1.80,1.69
2014.03.24 07:37:52.898,1.15968,1.15983,1.80,1.69
2014.03.24 07:37:53.439,1.15967,1.15982,1.80,1.62
2014.03.24 07:37:54.250,1.15968,1.15983,1.80,1.69
2014.03.24 07:37:59.375,1.15968,1.15983,1.80,1.69
2014.03.24 07:38:00.415,1.15967,1.15982,1.99,1.15
2014.03.24 07:38:00.958,1.15967,1.15983,1.80,2.37
2014.03.24 07:38:04.190,1.15967,1.15982,1.99,1.15
2014.03.24 07:38:04.765,1.15967,1.15983,1.63,2.37
2014.03.24 07:38:04.917,1.15967,1.15983,1.38,3.12
2014.03.24 07:38:10.299,1.15965,1.1598,1.24,1.00
2014.03.24 07:38:14.909,1.15965,1.1598,1.65,1.19
2014.03.24 07:38:15.808,1.15965,1.1598,1.65,1.19
2014.03.24 07:38:17.408,1.15967,1.1598,1.05,1.19
2014.03.24 07:38:17.957,1.15967,1.1598,1.05,1.25
2014.03.24 07:38:29.256,1.15965,1.1598,2.59,1.00
2014.03.24 07:38:29.357,1.15965,1.1598,1.84,1.00
2014.03.24 07:38:32.138,1.15966,1.1598,1.57,1.00
2014.03.24 07:38:33.940,1.15968,1.15983,1.05,1.62
2014.03.24 07:38:34.092,1.1597,1.15983,1.38,1.19
2014.03.24 07:38:34.339,1.1597,1.15986,2.55,1.62
2014.03.24 07:38:34.884,1.1597,1.15986,1.99,1.62
2014.03.24 07:38:34.935,1.1597,1.15986,1.57,2.37
2014.03.24 07:38:34.985,1.1597,1.15986,1.32,4.58
2014.03.24 07:38:35.289,1.15969,1.15985,2.67,2.37
2014.03.24 07:38:35.390,1.15969,1.15985,3.34,2.37
2014.03.24 07:38:36.249,1.15969,1.15985,2.82,4.39
2014.03.24 07:38:36.602,1.15969,1.15985,3.90,1.62
2014.03.24 07:38:37.885,1.1597,1.15985,1.80,1.19
2014.03.24 07:38:41.121,1.15971,1.15987,1.75,2.37
2014.03.24 07:38:41.323,1.15968,1.15984,1.88,2.37
2014.03.24 07:38:42.023,1.1597,1.15984,1.05,1.69
2014.03.24 07:38:42.124,1.15972,1.15986,1.05,1.19
2014.03.24 07:38:42.326,1.15973,1.15986,1.38,1.19
2014.03.24 07:38:47.210,1.15973,1.15986,1.80,1.19
2014.03.24 07:38:47.685,1.15975,1.15989,1.05,1.19
2014.03.24 07:38:48.223,1.15975,1.15989,1.05,1.19
2014.03.24 07:38:48.374,1.15976,1.15992,1.38,1.87
2014.03.24 07:38:48.582,1.15977,1.15992,1.05,1.62
2014.03.24 07:38:49.094,1.15978,1.15992,1.05,1.19
2014.03.24 07:38:51.640,1.15978,1.15992,1.05,1.19
2014.03.24 07:38:52.972,1.15978,1.15991,1.13,1.15
2014.03.24 07:38:53.175,1.15976,1.15992,1.80,1.87
2014.03.24 07:38:56.914,1.15976,1.15991,1.00,1.24
2014.03.24 07:38:59.383,1.15976,1.1599,1.00,1.15
2014.03.24 07:39:02.604,1.15976,1.15991,1.99,1.15
2014.03.24 07:39:03.323,1.15978,1.15994,1.80,2.07
2014.03.24 07:39:03.628,1.15982,1.15997,1.99,1.00
2014.03.24 07:39:03.729,1.15985,1.15999,1.13,1.15
2014.03.24 07:39:04.144,1.15986,1.16001,1.24,1.25
2014.03.24 07:39:06.060,1.15987,1.16002,1.00,1.24
2014.03.24 07:39:06.606,1.15987,1.16002,1.00,1.24
2014.03.24 07:39:07.828,1.15984,1.15998,1.13,1.15
2014.03.24 07:39:08.646,1.15984,1.15998,1.38,1.15
2014.03.24 07:39:09.217,1.15984,1.16,1.38,1.87
2014.03.24 07:39:10.414,1.15984,1.16,1.38,1.87
2014.03.24 07:39:10.779,1.15987,1.16001,1.38,1.87
2014.03.24 07:39:13.651,1.15987,1.15999,1.38,1.15
2014.03.24 07:39:14.416,1.15987,1.15999,1.38,1.15
2014.03.24 07:39:15.201,1.15989,1.16001,1.13,1.62
2014.03.24 07:39:22.915,1.15989,1.15999,1.00,1.15
2014.03.24 07:39:23.117,1.15989,1.16004,1.00,3.49
2014.03.24 07:39:24.792,1.15989,1.16004,1.38,3.12
2014.03.24 07:39:29.226,1.15989,1.16004,1.13,3.49
2014.03.24 07:39:29.913,1.15989,1.16004,1.38,2.37
2014.03.24 07:39:32.735,1.15989,1.16004,1.38,2.37
2014.03.24 07:39:33.240,1.15993,1.16006,1.00,1.87
2014.03.24 07:39:33.544,1.15998,1.16014,3.90,2.97
2014.03.24 07:39:33.594,1.15998,1.16014,3.90,2.37
2014.03.24 07:39:33.863,1.16,1.16013,1.38,1.15
2014.03.24 07:39:34.375,1.16,1.16014,1.00,2.17
2014.03.24 07:39:34.678,1.15998,1.16007,1.13,1.15
2014.03.24 07:39:35.326,1.15998,1.16011,1.13,2.37
2014.03.24 07:39:35.630,1.16,1.16014,1.00,2.37
2014.03.24 07:39:35.731,1.16,1.16014,1.00,1.87
2014.03.24 07:39:36.084,1.16,1.16016,1.38,3.12
2014.03.24 07:39:36.612,1.16003,1.16016,1.13,1.87
2014.03.24 07:39:37.305,1.16003,1.16014,1.13,1.15
2014.03.24 07:39:37.840,1.16003,1.16016,1.13,1.87
2014.03.24 07:39:38.456,1.16003,1.16014,1.13,1.15
2014.03.24 07:39:39.176,1.16003,1.16016,1.13,1.87
2014.03.24 07:39:39.707,1.16003,1.16014,1.13,1.15
2014.03.24 07:39:41.966,1.16003,1.16016,1.00,2.37
2014.03.24 07:39:42.530,1.16003,1.16016,1.00,1.87
2014.03.24 07:39:43.082,1.16003,1.16015,1.00,1.15
2014.03.24 07:39:43.398,1.16003,1.16016,1.00,2.37
2014.03.24 07:39:43.823,1.16003,1.16016,1.00,1.19
2014.03.24 07:39:43.874,1.16005,1.16017,1.00,1.19
2014.03.24 07:39:44.228,1.16003,1.16017,1.50,1.19
2014.03.24 07:39:44.481,1.16005,1.16017,1.00,1.93
2014.03.24 07:39:44.683,1.16005,1.16019,1.00,1.15
2014.03.24 07:39:44.733,1.16005,1.1602,1.00,1.87
2014.03.24 07:39:44.806,1.16005,1.1602,1.43,1.19
2014.03.24 07:39:45.008,1.16007,1.16019,1.00,1.15
2014.03.24 07:39:47.006,1.1601,1.16023,1.00,1.87
2014.03.24 07:39:47.367,1.1601,1.16023,1.00,1.62
2014.03.24 07:39:47.570,1.16012,1.16023,1.00,1.68
2014.03.24 07:39:47.899,1.16012,1.16025,1.00,1.93
2014.03.24 07:39:49.544,1.16012,1.16027,1.25,1.93
2014.03.24 07:39:50.049,1.16013,1.16027,1.00,1.87
2014.03.24 07:39:51.006,1.16013,1.16028,1.00,3.12
2014.03.24 07:39:51.309,1.16015,1.16028,1.00,2.74
2014.03.24 07:39:52.108,1.16015,1.16028,1.00,2.74
2014.03.24 07:39:58.329,1.16016,1.16027,2.03,1.19
2014.03.24 07:39:58.531,1.16018,1.16032,1.50,1.99
2014.03.24 07:39:58.633,1.16018,1.16032,1.00,1.62
2014.03.24 07:39:58.684,1.1602,1.16032,1.00,1.62
2014.03.24 07:39:58.987,1.1602,1.16032,1.38,1.43
2014.03.24 07:39:59.139,1.16022,1.16037,3.15,3.12
2014.03.24 07:39:59.341,1.16022,1.16036,1.00,1.24
2014.03.24 07:40:00.956,1.16017,1.16032,1.19,1.05
2014.03.24 07:40:01.159,1.16015,1.16031,1.25,1.68
2014.03.24 07:40:01.778,1.16015,1.16031,1.63,1.80
2014.03.24 07:40:03.030,1.16015,1.1603,1.32,1.24
2014.03.24 07:40:04.787,1.16015,1.1603,1.63,1.15
2014.03.24 07:40:05.303,1.16018,1.16033,1.00,1.17
2014.03.24 07:40:05.639,1.16018,1.1603,1.00,1.87
2014.03.24 07:40:05.989,1.1602,1.16033,1.00,1.47
2014.03.24 07:40:06.553,1.1602,1.16033,1.00,2.22
2014.03.24 07:40:07.787,1.1602,1.16031,1.00,1.15
2014.03.24 07:40:08.242,1.16023,1.16035,1.00,1.19
2014.03.24 07:40:08.293,1.16023,1.16038,1.00,1.87
2014.03.24 07:40:09.005,1.16023,1.16037,1.00,1.87
2014.03.24 07:40:09.107,1.16019,1.16035,1.80,1.62
2014.03.24 07:40:09.461,1.16018,1.16033,1.25,1.93
2014.03.24 07:40:10.129,1.16018,1.16033,1.38,1.87
2014.03.24 07:40:10.636,1.16018,1.16033,1.38,1.87
2014.03.24 07:40:13.481,1.1602,1.16035,1.05,2.44
2014.03.24 07:40:13.683,1.16022,1.16035,1.05,1.69
2014.03.24 07:40:13.936,1.16026,1.16039,1.00,2.07
2014.03.24 07:40:14.037,1.16026,1.16039,1.38,2.07
2014.03.24 07:40:14.551,1.16026,1.16039,1.80,1.19
2014.03.24 07:40:14.855,1.16028,1.16041,2.40,1.62
2014.03.24 07:40:14.905,1.16028,1.16042,3.08,1.69
2014.03.24 07:40:15.057,1.16031,1.16043,1.00,1.54
2014.03.24 07:40:15.855,1.16031,1.16043,1.00,1.19
2014.03.24 07:40:16.821,1.16029,1.16045,1.80,2.74
2014.03.24 07:40:17.696,1.16029,1.16045,1.80,2.37
2014.03.24 07:40:18.275,1.16031,1.16046,1.43,1.49
2014.03.24 07:40:18.854,1.16031,1.16047,1.80,3.72
2014.03.24 07:40:19.463,1.16031,1.16047,1.00,3.12
2014.03.24 07:40:20.960,1.16031,1.16047,1.00,3.12
2014.03.24 07:40:21.535,1.16028,1.16044,2.07,1.87
2014.03.24 07:40:21.737,1.16028,1.16044,1.00,3.64
2014.03.24 07:40:22.078,1.16028,1.16041,1.00,1.87
2014.03.24 07:40:22.383,1.16029,1.16042,1.05,1.19
2014.03.24 07:40:22.484,1.16033,1.16044,1.13,1.25
2014.03.24 07:40:22.636,1.16035,1.16049,1.00,1.62
2014.03.24 07:40:22.990,1.16035,1.16049,1.00,2.59
2014.03.24 07:40:23.091,1.16032,1.16048,1.00,2.37
2014.03.24 07:40:23.618,1.16032,1.16047,1.00,2.37
2014.03.24 07:40:24.267,1.16032,1.16047,1.00,2.37
2014.03.24 07:40:24.619,1.16029,1.16045,1.13,1.87
2014.03.24 07:40:25.167,1.16029,1.16045,1.13,1.87
2014.03.24 07:40:25.728,1.16029,1.16045,1.63,1.87
2014.03.24 07:40:28.212,1.16031,1.16047,1.13,4.24
2014.03.24 07:40:28.716,1.16031,1.16047,1.13,3.49
2014.03.24 07:40:29.108,1.16031,1.16043,1.13,1.68
2014.03.24 07:40:29.411,1.16033,1.16045,1.00,1.93
2014.03.24 07:40:29.462,1.1603,1.16045,1.32,1.93
2014.03.24 07:40:30.007,1.1603,1.16045,1.38,1.62
2014.03.24 07:40:31.183,1.16032,1.16047,1.13,1.87
2014.03.24 07:40:31.486,1.16032,1.16046,1.00,1.87
2014.03.24 07:40:31.998,1.16033,1.16046,1.13,1.87
2014.03.24 07:40:32.285,1.16033,1.16046,1.13,1.62
2014.03.24 07:40:33.149,1.16033,1.16046,1.38,1.62
2014.03.24 07:40:33.677,1.16033,1.16046,1.38,2.37
2014.03.24 07:40:34.600,1.16033,1.16046,1.00,2.37
2014.03.24 07:40:37.175,1.16033,1.16046,1.38,2.37
2014.03.24 07:40:38.465,1.16033,1.16046,1.00,2.37
2014.03.24 07:40:39.066,1.16038,1.16046,1.00,1.19
2014.03.24 07:40:39.324,1.16033,1.16047,1.13,1.62
2014.03.24 07:40:39.848,1.16033,1.16048,1.13,3.12
2014.03.24 07:40:43.737,1.16033,1.16047,1.13,1.87
2014.03.24 07:40:43.838,1.16034,1.16045,1.50,1.24
2014.03.24 07:40:44.343,1.16033,1.16044,1.00,2.74
2014.03.24 07:40:44.444,1.16033,1.16044,1.00,1.62
2014.03.24 07:40:44.919,1.16033,1.16044,1.00,1.87
2014.03.24 07:40:45.941,1.16029,1.16044,1.00,2.74
2014.03.24 07:40:47.563,1.16033,1.16044,1.00,2.74
2014.03.24 07:40:48.099,1.16033,1.16044,1.00,1.99
2014.03.24 07:40:51.095,1.16029,1.16043,1.00,1.24
2014.03.24 07:40:51.297,1.16028,1.16043,1.50,1.24
2014.03.24 07:40:51.666,1.16028,1.1604,1.00,2.74
2014.03.24 07:40:52.747,1.16028,1.16037,1.00,1.24
2014.03.24 07:40:55.483,1.16028,1.16037,1.00,1.24
2014.03.24 07:40:56.832,1.16028,1.16038,1.00,2.07
2014.03.24 07:40:56.933,1.16028,1.16038,1.00,1.19
