2015.05.26 16:00:00.249,1.29478,1.29498,1.00,1.00
2015.05.26 16:00:00.452,1.29478,1.29502,1.12,1.50
2015.05.26 16:00:00.554,1.29479,1.29503,1.37,1.00
2015.05.26 16:00:00.758,1.29479,1.29505,1.37,1.00
2015.05.26 16:00:01.990,1.29481,1.29507,1.50,1.00
2015.05.26 16:00:02.042,1.29484,1.29508,1.50,1.00
2015.05.26 16:00:02.348,1.29484,1.29505,1.50,1.00
2015.05.26 16:00:03.322,1.29484,1.29504,1.50,1.00
2015.05.26 16:00:03.476,1.29481,1.29504,1.00,1.00
2015.05.26 16:00:04.435,1.2948,1.29499,1.00,1.00
2015.05.26 16:00:04.487,1.29477,1.29499,1.50,1.00
2015.05.26 16:00:04.844,1.29477,1.29502,1.50,1.00
2015.05.26 16:00:05.920,1.29477,1.29501,2.62,1.00
2015.05.26 16:00:06.073,1.29479,1.29501,1.87,1.00
2015.05.26 16:00:06.124,1.29483,1.29507,1.00,1.50
2015.05.26 16:00:06.226,1.29487,1.29512,1.00,1.50
2015.05.26 16:00:08.450,1.29494,1.29514,1.50,1.00
2015.05.26 16:00:08.603,1.29496,1.29519,1.00,1.50
2015.05.26 16:00:08.807,1.29498,1.29519,1.00,1.00
2015.05.26 16:00:09.112,1.295,1.2952,1.00,1.00
2015.05.26 16:00:09.920,1.29499,1.2952,1.00,1.37
2015.05.26 16:00:10.072,1.29489,1.2951,1.12,1.00
2015.05.26 16:00:10.327,1.29489,1.29512,1.00,1.00
2015.05.26 16:00:10.480,1.29489,1.29509,1.00,1.00
2015.05.26 16:00:11.048,1.29488,1.29509,2.25,1.00
2015.05.26 16:00:11.099,1.29488,1.29513,2.25,1.00
2015.05.26 16:00:11.352,1.2949,1.29512,1.50,1.00
2015.05.26 16:00:11.404,1.2949,1.29514,1.50,1.00
2015.05.26 16:00:11.925,1.2949,1.29513,1.00,1.50
2015.05.26 16:00:12.767,1.29488,1.29508,2.25,1.00
2015.05.26 16:00:13.478,1.29488,1.29512,2.25,1.00
2015.05.26 16:00:13.580,1.29488,1.29508,2.25,1.00
2015.05.26 16:00:14.860,1.29488,1.29505,1.12,1.00
2015.05.26 16:00:15.296,1.29474,1.2949,1.42,1.00
2015.05.26 16:00:15.347,1.29477,1.29498,2.62,1.00
2015.05.26 16:00:15.500,1.29478,1.29503,1.37,1.00
2015.05.26 16:00:15.602,1.29478,1.29505,1.37,1.00
2015.05.26 16:00:16.492,1.2948,1.29505,1.37,1.00
2015.05.26 16:00:16.543,1.2948,1.29507,1.87,2.25
2015.05.26 16:00:17.051,1.29483,1.29507,1.50,1.00
2015.05.26 16:00:18.678,1.29483,1.29507,1.87,1.00
2015.05.26 16:00:19.231,1.29483,1.29507,1.87,1.00
2015.05.26 16:00:20.013,1.29483,1.29507,1.87,1.00
2015.05.26 16:00:20.636,1.29483,1.29504,1.50,1.00
2015.05.26 16:00:20.687,1.29483,1.29506,1.50,1.50
2015.05.26 16:00:22.520,1.29483,1.29507,1.50,1.50
2015.05.26 16:00:24.042,1.29483,1.29497,1.00,1.00
2015.05.26 16:00:24.450,1.29472,1.29495,2.62,1.00
2015.05.26 16:00:24.655,1.29472,1.29495,1.87,1.00
2015.05.26 16:00:26.284,1.29476,1.29496,1.37,1.00
2015.05.26 16:00:26.608,1.29476,1.29496,1.87,1.00
2015.05.26 16:00:26.965,1.29476,1.29494,1.87,1.00
2015.05.26 16:00:27.534,1.29476,1.29494,1.87,1.00
2015.05.26 16:00:28.147,1.29476,1.29492,1.87,1.00
2015.05.26 16:00:28.352,1.2947,1.29485,1.00,1.00
2015.05.26 16:00:28.403,1.2947,1.29477,1.00,1.00
2015.05.26 16:00:28.762,1.29461,1.29474,1.00,1.00
2015.05.26 16:00:28.814,1.29458,1.29472,1.00,1.00
2015.05.26 16:00:28.916,1.29451,1.29472,1.37,1.00
2015.05.26 16:00:29.220,1.2945,1.29469,1.37,1.00
2015.05.26 16:00:29.424,1.29452,1.29473,1.12,1.50
2015.05.26 16:00:29.475,1.29453,1.29476,2.25,1.00
2015.05.26 16:00:29.873,1.29457,1.29476,1.00,1.00
2015.05.26 16:00:30.051,1.29457,1.29479,1.00,1.00
2015.05.26 16:00:30.306,1.29457,1.29476,1.00,1.00
2015.05.26 16:00:30.409,1.29457,1.29478,1.00,1.00
2015.05.26 16:00:30.664,1.29457,1.29476,1.00,1.00
2015.05.26 16:00:30.767,1.29457,1.2948,1.50,1.00
2015.05.26 16:00:31.153,1.29465,1.29483,1.00,1.00
2015.05.26 16:00:31.205,1.29463,1.29486,1.00,1.00
2015.05.26 16:00:31.409,1.29463,1.29483,1.00,1.00
2015.05.26 16:00:31.460,1.2946,1.29483,1.00,1.00
2015.05.26 16:00:31.511,1.29457,1.29482,1.12,1.50
2015.05.26 16:00:31.613,1.29456,1.29479,1.37,1.00
2015.05.26 16:00:31.716,1.29457,1.29482,1.87,1.50
2015.05.26 16:00:32.216,1.29459,1.29484,1.00,1.00
2015.05.26 16:00:32.523,1.29459,1.2948,1.00,1.00
2015.05.26 16:00:33.047,1.29459,1.29481,1.00,1.00
2015.05.26 16:00:33.611,1.29459,1.29483,1.12,1.00
2015.05.26 16:00:34.175,1.29458,1.2948,1.00,1.00
2015.05.26 16:00:34.226,1.29455,1.2948,1.87,1.00
2015.05.26 16:00:34.331,1.29455,1.2948,2.25,1.00
2015.05.26 16:00:35.185,1.29457,1.29482,1.50,1.50
2015.05.26 16:00:35.287,1.29459,1.2948,1.00,1.00
2015.05.26 16:00:35.593,1.29455,1.2948,3.00,1.00
2015.05.26 16:00:35.797,1.29455,1.29477,3.00,1.00
2015.05.26 16:00:35.950,1.29455,1.29479,2.25,1.00
2015.05.26 16:00:36.001,1.29456,1.29479,1.37,1.00
2015.05.26 16:00:36.052,1.29456,1.29481,1.37,1.00
2015.05.26 16:00:36.560,1.29457,1.29482,1.87,1.50
2015.05.26 16:00:37.018,1.29459,1.29484,1.37,1.00
2015.05.26 16:00:37.120,1.29461,1.29487,1.12,1.00
2015.05.26 16:00:37.171,1.29471,1.29487,1.00,1.00
2015.05.26 16:00:37.273,1.29471,1.29491,1.12,1.00
2015.05.26 16:00:37.845,1.29472,1.29491,1.00,1.00
2015.05.26 16:00:38.354,1.29471,1.2949,1.50,1.00
2015.05.26 16:00:38.915,1.29471,1.29489,1.50,1.00
2015.05.26 16:00:39.221,1.29471,1.29487,1.50,1.00
2015.05.26 16:00:39.374,1.29467,1.29487,1.00,1.00
2015.05.26 16:00:39.892,1.29467,1.29485,1.00,1.00
2015.05.26 16:00:40.287,1.29456,1.29476,1.37,1.00
2015.05.26 16:00:40.441,1.29456,1.29478,1.37,1.00
2015.05.26 16:00:40.493,1.29456,1.29477,1.37,1.00
2015.05.26 16:00:41.700,1.29454,1.29477,1.00,1.00
2015.05.26 16:00:42.208,1.29454,1.29478,1.00,1.00
2015.05.26 16:00:42.958,1.29459,1.29479,1.37,1.00
2015.05.26 16:00:43.059,1.29459,1.29483,1.37,1.00
2015.05.26 16:00:43.585,1.29459,1.29483,1.00,1.50
2015.05.26 16:00:44.880,1.29459,1.29484,1.50,1.00
2015.05.26 16:00:46.000,1.29459,1.29482,1.50,1.00
2015.05.26 16:00:46.529,1.2946,1.29482,1.50,1.00
2015.05.26 16:00:46.835,1.2946,1.29484,1.50,1.00
2015.05.26 16:00:47.415,1.29459,1.29484,2.25,1.00
2015.05.26 16:00:48.750,1.2946,1.29484,1.00,1.00
2015.05.26 16:00:49.273,1.29459,1.29484,1.50,1.00
2015.05.26 16:00:51.692,1.2946,1.29481,1.00,1.00
2015.05.26 16:00:51.895,1.29468,1.2949,1.00,1.00
2015.05.26 16:00:52.149,1.29465,1.2949,2.62,1.00
2015.05.26 16:00:52.201,1.29466,1.2949,1.37,1.00
2015.05.26 16:00:52.823,1.29467,1.29492,1.87,1.00
2015.05.26 16:00:52.876,1.29467,1.29492,1.12,1.00
2015.05.26 16:00:53.131,1.29473,1.29492,1.00,1.00
2015.05.26 16:00:53.704,1.29471,1.29492,1.00,1.00
2015.05.26 16:00:54.192,1.29473,1.29492,1.00,1.00
2015.05.26 16:00:54.726,1.29473,1.29491,1.00,1.00
2015.05.26 16:00:55.791,1.29473,1.29493,1.00,1.00
2015.05.26 16:00:56.330,1.29473,1.29494,1.00,1.00
2015.05.26 16:00:57.467,1.29473,1.29495,1.00,1.00
2015.05.26 16:01:00.669,1.29473,1.29494,1.00,1.00
2015.05.26 16:01:00.925,1.29473,1.29492,1.00,1.00
2015.05.26 16:01:01.436,1.29473,1.29493,1.00,1.00
2015.05.26 16:01:01.943,1.29473,1.29492,1.00,1.00
2015.05.26 16:01:02.948,1.2947,1.29492,1.00,1.00
2015.05.26 16:01:06.216,1.29473,1.29493,1.00,1.00
2015.05.26 16:01:07.278,1.29473,1.29492,1.00,1.00
2015.05.26 16:01:08.978,1.29473,1.29491,1.00,1.00
2015.05.26 16:01:09.080,1.29467,1.29491,1.50,1.00
2015.05.26 16:01:09.453,1.29465,1.2949,1.00,1.50
2015.05.26 16:01:09.617,1.29467,1.2949,1.00,1.00
2015.05.26 16:01:10.697,1.29465,1.29487,1.00,1.00
2015.05.26 16:01:11.489,1.29463,1.29487,1.00,1.00
2015.05.26 16:01:12.189,1.29463,1.29488,1.00,1.50
2015.05.26 16:01:12.240,1.29466,1.2949,1.50,1.00
2015.05.26 16:01:13.121,1.29467,1.29493,1.00,1.00
2015.05.26 16:01:13.374,1.29472,1.29493,1.00,1.00
2015.05.26 16:01:14.174,1.29473,1.29493,1.00,1.00
2015.05.26 16:01:14.574,1.2947,1.29493,1.00,1.00
2015.05.26 16:01:14.930,1.29472,1.29494,1.00,1.00
2015.05.26 16:01:15.401,1.2947,1.29494,1.00,1.00
2015.05.26 16:01:15.999,1.29471,1.29494,1.00,1.00
2015.05.26 16:01:16.773,1.29472,1.29494,1.00,1.00
2015.05.26 16:01:17.026,1.29474,1.29495,1.00,1.00
2015.05.26 16:01:17.128,1.29474,1.29498,1.00,1.50
2015.05.26 16:01:18.741,1.29474,1.29497,1.00,1.00
2015.05.26 16:01:19.251,1.29473,1.29498,1.50,1.00
2015.05.26 16:01:19.994,1.29473,1.29497,1.50,1.00
2015.05.26 16:01:20.046,1.29473,1.29495,1.50,1.00
2015.05.26 16:01:22.026,1.29473,1.29494,1.00,1.00
2015.05.26 16:01:22.724,1.29471,1.29492,1.00,1.00
2015.05.26 16:01:22.826,1.29471,1.29495,1.00,2.25
2015.05.26 16:01:23.360,1.29471,1.29494,1.00,1.00
2015.05.26 16:01:24.364,1.29471,1.29493,1.00,1.00
2015.05.26 16:01:24.875,1.29472,1.29495,1.00,1.00
2015.05.26 16:01:27.033,1.29474,1.29495,1.00,1.50
2015.05.26 16:01:28.219,1.29471,1.29495,1.00,1.00
2015.05.26 16:01:28.523,1.29471,1.29493,1.00,1.00
2015.05.26 16:01:29.167,1.29471,1.29492,1.00,1.00
2015.05.26 16:01:29.575,1.29469,1.29491,1.00,1.50
2015.05.26 16:01:29.626,1.29467,1.29491,1.00,3.00
2015.05.26 16:01:29.677,1.29464,1.29489,1.00,1.00
2015.05.26 16:01:29.778,1.29464,1.29488,1.00,1.37
2015.05.26 16:01:30.083,1.29462,1.29486,1.12,1.00
2015.05.26 16:01:30.996,1.29462,1.29487,1.37,1.00
2015.05.26 16:01:31.521,1.29462,1.29487,1.75,1.00
2015.05.26 16:01:31.978,1.29462,1.29487,1.50,1.00
2015.05.26 16:01:33.271,1.29464,1.29487,1.00,1.00
2015.05.26 16:01:33.322,1.29464,1.29489,1.87,1.00
2015.05.26 16:01:33.475,1.29467,1.29489,1.37,1.00
2015.05.26 16:01:33.870,1.29472,1.29491,1.50,1.00
2015.05.26 16:01:33.921,1.29472,1.29494,1.87,1.00
2015.05.26 16:01:34.481,1.29472,1.29494,1.50,1.00
2015.05.26 16:01:34.918,1.29473,1.29496,1.12,1.00
2015.05.26 16:01:35.621,1.29474,1.29496,1.37,1.00
2015.05.26 16:01:37.893,1.29473,1.29496,1.00,1.00
2015.05.26 16:01:38.678,1.29473,1.29495,1.87,1.00
2015.05.26 16:01:44.622,1.29472,1.29494,1.00,1.00
2015.05.26 16:01:45.164,1.29472,1.29495,1.00,1.00
2015.05.26 16:01:46.045,1.29472,1.29492,1.00,1.00
2015.05.26 16:01:46.661,1.29472,1.2949,1.00,1.00
2015.05.26 16:01:46.916,1.29472,1.29492,1.00,1.00
2015.05.26 16:01:49.075,1.29472,1.29494,1.50,1.00
2015.05.26 16:01:50.779,1.29472,1.29492,1.50,1.00
2015.05.26 16:01:53.742,1.29472,1.29493,1.00,1.50
2015.05.26 16:01:54.125,1.29468,1.29493,1.00,2.25
2015.05.26 16:01:56.338,1.29468,1.29492,1.00,1.00
2015.05.26 16:01:57.252,1.29468,1.29493,1.00,1.50
2015.05.26 16:02:00.562,1.29468,1.2949,1.00,1.00
2015.05.26 16:02:01.328,1.29468,1.29491,1.00,1.00
2015.05.26 16:02:03.846,1.29468,1.2949,1.00,1.00
2015.05.26 16:02:04.551,1.29468,1.29491,1.00,1.00
2015.05.26 16:02:04.856,1.29469,1.29493,1.12,1.00
2015.05.26 16:02:04.959,1.29474,1.29495,1.00,1.00
2015.05.26 16:02:05.062,1.2947,1.29495,1.50,1.00
2015.05.26 16:02:06.192,1.29471,1.29495,1.50,1.50
2015.05.26 16:02:13.192,1.29471,1.29495,1.87,1.00
2015.05.26 16:02:13.243,1.29472,1.29497,1.12,1.50
2015.05.26 16:02:13.346,1.29472,1.29499,1.87,1.00
2015.05.26 16:02:13.398,1.29472,1.29499,1.87,1.00
2015.05.26 16:02:13.748,1.29475,1.295,1.37,1.00
2015.05.26 16:02:14.059,1.29481,1.29503,1.00,1.00
2015.05.26 16:02:14.519,1.29482,1.29505,1.00,1.00
2015.05.26 16:02:14.570,1.29484,1.29505,1.00,1.00
2015.05.26 16:02:15.752,1.29482,1.29505,1.00,1.00
2015.05.26 16:02:15.803,1.29482,1.29502,1.00,1.00
2015.05.26 16:02:18.463,1.29479,1.29502,1.12,1.00
2015.05.26 16:02:21.934,1.29483,1.29502,1.00,1.00
2015.05.26 16:02:22.235,1.29485,1.29502,1.00,1.00
2015.05.26 16:02:22.539,1.29487,1.29506,1.00,1.00
2015.05.26 16:02:22.590,1.29485,1.29506,1.00,1.00
2015.05.26 16:02:24.214,1.29486,1.29506,1.00,1.00
2015.05.26 16:02:24.266,1.29486,1.29508,1.00,1.00
2015.05.26 16:02:24.809,1.29486,1.29509,1.00,1.00
2015.05.26 16:02:24.860,1.29484,1.29509,1.00,1.00
2015.05.26 16:02:24.912,1.29486,1.29509,1.00,1.00
2015.05.26 16:02:25.420,1.29486,1.29508,1.00,1.00
2015.05.26 16:02:25.572,1.29482,1.29508,2.25,1.00
2015.05.26 16:02:25.873,1.29483,1.29508,1.37,1.00
2015.05.26 16:02:25.975,1.29485,1.29511,1.00,1.00
2015.05.26 16:02:26.498,1.29484,1.29511,1.87,1.50
2015.05.26 16:02:26.600,1.29484,1.29509,1.00,1.00
2015.05.26 16:02:27.284,1.29484,1.29508,1.00,1.00
2015.05.26 16:02:28.674,1.29485,1.29508,1.00,1.00
2015.05.26 16:02:29.941,1.29484,1.29508,1.00,1.00
2015.05.26 16:02:32.383,1.29484,1.29505,1.00,1.00
2015.05.26 16:02:32.486,1.29484,1.29508,1.00,1.87
2015.05.26 16:02:32.589,1.29482,1.29506,1.50,1.00
2015.05.26 16:02:32.908,1.29482,1.29503,1.50,1.00
2015.05.26 16:02:33.567,1.2948,1.29498,1.00,1.00
2015.05.26 16:02:33.619,1.29476,1.29498,1.37,1.00
2015.05.26 16:02:34.163,1.29476,1.29497,1.00,1.00
2015.05.26 16:02:34.265,1.29476,1.29501,1.00,1.00
2015.05.26 16:02:34.316,1.29476,1.29501,1.87,1.00
2015.05.26 16:02:34.367,1.29478,1.29503,1.37,1.00
2015.05.26 16:02:34.468,1.29484,1.29503,1.00,1.00
2015.05.26 16:02:34.843,1.29484,1.29507,1.00,1.00
2015.05.26 16:02:35.153,1.29484,1.29502,1.00,1.00
2015.05.26 16:02:35.205,1.29482,1.29502,1.00,1.00
2015.05.26 16:02:35.473,1.29479,1.29501,1.00,1.00
2015.05.26 16:02:35.575,1.29478,1.29495,1.00,1.00
2015.05.26 16:02:36.213,1.29478,1.29496,1.00,1.00
2015.05.26 16:02:37.519,1.29478,1.295,1.00,1.00
2015.05.26 16:02:37.570,1.29478,1.29503,1.50,2.25
2015.05.26 16:02:38.589,1.29478,1.29503,1.50,1.87
2015.05.26 16:02:39.515,1.29474,1.29499,1.00,1.87
2015.05.26 16:02:40.023,1.29474,1.29499,1.00,1.00
2015.05.26 16:02:40.420,1.29476,1.29499,1.00,1.00
2015.05.26 16:02:44.254,1.29476,1.29499,1.50,1.00
2015.05.26 16:02:45.201,1.29478,1.29499,1.00,1.00
2015.05.26 16:02:54.159,1.29478,1.29504,1.00,1.87
2015.05.26 16:02:58.155,1.2948,1.29504,1.37,1.00
2015.05.26 16:02:58.257,1.29483,1.29508,1.87,1.50
2015.05.26 16:02:58.359,1.29486,1.29508,1.00,1.50
2015.05.26 16:02:59.210,1.29487,1.29508,1.00,1.00
2015.05.26 16:02:59.312,1.29484,1.29508,1.12,1.00
2015.05.26 16:02:59.413,1.29488,1.29512,1.50,1.50
2015.05.26 16:02:59.928,1.29489,1.29512,1.00,1.50
2015.05.26 16:03:00.626,1.2949,1.29512,1.00,1.00
2015.05.26 16:03:00.677,1.2949,1.29515,1.00,1.00
2015.05.26 16:03:00.981,1.2949,1.2951,1.00,1.00
2015.05.26 16:03:01.033,1.29488,1.29509,1.50,1.00
2015.05.26 16:03:01.084,1.29481,1.29506,4.50,1.00
2015.05.26 16:03:01.135,1.29481,1.29503,3.37,1.00
2015.05.26 16:03:01.287,1.29481,1.29496,3.00,1.00
2015.05.26 16:03:01.858,1.29478,1.29499,1.00,1.00
2015.05.26 16:03:06.464,1.29475,1.29499,1.50,1.50
2015.05.26 16:03:06.568,1.29475,1.29492,1.12,1.00
2015.05.26 16:03:06.721,1.29472,1.29495,1.12,1.00
2015.05.26 16:03:07.114,1.29475,1.29499,1.87,1.00
2015.05.26 16:03:07.630,1.29475,1.295,2.25,1.50
2015.05.26 16:03:08.445,1.29475,1.295,2.25,1.50
2015.05.26 16:03:09.049,1.29475,1.295,1.87,1.50
2015.05.26 16:03:10.154,1.29475,1.29491,1.12,1.50
2015.05.26 16:03:10.256,1.29462,1.29481,1.00,1.00
2015.05.26 16:03:10.307,1.2946,1.29479,1.50,1.00
2015.05.26 16:03:10.358,1.29455,1.29479,1.37,1.00
2015.05.26 16:03:10.409,1.29455,1.29479,1.00,1.00
2015.05.26 16:03:10.866,1.29455,1.29481,1.12,1.50
2015.05.26 16:03:11.272,1.29455,1.29481,1.37,1.50
2015.05.26 16:03:11.690,1.29459,1.29481,1.00,1.00
2015.05.26 16:03:12.241,1.2946,1.29481,1.00,1.00
2015.05.26 16:03:13.100,1.29459,1.29481,1.00,1.00
2015.05.26 16:03:13.304,1.29454,1.2948,1.00,1.00
2015.05.26 16:03:14.863,1.29454,1.2948,1.50,1.00
2015.05.26 16:03:15.371,1.29455,1.2948,1.37,1.00
2015.05.26 16:03:15.778,1.29456,1.2948,1.37,1.00
2015.05.26 16:03:16.475,1.29456,1.2948,1.12,1.00
2015.05.26 16:03:16.782,1.29453,1.29479,1.00,1.00
2015.05.26 16:03:17.556,1.29452,1.29475,1.00,1.00
2015.05.26 16:03:17.968,1.29456,1.29479,1.12,1.50
2015.05.26 16:03:18.324,1.29453,1.2948,4.12,1.50
2015.05.26 16:03:18.951,1.29453,1.2948,2.62,1.50
2015.05.26 16:03:19.481,1.29454,1.2948,1.00,1.50
2015.05.26 16:03:20.030,1.29455,1.2948,1.12,1.50
2015.05.26 16:03:20.640,1.29465,1.2948,1.00,1.50
2015.05.26 16:03:20.707,1.29465,1.29487,1.12,1.50
2015.05.26 16:03:22.464,1.29465,1.29488,1.00,1.00
2015.05.26 16:03:23.815,1.29465,1.29486,1.00,1.00
2015.05.26 16:03:26.233,1.29463,1.29486,1.50,1.00
2015.05.26 16:03:28.351,1.29463,1.29482,1.00,1.00
2015.05.26 16:03:28.402,1.2946,1.29482,1.37,1.00
2015.05.26 16:03:28.606,1.2946,1.29484,1.00,1.00
2015.05.26 16:03:29.241,1.2946,1.29485,1.00,1.00
2015.05.26 16:03:31.833,1.2946,1.29485,1.87,1.00
2015.05.26 16:03:32.408,1.29466,1.29486,1.00,1.00
2015.05.26 16:03:32.462,1.29467,1.29488,1.00,1.00
2015.05.26 16:03:33.072,1.29466,1.29488,1.50,1.00
2015.05.26 16:03:36.214,1.29468,1.29488,1.00,1.00
2015.05.26 16:03:36.418,1.29466,1.29488,2.25,1.00
2015.05.26 16:03:47.551,1.29464,1.29491,3.00,1.12
2015.05.26 16:03:48.896,1.29464,1.29484,1.00,1.00
2015.05.26 16:03:48.948,1.29462,1.29484,1.00,1.00
2015.05.26 16:03:49.050,1.29462,1.29482,1.00,1.00
2015.05.26 16:03:49.153,1.29459,1.29482,1.00,1.00
2015.05.26 16:03:49.255,1.29459,1.29486,1.87,1.00
2015.05.26 16:03:49.307,1.29462,1.29487,1.00,1.87
2015.05.26 16:03:50.809,1.29462,1.29484,1.00,1.00
2015.05.26 16:03:51.249,1.29462,1.29487,1.00,2.62
2015.05.26 16:03:52.320,1.29462,1.29487,1.00,1.87
2015.05.26 16:03:53.099,1.29462,1.29487,1.00,1.87
2015.05.26 16:03:53.615,1.29462,1.29487,1.00,1.87
2015.05.26 16:03:54.766,1.29462,1.29487,1.50,1.87
2015.05.26 16:03:55.284,1.29463,1.29487,1.50,1.00
2015.05.26 16:03:55.487,1.29466,1.29489,1.00,1.00
2015.05.26 16:03:58.164,1.29467,1.29489,1.00,1.00
2015.05.26 16:03:58.372,1.29464,1.29489,1.00,1.00
2015.05.26 16:03:58.998,1.29464,1.29488,1.00,1.00
2015.05.26 16:03:59.049,1.29462,1.29487,1.50,1.00
2015.05.26 16:03:59.152,1.29458,1.29483,1.50,1.00
2015.05.26 16:03:59.644,1.2946,1.29483,1.00,1.00
2015.05.26 16:04:00.335,1.29462,1.29483,1.00,1.00
2015.05.26 16:04:00.554,1.29459,1.29483,1.12,1.00
2015.05.26 16:04:01.782,1.29458,1.29483,1.50,1.00
2015.05.26 16:04:05.640,1.29455,1.29482,1.50,1.00
2015.05.26 16:04:06.193,1.29458,1.29482,1.00,1.00
2015.05.26 16:04:06.720,1.29459,1.29483,1.50,1.00
2015.05.26 16:04:07.025,1.29465,1.29491,1.00,1.00
2015.05.26 16:04:07.466,1.29459,1.2948,1.12,1.00
2015.05.26 16:04:08.029,1.29459,1.29479,1.00,1.00
2015.05.26 16:04:08.232,1.29459,1.29482,1.00,1.00
2015.05.26 16:04:09.141,1.29459,1.29483,1.00,1.00
2015.05.26 16:04:09.682,1.29467,1.29484,1.00,1.00
2015.05.26 16:04:09.733,1.29467,1.29487,1.00,1.50
2015.05.26 16:04:09.784,1.29468,1.29489,1.00,1.00
2015.05.26 16:04:09.835,1.29468,1.29492,1.00,1.00
2015.05.26 16:04:09.887,1.2947,1.29493,1.00,1.50
2015.05.26 16:04:10.258,1.29469,1.29495,2.25,1.00
2015.05.26 16:04:10.513,1.29468,1.29491,1.00,1.00
2015.05.26 16:04:11.052,1.29471,1.29491,1.00,1.00
2015.05.26 16:04:11.103,1.29473,1.29496,1.00,1.00
2015.05.26 16:04:11.503,1.29471,1.29493,1.00,1.50
2015.05.26 16:04:11.962,1.29469,1.29493,1.00,1.50
2015.05.26 16:04:13.127,1.2947,1.29493,1.00,1.50
2015.05.26 16:04:14.943,1.29471,1.29493,1.37,1.50
2015.05.26 16:04:16.109,1.29469,1.29486,1.37,1.50
2015.05.26 16:04:16.169,1.29463,1.29483,1.37,1.00
2015.05.26 16:04:16.585,1.29463,1.29485,1.37,1.00
2015.05.26 16:04:17.794,1.29463,1.29486,1.37,1.50
2015.05.26 16:04:18.794,1.29463,1.29486,1.00,1.50
2015.05.26 16:04:18.845,1.29461,1.29486,1.00,2.25
2015.05.26 16:04:19.361,1.29461,1.29486,1.37,2.25
2015.05.26 16:04:19.873,1.29461,1.29486,1.87,2.25
2015.05.26 16:04:20.025,1.29461,1.29486,1.87,2.25
2015.05.26 16:04:22.994,1.29461,1.29485,1.37,1.00
2015.05.26 16:04:23.500,1.29461,1.29484,1.37,1.00
2015.05.26 16:04:23.772,1.29461,1.29486,1.37,2.25
2015.05.26 16:04:27.282,1.29465,1.29489,1.12,1.00
2015.05.26 16:04:27.384,1.29467,1.29489,1.00,1.00
2015.05.26 16:04:27.727,1.29469,1.29489,1.00,1.00
2015.05.26 16:04:28.397,1.2947,1.29489,1.00,1.00
2015.05.26 16:04:28.854,1.29471,1.29493,1.00,1.50
2015.05.26 16:04:29.235,1.29475,1.29493,1.00,1.50
2015.05.26 16:04:29.780,1.29473,1.29493,1.00,1.00
2015.05.26 16:04:30.921,1.29473,1.29495,1.00,1.50
2015.05.26 16:04:31.988,1.2947,1.29495,1.50,1.50
2015.05.26 16:04:32.896,1.2947,1.29492,1.00,1.00
2015.05.26 16:04:33.324,1.29468,1.2949,1.00,1.00
2015.05.26 16:04:33.880,1.29465,1.2949,1.87,1.00
2015.05.26 16:04:34.287,1.29465,1.29486,1.37,1.00
2015.05.26 16:04:34.593,1.29469,1.29487,1.00,1.00
2015.05.26 16:04:34.645,1.29469,1.29489,1.00,1.00
2015.05.26 16:04:35.001,1.29467,1.29489,1.12,1.00
2015.05.26 16:04:36.857,1.29472,1.29489,1.00,1.00
2015.05.26 16:04:36.908,1.29472,1.29491,1.00,1.50
2015.05.26 16:04:37.326,1.29478,1.29495,1.00,1.00
2015.05.26 16:04:37.502,1.29472,1.29495,1.37,1.00
2015.05.26 16:04:37.756,1.2947,1.29495,2.62,1.00
2015.05.26 16:04:38.273,1.2947,1.29494,2.62,1.00
2015.05.26 16:04:38.750,1.2947,1.29492,1.37,1.00
2015.05.26 16:04:39.457,1.29467,1.29491,1.87,1.50
2015.05.26 16:04:39.508,1.29467,1.29491,1.50,1.50
2015.05.26 16:04:39.559,1.29467,1.29487,1.00,1.00
2015.05.26 16:04:39.611,1.29463,1.29487,1.87,1.00
2015.05.26 16:04:40.150,1.29464,1.29487,1.37,1.00
2015.05.26 16:04:41.676,1.29473,1.29491,1.00,1.00
2015.05.26 16:04:42.772,1.29474,1.29491,1.00,1.00
2015.05.26 16:04:44.937,1.29474,1.29492,1.00,1.00
2015.05.26 16:04:45.962,1.29469,1.29492,1.00,1.00
2015.05.26 16:04:46.064,1.29472,1.29492,1.00,1.12
2015.05.26 16:04:46.369,1.29474,1.29492,1.00,1.00
2015.05.26 16:04:46.674,1.29476,1.29492,1.00,1.00
2015.05.26 16:04:48.061,1.29476,1.29495,1.00,1.00
2015.05.26 16:04:48.163,1.29476,1.29498,1.00,2.62
2015.05.26 16:04:48.265,1.29481,1.29498,1.00,1.50
2015.05.26 16:04:49.046,1.29481,1.29503,1.00,1.50
2015.05.26 16:04:49.504,1.29483,1.29503,1.00,1.50
2015.05.26 16:04:50.466,1.29481,1.29503,1.00,1.50
2015.05.26 16:04:53.321,1.29481,1.29502,1.00,1.00
2015.05.26 16:04:53.372,1.29475,1.295,1.00,1.00
2015.05.26 16:04:53.474,1.29473,1.29494,2.25,1.00
2015.05.26 16:04:53.677,1.29469,1.29495,1.00,1.00
2015.05.26 16:05:00.543,1.29469,1.29496,1.87,2.25
2015.05.26 16:05:00.696,1.29472,1.29496,1.00,2.25
2015.05.26 16:05:01.161,1.29474,1.29496,1.00,1.00
2015.05.26 16:05:01.364,1.29472,1.29496,1.50,1.00
2015.05.26 16:05:03.218,1.29469,1.29495,1.00,1.00
2015.05.26 16:05:03.730,1.2947,1.29495,1.00,1.00
2015.05.26 16:05:03.883,1.29475,1.29495,1.00,1.00
2015.05.26 16:05:04.390,1.29475,1.29496,1.00,1.00
2015.05.26 16:05:05.654,1.29473,1.29496,1.00,1.12
2015.05.26 16:05:05.807,1.29469,1.29495,1.00,1.00
2015.05.26 16:05:06.320,1.2947,1.29495,1.00,1.12
2015.05.26 16:05:06.835,1.29469,1.29495,1.50,1.00
2015.05.26 16:05:07.396,1.2947,1.29495,1.00,1.00
2015.05.26 16:05:07.904,1.29471,1.29495,1.00,1.00
2015.05.26 16:05:08.322,1.29473,1.29495,1.00,1.00
2015.05.26 16:05:09.931,1.29471,1.29495,1.00,1.00
2015.05.26 16:05:10.734,1.29469,1.29495,1.87,1.00
2015.05.26 16:05:11.586,1.29467,1.29494,1.87,1.00
2015.05.26 16:05:13.551,1.29467,1.29494,2.62,2.62
2015.05.26 16:05:13.958,1.29467,1.29493,1.87,1.50
2015.05.26 16:05:14.687,1.29469,1.29494,1.12,1.50
2015.05.26 16:05:16.759,1.2947,1.29494,1.00,1.00
2015.05.26 16:05:21.627,1.29473,1.29495,1.00,1.00
2015.05.26 16:05:22.157,1.29473,1.29496,1.00,1.00
2015.05.26 16:05:22.561,1.29475,1.29499,1.00,1.12
2015.05.26 16:05:22.619,1.29477,1.29499,1.00,1.00
2015.05.26 16:05:23.062,1.29475,1.29498,1.00,1.37
2015.05.26 16:05:23.467,1.29475,1.29498,1.00,1.37
2015.05.26 16:05:24.018,1.29467,1.29486,1.87,1.00
2015.05.26 16:05:24.080,1.29467,1.29486,1.87,1.00
2015.05.26 16:05:24.611,1.29467,1.29487,1.37,1.00
2015.05.26 16:05:24.929,1.29467,1.29489,1.37,1.00
2015.05.26 16:05:26.033,1.29467,1.29486,1.37,1.00
2015.05.26 16:05:27.448,1.29467,1.29488,1.37,1.00
2015.05.26 16:05:28.097,1.29467,1.2949,1.37,1.00
2015.05.26 16:05:28.890,1.29467,1.2949,1.87,1.00
2015.05.26 16:05:29.747,1.29468,1.2949,1.37,1.00
2015.05.26 16:05:31.280,1.29467,1.2949,1.37,1.00
2015.05.26 16:05:31.774,1.29467,1.2949,1.37,1.00
2015.05.26 16:05:32.284,1.29467,1.29484,1.37,1.00
2015.05.26 16:05:32.387,1.29465,1.29484,1.37,1.00
2015.05.26 16:05:32.682,1.29465,1.29482,1.37,1.00
2015.05.26 16:05:33.325,1.29465,1.29484,1.37,1.00
2015.05.26 16:05:33.813,1.29463,1.29484,1.87,1.00
2015.05.26 16:05:33.864,1.29463,1.29481,1.37,1.00
2015.05.26 16:05:34.681,1.29458,1.29481,1.37,1.00
2015.05.26 16:05:37.594,1.29457,1.29481,1.37,1.00
2015.05.26 16:05:38.621,1.29457,1.29477,1.37,1.00
2015.05.26 16:05:38.672,1.29445,1.29469,1.37,1.00
2015.05.26 16:05:39.180,1.29448,1.2947,1.37,1.00
2015.05.26 16:05:39.231,1.29448,1.29473,1.50,1.00
2015.05.26 16:05:40.162,1.29449,1.29475,1.37,1.50
2015.05.26 16:05:40.679,1.29449,1.29475,1.12,1.50
2015.05.26 16:05:41.517,1.2945,1.29475,1.37,1.50
2015.05.26 16:05:42.037,1.2945,1.29475,1.00,1.50
2015.05.26 16:05:42.291,1.29448,1.29475,3.00,1.50
2015.05.26 16:05:45.620,1.29448,1.29473,1.37,1.00
2015.05.26 16:05:46.154,1.29445,1.29467,1.37,1.00
2015.05.26 16:05:46.205,1.29445,1.29467,1.00,1.00
2015.05.26 16:05:46.957,1.29445,1.29468,1.00,1.00
2015.05.26 16:05:47.008,1.29445,1.2947,1.37,1.00
2015.05.26 16:05:47.557,1.29451,1.2947,1.00,1.00
2015.05.26 16:05:47.609,1.29452,1.29474,1.37,1.00
2015.05.26 16:05:47.813,1.29451,1.29471,1.00,1.00
2015.05.26 16:05:47.864,1.29449,1.29471,1.00,1.00
2015.05.26 16:05:47.915,1.29446,1.29471,1.00,1.00
2015.05.26 16:05:48.422,1.29447,1.29471,1.00,1.00
2015.05.26 16:05:49.364,1.29444,1.2947,1.00,1.00
2015.05.26 16:05:50.444,1.29444,1.29467,1.12,1.00
2015.05.26 16:05:50.893,1.29444,1.29471,1.00,1.00
2015.05.26 16:05:50.945,1.29444,1.29469,1.50,1.00
2015.05.26 16:05:52.443,1.29444,1.29469,2.25,1.00
2015.05.26 16:05:52.546,1.2945,1.29474,1.00,1.57
2015.05.26 16:05:52.597,1.2945,1.29472,1.50,1.00
2015.05.26 16:05:52.851,1.2945,1.29475,1.50,1.65
2015.05.26 16:05:52.903,1.29447,1.29471,1.00,1.00
2015.05.26 16:05:53.511,1.29446,1.29471,1.00,1.00
2015.05.26 16:05:54.437,1.29446,1.29466,1.00,1.00
2015.05.26 16:05:55.081,1.29444,1.2946,1.12,1.00
2015.05.26 16:05:55.144,1.29433,1.29456,1.75,1.00
2015.05.26 16:05:55.195,1.29433,1.29456,1.37,1.00
2015.05.26 16:05:55.703,1.29431,1.29455,1.87,1.00
2015.05.26 16:05:56.103,1.29431,1.29456,1.50,1.00
2015.05.26 16:05:56.256,1.29431,1.29456,1.87,1.00
2015.05.26 16:05:56.561,1.29431,1.29456,1.87,1.37
2015.05.26 16:05:56.866,1.29426,1.29449,1.87,1.00
2015.05.26 16:05:56.917,1.29426,1.29449,1.87,1.00
2015.05.26 16:05:57.333,1.29426,1.29449,1.87,1.00
2015.05.26 16:05:57.683,1.29426,1.29447,1.00,1.00
2015.05.26 16:05:57.734,1.29426,1.29443,1.00,1.00
2015.05.26 16:05:57.836,1.29422,1.29443,1.00,1.00
2015.05.26 16:05:58.842,1.29425,1.29446,1.00,1.00
2015.05.26 16:05:59.364,1.29427,1.29446,1.00,1.00
2015.05.26 16:05:59.904,1.29427,1.29449,1.12,1.00
2015.05.26 16:05:59.955,1.2943,1.29449,1.00,1.00
2015.05.26 16:06:00.116,1.29428,1.29449,1.00,1.00
2015.05.26 16:06:00.627,1.29426,1.29449,1.37,1.00
2015.05.26 16:06:01.274,1.29425,1.29449,1.87,1.00
2015.05.26 16:06:01.991,1.29425,1.29449,1.37,1.87
2015.05.26 16:06:02.570,1.29424,1.29445,1.00,1.00
2015.05.26 16:06:02.622,1.29418,1.29444,1.87,1.00
2015.05.26 16:06:03.082,1.29424,1.29444,1.00,1.00
2015.05.26 16:06:03.336,1.29423,1.29449,1.37,1.00
2015.05.26 16:06:04.910,1.29423,1.29449,1.37,1.37
2015.05.26 16:06:05.062,1.29422,1.29449,2.62,1.87
2015.05.26 16:06:05.113,1.29422,1.29444,1.87,1.00
2015.05.26 16:06:05.930,1.29421,1.29444,1.37,1.00
2015.05.26 16:06:06.439,1.29421,1.29444,1.37,1.00
2015.05.26 16:06:07.114,1.29421,1.29444,1.37,1.00
2015.05.26 16:06:08.286,1.29422,1.29444,1.37,1.00
2015.05.26 16:06:08.388,1.29422,1.29444,1.37,1.00
2015.05.26 16:06:08.440,1.29422,1.29446,1.87,1.00
2015.05.26 16:06:08.847,1.29422,1.29446,1.37,1.00
2015.05.26 16:06:08.949,1.29422,1.29446,1.37,1.00
2015.05.26 16:06:09.490,1.29423,1.29446,1.37,1.00
2015.05.26 16:06:10.615,1.29421,1.29438,1.50,1.00
2015.05.26 16:06:10.666,1.29414,1.29438,1.87,1.00
2015.05.26 16:06:10.718,1.29414,1.29436,1.87,1.00
2015.05.26 16:06:11.033,1.29411,1.29436,1.37,1.50
2015.05.26 16:06:11.338,1.29411,1.29433,1.37,1.00
2015.05.26 16:06:12.013,1.29417,1.29435,1.00,1.00
2015.05.26 16:06:12.218,1.29417,1.29437,1.00,1.00
2015.05.26 16:06:12.269,1.29417,1.29439,1.00,1.00
2015.05.26 16:06:13.325,1.29418,1.29439,1.00,1.00
2015.05.26 16:06:14.130,1.29418,1.29442,1.00,1.87
2015.05.26 16:06:14.181,1.29418,1.29442,1.37,1.50
2015.05.26 16:06:14.891,1.29425,1.29442,1.37,1.50
2015.05.26 16:06:14.942,1.29425,1.29444,1.37,1.00
2015.05.26 16:06:14.993,1.29423,1.29444,1.37,1.00
2015.05.26 16:06:15.045,1.29423,1.29447,1.37,1.00
2015.05.26 16:06:15.400,1.29425,1.29447,1.37,1.00
2015.05.26 16:06:15.452,1.2943,1.29447,1.00,1.00
2015.05.26 16:06:15.657,1.29428,1.29447,1.00,1.00
2015.05.26 16:06:16.200,1.29425,1.29447,1.37,1.00
2015.05.26 16:06:16.253,1.29433,1.29449,1.00,1.50
2015.05.26 16:06:16.304,1.29431,1.29449,1.00,2.25
2015.05.26 16:06:16.406,1.29427,1.29446,1.00,1.00
2015.05.26 16:06:16.508,1.29425,1.29446,1.87,1.00
2015.05.26 16:06:17.839,1.29424,1.29448,1.00,1.75
2015.05.26 16:06:17.890,1.29422,1.29447,1.12,1.50
2015.05.26 16:06:18.245,1.29422,1.29447,1.00,1.75
2015.05.26 16:06:18.448,1.29422,1.29447,1.00,1.75
2015.05.26 16:06:19.003,1.29422,1.29447,1.00,1.75
2015.05.26 16:06:19.354,1.2942,1.29443,1.00,1.50
2015.05.26 16:06:19.457,1.29416,1.29441,1.37,1.12
2015.05.26 16:06:19.863,1.29414,1.29439,1.37,1.00
2015.05.26 16:06:20.016,1.29413,1.29439,1.37,1.87
2015.05.26 16:06:20.887,1.29425,1.29444,1.00,2.62
2015.05.26 16:06:20.939,1.29425,1.29446,1.37,1.12
2015.05.26 16:06:21.049,1.29428,1.29448,1.00,2.62
2015.05.26 16:06:21.558,1.29428,1.29448,1.37,2.62
2015.05.26 16:06:22.296,1.29429,1.29448,1.00,1.50
2015.05.26 16:06:22.814,1.2943,1.29451,1.87,1.00
2015.05.26 16:06:22.916,1.29433,1.29455,1.00,1.37
2015.05.26 16:06:22.967,1.29433,1.29459,1.50,1.37
2015.05.26 16:06:23.018,1.29438,1.29459,1.00,1.37
2015.05.26 16:06:23.656,1.29438,1.29459,1.00,1.87
2015.05.26 16:06:23.708,1.29435,1.29459,1.00,1.87
2015.05.26 16:06:24.029,1.29433,1.29459,1.50,2.25
2015.05.26 16:06:24.334,1.29435,1.29459,1.00,1.87
2015.05.26 16:06:24.436,1.29434,1.29459,1.00,1.87
2015.05.26 16:06:24.538,1.29433,1.29459,1.50,1.50
2015.05.26 16:06:25.033,1.29433,1.29458,1.50,1.37
2015.05.26 16:06:26.440,1.29433,1.29458,1.00,1.37
2015.05.26 16:06:27.044,1.29433,1.29453,1.00,1.00
2015.05.26 16:06:27.547,1.29433,1.29458,1.00,1.37
2015.05.26 16:06:28.055,1.29433,1.29453,1.00,1.00
2015.05.26 16:06:28.522,1.29433,1.29454,1.00,1.37
2015.05.26 16:06:28.790,1.29433,1.29456,1.00,1.50
2015.05.26 16:06:28.891,1.29433,1.29456,1.00,1.00
2015.05.26 16:06:28.942,1.29435,1.29459,1.00,1.50
2015.05.26 16:06:29.044,1.29441,1.29459,1.00,1.50
2015.05.26 16:06:29.298,1.29437,1.29459,1.00,1.00
2015.05.26 16:06:29.845,1.29436,1.29459,1.12,1.00
2015.05.26 16:06:30.930,1.2944,1.29459,1.00,1.00
2015.05.26 16:06:32.324,1.2944,1.2946,1.00,1.50
2015.05.26 16:06:32.629,1.29442,1.29462,1.00,1.00
2015.05.26 16:06:32.917,1.29442,1.29464,1.00,1.00
2015.05.26 16:06:33.414,1.29435,1.29458,1.37,1.00
2015.05.26 16:06:33.719,1.29435,1.29459,1.37,1.00
2015.05.26 16:06:34.251,1.29439,1.2946,1.37,1.00
2015.05.26 16:06:35.455,1.29438,1.2946,1.37,1.00
2015.05.26 16:06:36.053,1.29441,1.29463,1.37,1.00
2015.05.26 16:06:36.104,1.29441,1.29463,1.37,1.00
2015.05.26 16:06:36.207,1.29437,1.29463,1.50,1.00
2015.05.26 16:06:36.715,1.29436,1.29463,1.00,1.00
2015.05.26 16:06:37.546,1.29436,1.29463,1.00,1.37
2015.05.26 16:06:38.078,1.29436,1.29463,1.00,1.00
2015.05.26 16:06:38.230,1.29435,1.2946,1.50,1.00
2015.05.26 16:06:38.897,1.29436,1.2946,1.00,1.00
2015.05.26 16:06:39.407,1.29435,1.2946,1.50,1.00
2015.05.26 16:06:40.561,1.29435,1.29459,1.00,1.50
2015.05.26 16:06:41.092,1.29436,1.2946,1.00,1.00
2015.05.26 16:06:44.288,1.29437,1.2946,1.00,1.00
2015.05.26 16:06:45.934,1.29439,1.2946,1.00,1.00
2015.05.26 16:06:46.587,1.29438,1.2946,1.00,1.00
2015.05.26 16:06:47.165,1.29439,1.2946,1.00,1.00
2015.05.26 16:06:51.869,1.2944,1.2946,1.37,1.00
2015.05.26 16:06:51.971,1.29439,1.29464,1.37,1.50
2015.05.26 16:06:52.022,1.29442,1.29464,1.37,1.50
2015.05.26 16:06:52.933,1.2944,1.29464,1.37,1.00
2015.05.26 16:06:54.241,1.29442,1.29465,1.00,1.00
2015.05.26 16:06:54.292,1.29444,1.29465,1.00,1.00
2015.05.26 16:06:57.480,1.29441,1.29465,1.00,1.00
2015.05.26 16:06:58.173,1.2944,1.29465,1.50,1.00
2015.05.26 16:06:58.224,1.29444,1.29465,1.00,1.00
2015.05.26 16:06:59.343,1.29443,1.29465,1.00,1.00
2015.05.26 16:06:59.850,1.29444,1.29465,1.00,1.00
2015.05.26 16:07:00.400,1.29445,1.29465,1.00,1.00
2015.05.26 16:07:00.641,1.29443,1.29465,1.00,1.00
2015.05.26 16:07:00.692,1.29443,1.29463,1.00,1.00
2015.05.26 16:07:00.997,1.29438,1.29464,1.37,1.87
2015.05.26 16:07:05.206,1.29441,1.29464,1.00,1.00
2015.05.26 16:07:05.755,1.29439,1.29464,1.87,1.00
2015.05.26 16:07:08.417,1.29439,1.29464,1.37,1.37
2015.05.26 16:07:08.468,1.29439,1.29461,1.37,1.00
2015.05.26 16:07:09.113,1.29439,1.29464,1.37,1.37
2015.05.26 16:07:10.388,1.29437,1.29463,1.87,1.12
2015.05.26 16:07:11.640,1.29441,1.29463,1.37,1.00
2015.05.26 16:07:12.150,1.29437,1.29463,1.00,1.00
2015.05.26 16:07:12.909,1.29438,1.29463,1.00,1.00
2015.05.26 16:07:13.623,1.29437,1.29463,1.00,1.00
2015.05.26 16:07:13.826,1.29437,1.29463,1.37,1.00
2015.05.26 16:07:14.940,1.29444,1.29466,1.00,1.00
2015.05.26 16:07:16.239,1.29442,1.29466,1.87,1.00
2015.05.26 16:07:18.164,1.29442,1.29464,1.12,1.00
2015.05.26 16:07:19.664,1.2944,1.29464,1.75,1.00
2015.05.26 16:07:20.210,1.29439,1.29464,1.87,1.00
2015.05.26 16:07:20.962,1.29439,1.29464,1.87,1.00
2015.05.26 16:07:21.613,1.29439,1.29464,1.87,1.00
2015.05.26 16:07:22.070,1.2944,1.29464,1.37,1.00
2015.05.26 16:07:22.987,1.29444,1.29465,1.37,1.00
2015.05.26 16:07:23.496,1.29446,1.29466,1.12,1.00
2015.05.26 16:07:24.139,1.29444,1.29466,1.12,1.00
2015.05.26 16:07:25.754,1.29445,1.29466,1.00,1.00
2015.05.26 16:07:26.185,1.29447,1.29466,1.00,1.00
2015.05.26 16:07:27.141,1.29447,1.29468,1.00,1.00
2015.05.26 16:07:27.649,1.29448,1.29468,1.00,1.00
2015.05.26 16:07:29.972,1.29448,1.29472,1.75,1.00
2015.05.26 16:07:30.327,1.29453,1.29472,1.00,1.00
2015.05.26 16:07:30.429,1.29447,1.29472,1.75,1.00
2015.05.26 16:07:33.586,1.29447,1.29472,1.37,1.00
2015.05.26 16:07:33.637,1.29447,1.29472,1.37,1.00
2015.05.26 16:07:33.905,1.29451,1.29474,1.37,1.12
2015.05.26 16:07:33.956,1.29451,1.29473,1.37,1.37
2015.05.26 16:07:34.670,1.2945,1.29473,1.37,1.87
2015.05.26 16:07:35.201,1.29451,1.29473,1.37,1.87
2015.05.26 16:07:35.729,1.2945,1.29473,1.37,1.50
2015.05.26 16:07:37.181,1.2945,1.29473,1.37,1.12
2015.05.26 16:07:37.514,1.29451,1.29467,1.37,1.00
2015.05.26 16:07:38.943,1.29452,1.29472,1.37,1.50
2015.05.26 16:07:39.452,1.29452,1.29473,1.37,1.00
2015.05.26 16:07:43.345,1.29452,1.29474,1.37,1.50
2015.05.26 16:07:43.599,1.29452,1.29468,1.37,1.00
2015.05.26 16:07:43.650,1.29452,1.29468,1.00,1.00
2015.05.26 16:07:43.752,1.29447,1.29468,1.37,1.37
2015.05.26 16:07:44.168,1.29447,1.29473,1.37,1.50
2015.05.26 16:07:44.690,1.29449,1.29474,1.37,3.00
2015.05.26 16:07:45.045,1.29451,1.29476,2.62,1.50
2015.05.26 16:07:45.440,1.29451,1.29474,2.62,1.00
2015.05.26 16:07:46.291,1.29451,1.29474,2.62,1.00
2015.05.26 16:07:47.371,1.29451,1.29474,1.87,2.62
2015.05.26 16:07:47.574,1.29449,1.29473,1.37,1.12
2015.05.26 16:07:48.088,1.29449,1.29473,1.37,1.37
2015.05.26 16:07:48.784,1.29449,1.29473,1.00,1.37
2015.05.26 16:07:49.363,1.29452,1.29474,1.00,2.62
2015.05.26 16:07:49.415,1.29452,1.29473,1.00,1.00
2015.05.26 16:07:49.466,1.29452,1.29475,1.37,1.00
2015.05.26 16:07:50.087,1.29459,1.29477,1.37,1.00
2015.05.26 16:07:50.408,1.29458,1.29475,1.37,1.00
2015.05.26 16:07:50.714,1.29458,1.29475,1.37,1.00
2015.05.26 16:07:50.867,1.29459,1.29478,1.37,1.50
2015.05.26 16:07:51.482,1.29456,1.29478,1.37,1.50
2015.05.26 16:07:51.992,1.29454,1.29477,1.37,1.00
2015.05.26 16:07:52.594,1.29454,1.29478,1.37,1.00
2015.05.26 16:07:53.143,1.29454,1.29478,1.37,1.00
2015.05.26 16:07:53.467,1.29455,1.2948,1.37,1.00
2015.05.26 16:07:54.646,1.29455,1.2948,1.37,1.12
2015.05.26 16:07:55.192,1.29455,1.29479,1.37,1.00
2015.05.26 16:07:55.905,1.29455,1.2948,1.37,1.12
2015.05.26 16:07:56.420,1.29461,1.29481,1.00,1.00
2015.05.26 16:07:56.926,1.2946,1.29481,1.12,1.00
2015.05.26 16:07:57.466,1.29458,1.29482,1.37,1.00
2015.05.26 16:07:59.875,1.29463,1.29485,1.00,1.00
2015.05.26 16:08:00.437,1.29463,1.29484,1.37,1.00
2015.05.26 16:08:00.641,1.29463,1.29486,1.87,1.00
2015.05.26 16:08:00.693,1.29473,1.29489,1.00,1.00
2015.05.26 16:08:01.096,1.29473,1.29493,1.37,1.50
2015.05.26 16:08:01.249,1.29474,1.29493,1.37,1.00
2015.05.26 16:08:01.554,1.29474,1.29493,1.37,1.00
2015.05.26 16:08:02.038,1.29473,1.29493,1.87,1.12
2015.05.26 16:08:02.667,1.29472,1.29493,1.37,1.00
2015.05.26 16:08:02.718,1.29472,1.29489,1.37,1.00
2015.05.26 16:08:03.245,1.29467,1.29489,1.37,1.00
2015.05.26 16:08:03.819,1.29469,1.29488,1.87,1.00
2015.05.26 16:08:04.121,1.29469,1.29493,1.87,1.87
2015.05.26 16:08:04.400,1.29469,1.29493,1.87,1.87
2015.05.26 16:08:04.654,1.29469,1.29493,1.87,1.37
2015.05.26 16:08:06.023,1.29469,1.29493,1.87,1.87
2015.05.26 16:08:06.176,1.29469,1.29491,1.87,1.00
2015.05.26 16:08:07.980,1.2947,1.29492,1.12,1.00
2015.05.26 16:08:08.283,1.29472,1.2949,1.00,1.00
2015.05.26 16:08:08.668,1.29468,1.29487,1.12,2.25
2015.05.26 16:08:08.719,1.29462,1.29485,1.87,1.37
2015.05.26 16:08:09.060,1.29462,1.29487,1.87,3.37
2015.05.26 16:08:09.365,1.29462,1.29487,1.87,2.62
2015.05.26 16:08:10.522,1.29469,1.29488,1.37,1.50
2015.05.26 16:08:10.591,1.29469,1.29495,1.87,1.00
2015.05.26 16:08:11.110,1.29469,1.29496,1.87,1.87
2015.05.26 16:08:11.782,1.29475,1.29496,1.00,1.00
2015.05.26 16:08:12.502,1.29479,1.29497,1.00,1.00
2015.05.26 16:08:12.553,1.29479,1.29502,1.00,1.37
2015.05.26 16:08:12.604,1.29481,1.29502,1.00,1.00
2015.05.26 16:08:12.655,1.29481,1.29506,1.37,1.87
2015.05.26 16:08:13.165,1.2948,1.29506,1.87,1.75
2015.05.26 16:08:13.470,1.29478,1.29503,1.87,2.62
2015.05.26 16:08:13.521,1.29478,1.29503,1.87,2.62
2015.05.26 16:08:13.826,1.29478,1.29503,1.87,1.12
2015.05.26 16:08:13.979,1.29478,1.29503,1.37,1.37
2015.05.26 16:08:14.501,1.29483,1.29503,1.00,1.37
2015.05.26 16:08:17.003,1.29481,1.29505,1.37,2.25
2015.05.26 16:08:17.307,1.29482,1.29505,1.87,1.00
2015.05.26 16:08:18.733,1.29482,1.29505,1.37,1.37
2015.05.26 16:08:19.353,1.2948,1.29502,1.87,2.25
2015.05.26 16:08:19.769,1.2948,1.29502,1.87,2.25
2015.05.26 16:08:20.073,1.29481,1.29502,1.87,2.25
2015.05.26 16:08:20.390,1.29482,1.29502,1.37,1.50
2015.05.26 16:08:21.284,1.29481,1.29504,1.37,1.00
2015.05.26 16:08:21.440,1.29483,1.29506,1.37,1.50
2015.05.26 16:08:21.948,1.2948,1.29506,1.87,1.50
2015.05.26 16:08:22.742,1.2948,1.29506,1.37,1.50
2015.05.26 16:08:23.128,1.2948,1.29506,1.75,1.37
2015.05.26 16:08:23.281,1.29483,1.29506,1.37,1.37
2015.05.26 16:08:23.586,1.29483,1.29506,1.87,1.12
2015.05.26 16:08:24.148,1.29484,1.29506,1.37,1.37
2015.05.26 16:08:24.200,1.29484,1.29506,1.37,1.37
2015.05.26 16:08:24.671,1.29484,1.29506,1.37,1.12
2015.05.26 16:08:25.453,1.29485,1.29506,1.37,1.12
2015.05.26 16:08:25.904,1.29486,1.29506,1.37,1.50
2015.05.26 16:08:25.956,1.29484,1.29506,1.37,1.50
2015.05.26 16:08:26.528,1.29486,1.29506,1.37,2.25
2015.05.26 16:08:26.580,1.29486,1.29506,1.37,2.25
2015.05.26 16:08:27.343,1.29486,1.29506,1.37,1.12
2015.05.26 16:08:27.852,1.29485,1.29506,1.37,1.37
2015.05.26 16:08:28.568,1.29486,1.29506,1.37,1.12
2015.05.26 16:08:29.017,1.29491,1.29507,1.37,1.00
2015.05.26 16:08:29.072,1.29493,1.29508,1.37,1.12
2015.05.26 16:08:29.124,1.29493,1.29503,1.37,1.00
2015.05.26 16:08:29.327,1.29488,1.29507,1.37,1.00
2015.05.26 16:08:30.381,1.29488,1.29508,1.37,1.00
2015.05.26 16:08:30.987,1.29488,1.29512,1.87,1.50
2015.05.26 16:08:32.699,1.29488,1.29513,1.37,1.37
2015.05.26 16:08:32.801,1.29488,1.29512,1.87,1.00
2015.05.26 16:08:33.107,1.29491,1.29508,1.37,1.00
2015.05.26 16:08:33.635,1.29491,1.29507,1.37,1.00
2015.05.26 16:08:34.204,1.29491,1.29513,1.37,1.37
2015.05.26 16:08:34.407,1.2949,1.29507,1.87,1.00
2015.05.26 16:08:34.961,1.29491,1.29508,1.37,1.00
2015.05.26 16:08:35.520,1.2949,1.29509,1.87,1.00
2015.05.26 16:08:35.623,1.29491,1.29512,1.37,1.00
2015.05.26 16:08:36.433,1.2949,1.29513,2.62,1.50
2015.05.26 16:08:36.485,1.29491,1.29511,1.37,1.00
2015.05.26 16:08:36.597,1.29491,1.29513,1.37,1.50
2015.05.26 16:08:37.024,1.29491,1.2951,1.87,1.00
2015.05.26 16:08:37.406,1.29491,1.29508,1.87,1.00
2015.05.26 16:08:38.111,1.29491,1.29508,1.87,1.00
2015.05.26 16:08:38.616,1.29491,1.29509,1.87,1.00
2015.05.26 16:08:39.232,1.29491,1.29508,1.37,1.00
2015.05.26 16:08:41.927,1.29491,1.29509,1.87,1.00
2015.05.26 16:08:42.518,1.29491,1.29507,1.37,1.00
2015.05.26 16:08:43.489,1.29489,1.29501,1.37,1.00
2015.05.26 16:08:43.743,1.29489,1.29511,1.37,2.25
2015.05.26 16:08:44.050,1.29489,1.29506,1.37,1.00
2015.05.26 16:08:45.852,1.29489,1.29507,1.37,1.00
2015.05.26 16:08:47.114,1.29491,1.29507,1.37,1.00
2015.05.26 16:08:47.688,1.29492,1.29506,1.37,1.00
2015.05.26 16:08:48.437,1.29492,1.29509,1.37,1.00
2015.05.26 16:08:48.724,1.29491,1.29512,1.87,1.75
2015.05.26 16:08:48.878,1.29492,1.2951,1.37,1.00
2015.05.26 16:08:49.980,1.29496,1.29512,1.37,1.00
2015.05.26 16:08:50.081,1.29496,1.29512,1.37,1.00
2015.05.26 16:08:51.644,1.29493,1.2951,1.37,1.00
2015.05.26 16:08:53.149,1.29492,1.29506,1.37,1.00
2015.05.26 16:08:53.200,1.29491,1.29514,1.37,1.75
2015.05.26 16:08:53.750,1.29491,1.29514,1.37,1.75
2015.05.26 16:08:54.053,1.29491,1.29513,1.87,1.37
2015.05.26 16:08:54.937,1.29492,1.29513,1.37,1.00
2015.05.26 16:08:54.989,1.29491,1.29516,1.37,1.37
2015.05.26 16:08:56.625,1.29492,1.29517,1.37,3.75
2015.05.26 16:08:57.397,1.29492,1.29515,1.37,1.00
2015.05.26 16:08:57.499,1.29496,1.29519,1.37,1.00
2015.05.26 16:08:57.550,1.29504,1.29519,1.00,1.00
2015.05.26 16:08:57.601,1.29504,1.29521,1.00,1.50
2015.05.26 16:08:58.235,1.29504,1.29524,1.37,1.00
2015.05.26 16:08:59.875,1.29504,1.29525,1.37,1.00
2015.05.26 16:09:00.261,1.29504,1.29528,1.37,2.25
2015.05.26 16:09:00.312,1.29504,1.29523,1.37,1.00
2015.05.26 16:09:00.414,1.29504,1.29521,1.37,1.00
2015.05.26 16:09:00.668,1.29504,1.29523,1.37,1.12
2015.05.26 16:09:02.077,1.29502,1.29523,1.37,1.50
2015.05.26 16:09:02.619,1.29502,1.29519,1.37,1.00
2015.05.26 16:09:05.696,1.29502,1.29523,1.37,1.75
2015.05.26 16:09:06.239,1.29499,1.29523,1.37,2.25
2015.05.26 16:09:07.200,1.29499,1.29517,1.37,1.00
2015.05.26 16:09:07.251,1.29499,1.29513,1.00,1.00
2015.05.26 16:09:07.302,1.29496,1.29513,1.12,1.00
2015.05.26 16:09:07.404,1.29494,1.29517,1.37,2.62
2015.05.26 16:09:07.456,1.29494,1.29517,1.37,1.00
2015.05.26 16:09:07.609,1.29495,1.29519,1.87,1.50
2015.05.26 16:09:07.660,1.295,1.29519,1.37,1.00
2015.05.26 16:09:07.965,1.295,1.29521,1.87,1.00
2015.05.26 16:09:08.560,1.295,1.29522,1.87,1.50
2015.05.26 16:09:09.232,1.295,1.29521,1.87,1.00
2015.05.26 16:09:09.385,1.29505,1.29522,1.00,1.00
2015.05.26 16:09:09.487,1.29505,1.29524,1.12,1.00
2015.05.26 16:09:09.538,1.29505,1.29525,1.37,1.00
2015.05.26 16:09:09.913,1.295,1.29525,2.62,1.37
2015.05.26 16:09:09.966,1.295,1.29525,1.87,1.87
2015.05.26 16:09:10.068,1.295,1.29525,1.87,1.87
2015.05.26 16:09:10.578,1.295,1.29525,1.87,1.87
2015.05.26 16:09:11.489,1.295,1.29525,1.87,1.87
2015.05.26 16:09:12.814,1.295,1.29525,1.87,1.00
2015.05.26 16:09:13.272,1.29503,1.29525,1.37,1.00
2015.05.26 16:09:17.485,1.29502,1.29525,1.37,1.37
2015.05.26 16:09:17.587,1.29502,1.29525,1.37,1.12
2015.05.26 16:09:18.096,1.295,1.29525,2.62,1.87
2015.05.26 16:09:18.443,1.295,1.29525,2.62,1.87
2015.05.26 16:09:18.978,1.295,1.29522,1.87,1.87
2015.05.26 16:09:19.080,1.295,1.29522,1.87,1.12
2015.05.26 16:09:19.182,1.295,1.29524,1.87,1.12
2015.05.26 16:09:20.601,1.295,1.29525,2.62,1.00
2015.05.26 16:09:21.044,1.29503,1.29528,1.37,1.37
2015.05.26 16:09:23.086,1.29503,1.29525,1.37,1.37
2015.05.26 16:09:24.917,1.29501,1.29526,1.87,3.00
2015.05.26 16:09:25.193,1.29501,1.29525,2.62,1.00
2015.05.26 16:09:25.295,1.2951,1.29525,1.37,1.00
2015.05.26 16:09:25.397,1.2951,1.29529,1.37,1.00
2015.05.26 16:09:25.554,1.2951,1.29532,1.37,1.12
2015.05.26 16:09:26.238,1.29509,1.29535,1.37,2.25
2015.05.26 16:09:26.771,1.29514,1.29535,1.37,1.87
2015.05.26 16:09:28.258,1.29511,1.29535,1.37,1.12
2015.05.26 16:09:28.780,1.29514,1.29536,1.37,1.50
2015.05.26 16:09:28.832,1.29513,1.29536,1.37,2.62
2015.05.26 16:09:29.138,1.29513,1.29537,1.87,1.64
2015.05.26 16:09:29.591,1.29513,1.29538,2.62,1.15
2015.05.26 16:09:30.135,1.29518,1.29538,1.12,1.00
2015.05.26 16:09:31.792,1.29518,1.29541,1.12,3.00
2015.05.26 16:09:33.075,1.29528,1.29541,1.00,1.00
2015.05.26 16:09:33.126,1.29528,1.29544,1.00,1.00
2015.05.26 16:09:33.177,1.29528,1.29546,1.00,1.00
2015.05.26 16:09:33.709,1.29528,1.29547,1.00,1.50
2015.05.26 16:09:34.726,1.29529,1.29547,1.00,1.50
2015.05.26 16:09:35.182,1.29527,1.29547,1.00,1.50
2015.05.26 16:09:36.496,1.29525,1.29547,1.00,1.50
2015.05.26 16:09:37.017,1.29524,1.29547,1.50,2.25
2015.05.26 16:09:37.525,1.29524,1.29546,1.50,1.00
2015.05.26 16:09:38.716,1.29524,1.29547,1.50,2.25
2015.05.26 16:09:39.006,1.29524,1.29545,1.50,1.00
2015.05.26 16:09:39.209,1.2952,1.29543,1.87,1.00
2015.05.26 16:09:39.362,1.29518,1.2954,1.00,1.00
2015.05.26 16:09:39.565,1.29515,1.29539,1.00,1.00
2015.05.26 16:09:40.494,1.29514,1.29538,1.00,1.50
2015.05.26 16:09:41.437,1.29512,1.29538,1.50,1.50
2015.05.26 16:09:42.493,1.29512,1.29537,1.50,1.00
2015.05.26 16:09:43.749,1.29518,1.29538,1.00,1.00
2015.05.26 16:09:44.297,1.29513,1.29537,1.37,1.00
2015.05.26 16:09:44.807,1.29513,1.29537,1.37,1.00
2015.05.26 16:09:45.760,1.29513,1.2954,1.37,2.62
2015.05.26 16:09:46.522,1.29513,1.2954,1.87,1.87
2015.05.26 16:09:51.442,1.29513,1.2954,2.62,1.00
2015.05.26 16:09:52.476,1.29514,1.2954,1.75,1.00
2015.05.26 16:10:00.508,1.29517,1.29542,1.37,1.00
2015.05.26 16:10:02.285,1.29516,1.2954,1.37,1.00
2015.05.26 16:10:02.795,1.29516,1.2954,1.37,1.00
2015.05.26 16:10:03.447,1.29516,1.2954,1.37,1.00
2015.05.26 16:10:04.407,1.29516,1.2954,1.37,1.00
2015.05.26 16:10:05.294,1.29516,1.2954,1.37,1.00
2015.05.26 16:10:05.732,1.29516,1.2954,1.12,1.50
2015.05.26 16:10:06.099,1.29513,1.29536,1.00,1.12
2015.05.26 16:10:06.303,1.29507,1.29533,1.50,1.50
2015.05.26 16:10:06.456,1.29506,1.29531,1.50,1.00
2015.05.26 16:10:07.564,1.29507,1.29531,1.00,1.00
2015.05.26 16:10:07.717,1.29504,1.29531,1.50,1.87
2015.05.26 16:10:07.977,1.29504,1.29529,1.12,1.00
2015.05.26 16:10:09.257,1.29503,1.29529,1.12,3.00
2015.05.26 16:10:09.879,1.29503,1.29527,1.12,1.00
2015.05.26 16:10:10.288,1.29502,1.29525,1.37,1.00
2015.05.26 16:10:12.051,1.29504,1.29525,1.75,1.00
2015.05.26 16:10:12.204,1.29511,1.29533,2.25,1.00
2015.05.26 16:10:12.630,1.29512,1.29537,1.75,1.00
2015.05.26 16:10:12.683,1.29509,1.29534,1.87,1.00
2015.05.26 16:10:12.991,1.29509,1.29532,1.37,1.00
2015.05.26 16:10:13.164,1.29509,1.29534,1.37,1.00
2015.05.26 16:10:13.367,1.29509,1.29534,1.37,1.50
2015.05.26 16:10:13.469,1.29509,1.29534,1.37,1.50
2015.05.26 16:10:13.821,1.29509,1.29531,1.37,1.00
2015.05.26 16:10:18.089,1.29509,1.29531,1.37,1.00
2015.05.26 16:10:18.548,1.29506,1.29529,1.37,1.00
2015.05.26 16:10:19.133,1.29506,1.29529,1.37,1.00
2015.05.26 16:10:19.666,1.29506,1.29531,1.37,1.37
2015.05.26 16:10:20.714,1.29507,1.29531,1.37,1.00
2015.05.26 16:10:21.267,1.29506,1.2953,1.37,1.00
2015.05.26 16:10:21.656,1.29506,1.29528,1.37,1.00
2015.05.26 16:10:24.566,1.29506,1.29529,1.37,1.00
2015.05.26 16:10:26.627,1.29504,1.29523,1.37,1.00
2015.05.26 16:10:29.823,1.29504,1.29523,1.37,1.00
2015.05.26 16:10:30.389,1.29505,1.29523,1.50,1.00
2015.05.26 16:10:31.241,1.29516,1.29523,1.37,1.00
2015.05.26 16:10:31.292,1.29515,1.29528,1.37,1.00
2015.05.26 16:10:32.247,1.29515,1.29533,1.37,1.00
2015.05.26 16:10:33.492,1.29511,1.29533,1.37,1.00
2015.05.26 16:10:33.644,1.2951,1.29528,1.37,1.00
2015.05.26 16:10:33.696,1.2951,1.29528,1.37,1.00
2015.05.26 16:10:33.798,1.2951,1.29528,1.37,1.00
2015.05.26 16:10:34.272,1.29509,1.29528,1.37,1.00
2015.05.26 16:10:34.374,1.29507,1.29528,1.37,1.00
2015.05.26 16:10:34.477,1.29505,1.29522,1.37,1.50
2015.05.26 16:10:34.652,1.29497,1.29519,1.50,1.00
2015.05.26 16:10:34.704,1.29497,1.29519,1.50,1.00
2015.05.26 16:10:34.958,1.29492,1.29513,1.37,1.00
2015.05.26 16:10:35.112,1.29491,1.29513,1.37,1.50
2015.05.26 16:10:35.665,1.29489,1.29513,1.50,1.50
2015.05.26 16:10:36.680,1.29487,1.29507,1.37,1.00
2015.05.26 16:10:37.327,1.29487,1.29507,1.37,1.00
2015.05.26 16:10:37.430,1.29487,1.29507,1.87,1.00
2015.05.26 16:10:38.736,1.29493,1.29507,1.50,1.00
2015.05.26 16:10:38.787,1.29493,1.29513,1.50,1.00
2015.05.26 16:10:39.333,1.29496,1.29514,1.50,1.50
2015.05.26 16:10:39.641,1.2949,1.29514,1.75,1.50
2015.05.26 16:10:40.047,1.29491,1.29512,1.37,1.00
2015.05.26 16:10:40.382,1.29496,1.29514,1.37,1.00
2015.05.26 16:10:40.687,1.29502,1.29514,1.00,1.00
2015.05.26 16:10:40.789,1.295,1.2952,1.00,1.50
2015.05.26 16:10:40.841,1.29502,1.2952,1.00,1.50
2015.05.26 16:10:41.605,1.29497,1.2952,1.37,1.50
2015.05.26 16:10:41.708,1.29496,1.2952,1.87,1.50
2015.05.26 16:10:42.014,1.29492,1.29513,1.37,1.00
2015.05.26 16:10:43.911,1.29494,1.29513,1.75,1.00
2015.05.26 16:10:44.520,1.29493,1.29514,1.75,1.00
2015.05.26 16:10:45.052,1.29491,1.29513,2.62,1.00
2015.05.26 16:10:46.089,1.29492,1.29513,1.87,1.00
2015.05.26 16:10:47.770,1.29493,1.29513,1.37,1.00
2015.05.26 16:10:48.867,1.29495,1.29513,1.37,1.00
2015.05.26 16:10:49.752,1.29495,1.29514,1.37,1.00
2015.05.26 16:10:50.293,1.29492,1.29514,1.37,1.00
2015.05.26 16:10:50.525,1.29493,1.29514,1.37,1.00
2015.05.26 16:10:51.115,1.29492,1.29511,1.37,1.00
2015.05.26 16:10:51.727,1.29487,1.29511,1.87,1.00
2015.05.26 16:10:51.830,1.29487,1.29511,1.87,1.00
2015.05.26 16:10:52.938,1.29498,1.29511,1.37,1.00
2015.05.26 16:10:53.544,1.29487,1.29511,1.50,1.00
2015.05.26 16:10:56.893,1.29492,1.29511,1.37,1.00
2015.05.26 16:10:57.416,1.29492,1.29511,1.37,1.00
2015.05.26 16:10:58.354,1.29491,1.29511,1.37,1.00
2015.05.26 16:10:59.779,1.29493,1.29511,1.37,1.00
2015.05.26 16:11:02.431,1.29492,1.29515,1.75,1.00
2015.05.26 16:11:04.644,1.29494,1.29515,1.50,1.00
2015.05.26 16:11:08.025,1.2949,1.29515,1.37,1.50
2015.05.26 16:11:08.076,1.2949,1.29511,1.37,1.00
2015.05.26 16:11:08.127,1.2949,1.29511,1.37,1.00
2015.05.26 16:11:08.279,1.29482,1.29509,3.00,1.00
2015.05.26 16:11:08.330,1.29482,1.29509,3.00,1.00
2015.05.26 16:11:08.839,1.29487,1.29509,1.37,1.00
2015.05.26 16:11:09.848,1.29489,1.2951,1.87,1.00
2015.05.26 16:11:09.949,1.29492,1.29515,1.75,1.00
2015.05.26 16:11:10.000,1.29494,1.29515,1.50,1.00
2015.05.26 16:11:10.305,1.29493,1.29515,1.75,1.00
2015.05.26 16:11:10.813,1.29496,1.29516,3.00,1.00
2015.05.26 16:11:11.119,1.29501,1.2952,1.37,1.00
2015.05.26 16:11:14.720,1.29501,1.2952,1.75,1.00
2015.05.26 16:11:15.258,1.29503,1.29521,1.37,1.00
2015.05.26 16:11:16.163,1.29503,1.29521,1.37,1.00
2015.05.26 16:11:16.722,1.29501,1.29521,3.00,1.00
2015.05.26 16:11:17.559,1.29502,1.29521,1.12,1.00
2015.05.26 16:11:18.095,1.29498,1.29521,1.37,1.00
2015.05.26 16:11:18.146,1.29498,1.29521,1.37,1.00
2015.05.26 16:11:18.354,1.29498,1.29521,1.37,1.00
2015.05.26 16:11:23.944,1.29498,1.29521,1.87,1.00
2015.05.26 16:11:24.249,1.29499,1.29521,1.37,1.00
2015.05.26 16:11:26.323,1.29501,1.29521,1.37,1.00
2015.05.26 16:11:27.005,1.295,1.29524,1.50,1.00
2015.05.26 16:11:27.261,1.295,1.29524,1.37,1.00
2015.05.26 16:11:27.812,1.295,1.29524,1.37,1.00
2015.05.26 16:11:29.707,1.295,1.29519,1.37,1.00
2015.05.26 16:11:29.911,1.29498,1.29519,1.37,1.00
2015.05.26 16:11:31.031,1.29501,1.29519,1.37,1.00
2015.05.26 16:11:31.793,1.295,1.29519,1.50,1.00
2015.05.26 16:11:32.252,1.29506,1.29519,1.37,1.00
2015.05.26 16:11:32.359,1.29506,1.29523,1.37,1.00
2015.05.26 16:11:32.411,1.29506,1.29523,1.37,1.00
2015.05.26 16:11:32.667,1.29502,1.29523,1.37,1.00
2015.05.26 16:11:32.769,1.29502,1.29523,1.37,1.00
2015.05.26 16:11:34.620,1.295,1.29523,1.37,1.00
2015.05.26 16:11:34.957,1.295,1.29523,1.37,1.00
2015.05.26 16:11:35.603,1.295,1.29523,1.37,1.00
2015.05.26 16:11:37.908,1.29501,1.29523,1.50,1.00
2015.05.26 16:11:38.836,1.29501,1.29523,2.25,1.00
2015.05.26 16:11:38.939,1.29501,1.29523,2.25,1.00
2015.05.26 16:11:39.331,1.29501,1.29523,1.37,1.00
2015.05.26 16:11:39.383,1.29497,1.2952,1.75,1.00
2015.05.26 16:11:39.486,1.29497,1.29518,1.37,1.00
2015.05.26 16:11:39.791,1.29497,1.29516,1.37,1.00
2015.05.26 16:11:43.751,1.29496,1.29516,1.37,1.00
2015.05.26 16:11:44.663,1.29498,1.29516,1.37,1.00
2015.05.26 16:11:45.569,1.29498,1.2952,1.37,1.00
2015.05.26 16:11:46.485,1.29498,1.29523,1.37,2.25
2015.05.26 16:11:50.728,1.29499,1.29523,1.50,2.25
2015.05.26 16:11:54.897,1.29503,1.29525,1.50,1.00
2015.05.26 16:11:55.102,1.29502,1.29525,1.75,1.00
2015.05.26 16:11:55.560,1.29502,1.29523,1.37,1.00
2015.05.26 16:11:55.976,1.29497,1.29519,1.37,1.00
2015.05.26 16:11:59.010,1.29495,1.29519,1.37,1.00
2015.05.26 16:11:59.373,1.29494,1.29517,1.87,1.00
2015.05.26 16:11:59.577,1.29487,1.29506,1.37,1.00
2015.05.26 16:11:59.831,1.29487,1.29507,2.25,1.00
2015.05.26 16:12:00.202,1.29492,1.29511,1.37,1.00
2015.05.26 16:12:00.354,1.29492,1.29511,1.87,1.00
2015.05.26 16:12:00.932,1.29493,1.29511,1.37,1.00
2015.05.26 16:12:01.533,1.29493,1.29511,1.37,1.00
2015.05.26 16:12:01.585,1.29493,1.29511,1.37,1.00
2015.05.26 16:12:02.246,1.29493,1.29511,1.37,1.00
2015.05.26 16:12:02.753,1.29493,1.29511,1.37,1.00
2015.05.26 16:12:03.357,1.29493,1.29511,1.87,1.00
2015.05.26 16:12:03.899,1.29491,1.29511,1.87,1.00
2015.05.26 16:12:04.001,1.29487,1.29506,1.00,1.00
2015.05.26 16:12:04.541,1.29483,1.29505,1.37,1.00
2015.05.26 16:12:05.050,1.29486,1.29506,1.12,1.50
2015.05.26 16:12:05.357,1.29486,1.29506,1.37,1.50
2015.05.26 16:12:06.543,1.29479,1.29506,1.37,2.25
2015.05.26 16:12:06.695,1.29477,1.29504,3.00,1.00
2015.05.26 16:12:07.001,1.29477,1.29499,3.37,1.00
2015.05.26 16:12:07.872,1.29477,1.29496,1.37,1.00
2015.05.26 16:12:07.924,1.29471,1.29496,1.37,1.00
2015.05.26 16:12:08.168,1.29471,1.29496,1.37,1.00
2015.05.26 16:12:10.274,1.29475,1.29496,1.00,1.00
2015.05.26 16:12:10.325,1.29472,1.29496,1.12,1.87
2015.05.26 16:12:10.478,1.29471,1.29494,1.37,1.00
2015.05.26 16:12:10.836,1.29471,1.29492,1.37,1.00
2015.05.26 16:12:11.296,1.29471,1.29486,1.37,1.00
2015.05.26 16:12:11.805,1.29466,1.29485,1.37,2.25
2015.05.26 16:12:12.320,1.29466,1.29484,1.37,1.00
2015.05.26 16:12:13.943,1.29466,1.29484,1.37,1.00
2015.05.26 16:12:14.802,1.29469,1.29485,1.37,1.50
2015.05.26 16:12:18.303,1.29468,1.29484,1.37,1.00
2015.05.26 16:12:20.265,1.29464,1.29483,1.37,1.12
2015.05.26 16:12:20.573,1.29463,1.29478,1.37,1.00
2015.05.26 16:12:20.827,1.29464,1.29485,1.37,1.00
2015.05.26 16:12:21.664,1.29461,1.29485,1.37,1.00
2015.05.26 16:12:22.178,1.29459,1.29485,1.37,1.00
2015.05.26 16:12:23.219,1.29459,1.29485,1.37,1.00
2015.05.26 16:12:28.940,1.29457,1.29483,1.37,1.00
2015.05.26 16:12:31.455,1.29466,1.29485,1.37,1.00
2015.05.26 16:12:32.262,1.29466,1.29485,1.37,1.00
2015.05.26 16:12:33.824,1.29464,1.29484,1.12,1.00
2015.05.26 16:12:33.926,1.29458,1.29479,1.37,1.00
2015.05.26 16:12:34.598,1.29457,1.29478,1.37,1.00
2015.05.26 16:12:34.979,1.29458,1.29482,1.37,1.00
2015.05.26 16:12:36.489,1.29459,1.29483,1.87,1.00
2015.05.26 16:12:36.540,1.29459,1.29483,1.87,1.00
2015.05.26 16:12:37.865,1.29458,1.29483,1.87,1.00
2015.05.26 16:12:38.170,1.29458,1.29479,1.37,1.50
2015.05.26 16:12:39.191,1.29458,1.29479,1.37,1.50
2015.05.26 16:12:39.757,1.29454,1.29479,1.37,1.50
2015.05.26 16:12:40.330,1.29454,1.29479,1.37,1.50
2015.05.26 16:12:42.234,1.29457,1.29479,1.37,1.50
2015.05.26 16:12:44.193,1.29457,1.29479,1.37,1.50
2015.05.26 16:12:45.023,1.29457,1.29473,1.87,1.00
2015.05.26 16:12:45.827,1.29457,1.29472,1.87,1.00
2015.05.26 16:12:48.452,1.29457,1.29472,1.87,1.00
2015.05.26 16:12:48.606,1.29461,1.2948,1.37,1.00
2015.05.26 16:12:48.658,1.29461,1.2948,1.87,1.00
2015.05.26 16:12:49.015,1.29466,1.2948,1.37,1.00
2015.05.26 16:12:49.552,1.29459,1.29479,1.37,1.00
2015.05.26 16:12:50.059,1.2946,1.2948,1.37,1.00
2015.05.26 16:12:51.047,1.29457,1.29475,1.37,1.50
2015.05.26 16:12:51.721,1.29453,1.29475,2.25,1.50
2015.05.26 16:12:52.307,1.29458,1.29475,1.37,1.50
2015.05.26 16:12:52.409,1.29456,1.29475,1.37,1.50
2015.05.26 16:12:52.613,1.29463,1.29481,1.37,1.00
2015.05.26 16:12:54.103,1.29456,1.2948,1.37,1.00
2015.05.26 16:12:54.269,1.29453,1.2948,2.62,1.00
2015.05.26 16:12:54.421,1.29453,1.29478,1.12,1.00
2015.05.26 16:12:55.383,1.29454,1.29478,1.00,1.00
2015.05.26 16:12:55.689,1.29452,1.29475,1.75,1.50
2015.05.26 16:12:55.843,1.29448,1.29471,1.50,1.00
2015.05.26 16:12:55.895,1.29448,1.29468,1.37,1.00
2015.05.26 16:12:56.542,1.29453,1.29471,1.37,1.00
2015.05.26 16:12:56.645,1.29451,1.29476,1.37,1.50
2015.05.26 16:12:56.800,1.29451,1.29476,1.37,1.50
2015.05.26 16:12:56.903,1.29451,1.29476,1.37,1.50
2015.05.26 16:12:57.259,1.29451,1.29476,1.37,2.25
2015.05.26 16:12:57.881,1.29451,1.29475,1.37,1.00
2015.05.26 16:12:58.033,1.29448,1.29472,1.37,1.00
2015.05.26 16:12:58.491,1.29451,1.2947,1.00,1.00
2015.05.26 16:12:59.061,1.29451,1.29469,1.00,1.00
2015.05.26 16:12:59.253,1.29451,1.29471,1.00,1.00
2015.05.26 16:12:59.773,1.29451,1.2947,1.00,1.00
2015.05.26 16:12:59.876,1.29451,1.29472,1.00,1.00
2015.05.26 16:13:00.599,1.29451,1.29473,1.00,1.00
2015.05.26 16:13:02.286,1.29451,1.29473,1.37,1.00
2015.05.26 16:13:02.623,1.29451,1.29476,1.37,1.50
2015.05.26 16:13:03.812,1.29451,1.29476,1.00,2.62
2015.05.26 16:13:04.430,1.29451,1.29475,1.00,1.00
2015.05.26 16:13:04.532,1.29451,1.2947,1.12,1.00
2015.05.26 16:13:06.169,1.29448,1.2947,1.00,1.50
2015.05.26 16:13:07.242,1.29444,1.2947,1.37,1.50
2015.05.26 16:13:07.345,1.29444,1.2947,1.37,1.50
2015.05.26 16:13:07.827,1.29443,1.2947,1.87,1.50
2015.05.26 16:13:08.590,1.29443,1.2947,1.87,1.50
2015.05.26 16:13:09.265,1.29442,1.29467,1.87,1.00
2015.05.26 16:13:09.469,1.29442,1.29467,1.12,1.00
2015.05.26 16:13:09.674,1.29444,1.29467,1.00,1.00
2015.05.26 16:13:09.980,1.29446,1.29467,1.37,1.00
2015.05.26 16:13:10.285,1.29446,1.29467,1.37,1.00
2015.05.26 16:13:11.125,1.29452,1.29467,1.00,1.00
2015.05.26 16:13:11.176,1.29452,1.2947,1.00,1.00
2015.05.26 16:13:11.737,1.29451,1.29472,1.12,1.00
2015.05.26 16:13:12.347,1.29455,1.29472,1.00,1.00
2015.05.26 16:13:13.118,1.29452,1.29472,1.00,1.00
2015.05.26 16:13:13.621,1.29449,1.29472,1.75,1.00
2015.05.26 16:13:14.193,1.29452,1.29472,1.00,1.00
2015.05.26 16:13:14.977,1.29449,1.29472,1.75,1.00
2015.05.26 16:13:15.493,1.29452,1.29472,1.00,1.00
2015.05.26 16:13:22.563,1.29447,1.29472,1.12,1.50
2015.05.26 16:13:22.666,1.29447,1.29469,1.50,1.00
2015.05.26 16:13:22.973,1.2945,1.29468,1.00,1.00
2015.05.26 16:13:23.075,1.2945,1.29472,1.12,1.00
2015.05.26 16:13:23.127,1.29457,1.29473,1.00,1.00
2015.05.26 16:13:23.280,1.29457,1.29475,1.00,1.00
2015.05.26 16:13:23.717,1.29459,1.29477,1.00,1.00
2015.05.26 16:13:24.261,1.2946,1.29477,1.00,1.00
2015.05.26 16:13:24.768,1.29458,1.29477,1.37,1.00
2015.05.26 16:13:25.326,1.29458,1.29478,1.37,1.50
2015.05.26 16:13:25.634,1.29458,1.29478,1.37,1.50
2015.05.26 16:13:27.293,1.29457,1.29478,1.37,1.50
2015.05.26 16:13:27.548,1.29458,1.29484,1.37,2.25
2015.05.26 16:13:27.599,1.29458,1.29482,1.37,1.00
2015.05.26 16:13:28.225,1.29464,1.29484,1.37,1.00
2015.05.26 16:13:28.597,1.29464,1.29482,1.37,1.00
2015.05.26 16:13:29.251,1.29462,1.29479,1.37,1.00
2015.05.26 16:13:30.173,1.29462,1.29483,1.37,1.00
2015.05.26 16:13:30.377,1.29459,1.29478,1.37,1.00
2015.05.26 16:13:30.479,1.29456,1.29475,1.37,1.00
2015.05.26 16:13:31.006,1.29456,1.29475,1.37,1.00
2015.05.26 16:13:32.230,1.29456,1.29475,1.37,1.00
2015.05.26 16:13:32.984,1.29456,1.29476,1.37,1.00
2015.05.26 16:13:33.035,1.29456,1.29481,1.37,1.00
2015.05.26 16:13:33.086,1.29457,1.29481,1.37,1.00
2015.05.26 16:13:33.611,1.29462,1.29481,1.37,1.00
2015.05.26 16:13:34.509,1.29462,1.29481,1.37,1.00
2015.05.26 16:13:35.405,1.2946,1.29481,1.37,1.00
2015.05.26 16:13:36.790,1.29459,1.29483,2.62,1.00
2015.05.26 16:13:36.842,1.29459,1.29484,3.75,1.00
2015.05.26 16:13:36.994,1.29464,1.29487,1.37,1.00
2015.05.26 16:13:37.538,1.29465,1.29487,1.37,1.00
2015.05.26 16:13:37.589,1.29465,1.29487,1.37,1.00
2015.05.26 16:13:39.346,1.29464,1.29487,1.37,1.00
2015.05.26 16:13:39.499,1.29466,1.29487,1.37,1.00
2015.05.26 16:13:39.803,1.29462,1.29487,1.37,1.00
2015.05.26 16:13:41.197,1.29464,1.29487,1.37,1.00
2015.05.26 16:13:41.498,1.29468,1.29487,1.37,1.00
2015.05.26 16:13:43.240,1.29468,1.29484,1.37,1.00
2015.05.26 16:13:43.561,1.29467,1.29482,1.37,1.00
2015.05.26 16:13:44.915,1.29464,1.29482,1.37,1.00
2015.05.26 16:13:45.425,1.29464,1.29482,1.37,1.00
2015.05.26 16:13:47.929,1.29463,1.29482,1.37,1.00
2015.05.26 16:13:48.431,1.29462,1.29482,1.37,1.00
2015.05.26 16:13:49.719,1.29462,1.29482,1.37,1.00
2015.05.26 16:13:50.374,1.29463,1.29482,1.37,1.00
2015.05.26 16:13:51.152,1.29464,1.29482,1.37,1.00
2015.05.26 16:13:51.457,1.29454,1.29467,1.00,1.00
2015.05.26 16:13:51.508,1.2945,1.29467,1.37,1.00
2015.05.26 16:13:52.366,1.2945,1.2947,1.37,1.00
2015.05.26 16:13:54.657,1.2945,1.2947,1.37,1.00
2015.05.26 16:13:55.302,1.29452,1.2947,1.37,1.00
2015.05.26 16:13:55.984,1.29454,1.2947,1.37,1.00
2015.05.26 16:13:56.656,1.29451,1.2947,1.37,1.00
2015.05.26 16:13:57.186,1.29451,1.2947,1.37,1.00
2015.05.26 16:13:58.353,1.29454,1.2947,1.37,1.00
2015.05.26 16:13:58.936,1.29453,1.2947,1.37,1.00
2015.05.26 16:13:59.190,1.29452,1.2947,1.37,1.00
2015.05.26 16:13:59.393,1.29457,1.29475,1.37,1.00
2015.05.26 16:14:01.258,1.29456,1.29475,1.37,1.00
2015.05.26 16:14:01.359,1.29457,1.29475,1.37,1.00
2015.05.26 16:14:01.790,1.29452,1.29475,1.37,1.00
2015.05.26 16:14:02.467,1.29452,1.29475,1.37,1.00
2015.05.26 16:14:02.917,1.29451,1.29475,1.50,1.00
2015.05.26 16:14:04.226,1.29451,1.29475,1.50,1.00
2015.05.26 16:14:04.570,1.29453,1.29475,1.37,1.00
2015.05.26 16:14:04.861,1.29453,1.29475,1.37,1.00
2015.05.26 16:14:05.523,1.29455,1.29477,1.37,1.00
2015.05.26 16:14:05.964,1.29463,1.29484,1.12,1.00
2015.05.26 16:14:06.419,1.29458,1.29484,1.37,1.00
2015.05.26 16:14:06.724,1.2946,1.29484,1.37,1.00
2015.05.26 16:14:07.783,1.29461,1.29482,1.87,1.00
2015.05.26 16:14:08.610,1.29461,1.29482,1.87,1.37
2015.05.26 16:14:09.182,1.29459,1.29482,1.37,1.37
2015.05.26 16:14:09.518,1.29458,1.29481,1.87,1.12
2015.05.26 16:14:10.159,1.29458,1.29481,1.87,1.00
2015.05.26 16:14:10.833,1.29461,1.29484,1.37,1.87
2015.05.26 16:14:11.245,1.29458,1.29482,1.37,1.37
2015.05.26 16:14:11.296,1.29458,1.29476,1.37,1.00
2015.05.26 16:14:11.743,1.29458,1.29478,1.87,1.00
2015.05.26 16:14:11.794,1.29458,1.29481,1.87,1.00
2015.05.26 16:14:12.193,1.29461,1.29483,1.37,1.00
2015.05.26 16:14:12.345,1.29461,1.29483,1.37,1.00
2015.05.26 16:14:13.521,1.29461,1.29478,1.37,1.00
2015.05.26 16:14:14.244,1.29459,1.29478,1.37,1.00
2015.05.26 16:14:15.445,1.2946,1.29479,1.37,1.00
2015.05.26 16:14:15.648,1.2946,1.29479,1.37,1.00
2015.05.26 16:14:16.459,1.2946,1.29479,1.37,1.00
2015.05.26 16:14:17.864,1.2946,1.29479,1.37,1.00
2015.05.26 16:14:17.915,1.29458,1.29481,1.87,1.00
2015.05.26 16:14:17.966,1.29458,1.29481,1.87,1.00
2015.05.26 16:14:18.754,1.29462,1.29479,1.37,1.00
2015.05.26 16:14:21.333,1.29463,1.29478,1.37,1.00
2015.05.26 16:14:22.733,1.29463,1.2948,1.37,1.87
2015.05.26 16:14:25.085,1.29462,1.2948,1.37,2.25
2015.05.26 16:14:25.136,1.29462,1.2948,1.37,2.25
2015.05.26 16:14:25.238,1.2946,1.2948,1.37,2.62
2015.05.26 16:14:28.805,1.29457,1.29477,1.37,1.00
2015.05.26 16:14:28.907,1.29458,1.2948,1.37,1.87
2015.05.26 16:14:29.418,1.29459,1.2948,1.37,1.50
2015.05.26 16:14:29.960,1.29459,1.2948,1.37,1.50
2015.05.26 16:14:30.225,1.29458,1.29477,1.37,1.00
2015.05.26 16:14:30.742,1.29458,1.29473,1.37,1.00
2015.05.26 16:14:31.191,1.29457,1.29475,1.37,1.00
2015.05.26 16:14:31.343,1.29457,1.29473,1.37,1.00
2015.05.26 16:14:31.784,1.29458,1.29475,1.37,1.00
2015.05.26 16:14:31.835,1.2946,1.29475,1.37,1.00
2015.05.26 16:14:31.987,1.29461,1.2948,1.37,1.00
2015.05.26 16:14:32.382,1.29471,1.29483,1.50,1.00
2015.05.26 16:14:32.433,1.29471,1.29484,1.37,1.00
2015.05.26 16:14:32.801,1.29471,1.29484,1.87,1.00
2015.05.26 16:14:32.852,1.29471,1.29486,1.87,1.00
2015.05.26 16:14:32.954,1.2947,1.29478,1.37,1.00
2015.05.26 16:14:33.056,1.29463,1.29478,1.37,1.00
2015.05.26 16:14:33.107,1.2946,1.29476,1.37,1.00
2015.05.26 16:14:33.734,1.29458,1.29475,1.37,1.00
2015.05.26 16:14:34.625,1.29457,1.29479,1.87,1.00
2015.05.26 16:14:34.676,1.29457,1.29479,1.87,1.00
2015.05.26 16:14:35.126,1.29466,1.29479,1.37,1.00
2015.05.26 16:14:35.182,1.29466,1.29481,1.37,1.00
2015.05.26 16:14:35.931,1.29461,1.2948,1.37,1.00
2015.05.26 16:14:36.033,1.29462,1.29477,1.37,1.00
2015.05.26 16:14:36.984,1.2946,1.29477,1.37,1.00
2015.05.26 16:14:37.044,1.2946,1.29481,1.87,1.00
2015.05.26 16:14:39.662,1.29461,1.29481,1.37,1.00
2015.05.26 16:14:41.604,1.2946,1.29481,1.00,1.00
2015.05.26 16:14:41.707,1.29461,1.29479,1.00,1.00
2015.05.26 16:14:44.647,1.2946,1.29479,1.00,1.00
2015.05.26 16:14:45.808,1.29458,1.29479,1.00,1.00
2015.05.26 16:14:46.502,1.29455,1.29479,1.00,1.00
2015.05.26 16:14:48.724,1.29456,1.29479,1.00,1.00
2015.05.26 16:14:49.296,1.29455,1.29479,1.00,1.00
2015.05.26 16:14:50.888,1.29454,1.29479,1.00,1.00
2015.05.26 16:14:51.462,1.29453,1.29479,1.00,1.00
2015.05.26 16:14:51.997,1.29452,1.29479,1.87,1.00
2015.05.26 16:14:53.103,1.29453,1.29479,1.00,1.00
2015.05.26 16:14:53.765,1.29446,1.2947,2.62,1.00
2015.05.26 16:14:54.123,1.29444,1.29467,2.62,1.00
2015.05.26 16:14:54.174,1.29444,1.29467,1.50,1.00
2015.05.26 16:14:54.328,1.29444,1.29462,1.00,1.00
2015.05.26 16:14:54.634,1.29444,1.29458,1.00,1.00
2015.05.26 16:14:57.166,1.29444,1.29461,1.00,1.00
2015.05.26 16:14:57.268,1.29444,1.29463,1.00,1.00
2015.05.26 16:14:57.819,1.29444,1.29462,1.00,1.00
2015.05.26 16:14:57.921,1.29444,1.29467,1.00,1.00
2015.05.26 16:14:58.417,1.29447,1.29468,1.37,1.50
2015.05.26 16:14:58.724,1.29447,1.29469,1.37,1.00
2015.05.26 16:15:01.195,1.29445,1.29469,1.37,1.00
2015.05.26 16:15:02.280,1.29445,1.29469,1.37,1.00
2015.05.26 16:15:04.859,1.29444,1.29468,2.62,1.50
2015.05.26 16:15:04.961,1.29444,1.29468,1.37,1.50
2015.05.26 16:15:05.740,1.29444,1.29468,1.87,1.00
2015.05.26 16:15:06.044,1.29444,1.29468,2.25,1.00
2015.05.26 16:15:06.479,1.29445,1.29468,1.75,1.00
2015.05.26 16:15:06.581,1.29446,1.29472,2.25,1.00
2015.05.26 16:15:06.825,1.29446,1.29472,2.25,1.00
2015.05.26 16:15:07.278,1.29446,1.29467,2.25,1.00
2015.05.26 16:15:07.548,1.29445,1.29469,1.50,1.00
2015.05.26 16:15:07.929,1.29445,1.29469,1.50,1.00
2015.05.26 16:15:08.348,1.29445,1.29469,1.50,1.00
2015.05.26 16:15:08.885,1.29445,1.29469,1.50,1.00
2015.05.26 16:15:10.198,1.29447,1.29469,1.00,1.00
2015.05.26 16:15:10.719,1.29448,1.29474,1.00,1.00
2015.05.26 16:15:11.710,1.29448,1.29473,1.00,1.00
2015.05.26 16:15:12.246,1.29448,1.29474,1.00,1.87
2015.05.26 16:15:17.429,1.29446,1.29467,1.00,1.00
2015.05.26 16:15:17.480,1.29442,1.29467,1.37,1.00
2015.05.26 16:15:17.989,1.29442,1.29467,1.37,1.00
2015.05.26 16:15:19.408,1.29442,1.29467,1.00,1.50
2015.05.26 16:15:19.459,1.29438,1.29464,2.25,1.50
2015.05.26 16:15:19.966,1.29438,1.29464,1.00,2.25
2015.05.26 16:15:20.735,1.29438,1.29464,1.37,1.50
2015.05.26 16:15:24.591,1.29438,1.29464,1.12,1.50
2015.05.26 16:15:25.115,1.29438,1.29463,1.00,1.00
2015.05.26 16:15:28.516,1.29438,1.29464,1.00,1.50
2015.05.26 16:15:29.801,1.29438,1.29464,1.50,1.50
2015.05.26 16:15:30.106,1.29441,1.29464,1.75,1.50
2015.05.26 16:15:30.522,1.29442,1.29465,1.75,1.00
2015.05.26 16:15:30.948,1.29442,1.29467,1.75,1.00
2015.05.26 16:15:34.172,1.29442,1.29469,2.25,1.50
2015.05.26 16:15:34.842,1.29442,1.29469,3.00,1.50
2015.05.26 16:15:35.365,1.29442,1.29469,2.25,1.50
2015.05.26 16:15:35.982,1.29444,1.29469,1.37,1.50
2015.05.26 16:15:43.576,1.29446,1.29469,1.00,1.50
2015.05.26 16:15:44.094,1.29447,1.29469,1.00,1.00
2015.05.26 16:15:48.254,1.29444,1.29469,1.37,1.64
2015.05.26 16:15:48.305,1.29442,1.29466,1.00,1.00
2015.05.26 16:15:48.962,1.29442,1.29466,1.37,1.00
2015.05.26 16:15:49.775,1.29442,1.29466,1.00,1.00
2015.05.26 16:15:54.090,1.29442,1.29466,2.62,1.00
2015.05.26 16:15:54.248,1.29445,1.29466,1.00,1.00
2015.05.26 16:15:54.299,1.29445,1.29469,1.37,1.20
2015.05.26 16:15:54.870,1.29445,1.29469,1.75,1.00
2015.05.26 16:15:55.378,1.29445,1.29469,1.37,1.00
2015.05.26 16:15:55.884,1.29445,1.29469,1.00,1.00
2015.05.26 16:15:56.438,1.29445,1.29469,1.37,1.00
2015.05.26 16:16:00.643,1.29444,1.29469,1.37,1.00
2015.05.26 16:16:01.163,1.29445,1.29469,1.37,1.00
2015.05.26 16:16:05.496,1.29445,1.29469,1.00,1.00
2015.05.26 16:16:05.964,1.29447,1.2947,1.37,1.00
2015.05.26 16:16:06.319,1.29446,1.2947,1.00,1.00
2015.05.26 16:16:06.837,1.29447,1.2947,1.87,1.00
2015.05.26 16:16:08.097,1.29445,1.2947,3.37,1.00
2015.05.26 16:16:08.930,1.29447,1.2947,1.12,1.00
2015.05.26 16:16:09.632,1.29448,1.2947,1.00,1.00
2015.05.26 16:16:09.735,1.2945,1.2947,1.00,1.00
2015.05.26 16:16:09.887,1.2945,1.29472,1.00,1.00
2015.05.26 16:16:10.904,1.29462,1.29481,1.00,1.00
2015.05.26 16:16:11.108,1.2946,1.29481,1.12,1.00
2015.05.26 16:16:11.720,1.29457,1.29481,1.37,1.00
2015.05.26 16:16:17.341,1.29456,1.29481,2.25,1.00
2015.05.26 16:16:18.199,1.29456,1.29481,2.25,1.00
2015.05.26 16:16:21.585,1.29456,1.2948,1.87,1.00
2015.05.26 16:16:21.839,1.29456,1.29479,1.87,1.00
2015.05.26 16:16:22.723,1.29456,1.29481,1.87,1.50
2015.05.26 16:16:22.774,1.29456,1.29481,1.87,1.50
2015.05.26 16:16:23.028,1.29456,1.2948,1.87,1.00
2015.05.26 16:16:23.486,1.29456,1.2948,1.87,1.00
2015.05.26 16:16:24.030,1.29456,1.29481,1.87,1.00
2015.05.26 16:16:24.550,1.29456,1.2948,1.37,1.50
2015.05.26 16:16:24.856,1.29456,1.29479,1.37,1.00
2015.05.26 16:16:24.907,1.29456,1.29479,1.00,1.00
2015.05.26 16:16:24.959,1.29456,1.29477,1.00,1.00
2015.05.26 16:16:25.538,1.29456,1.2948,1.00,1.00
2015.05.26 16:16:25.590,1.29456,1.2948,1.37,1.00
2015.05.26 16:16:25.896,1.29456,1.2948,1.87,1.00
2015.05.26 16:16:26.870,1.29457,1.2948,1.37,1.00
2015.05.26 16:16:27.542,1.29456,1.2948,1.37,1.00
2015.05.26 16:16:28.540,1.29455,1.2948,2.62,1.00
2015.05.26 16:16:29.113,1.29455,1.2948,3.00,1.00
2015.05.26 16:16:29.544,1.29456,1.2948,1.37,1.00
2015.05.26 16:16:30.356,1.29456,1.29481,2.62,1.50
2015.05.26 16:16:30.865,1.29467,1.29484,1.37,1.00
2015.05.26 16:16:30.917,1.29466,1.29489,1.37,1.00
2015.05.26 16:16:31.070,1.29466,1.29488,1.37,1.00
2015.05.26 16:16:31.121,1.29466,1.29483,1.37,1.00
2015.05.26 16:16:31.173,1.29461,1.29483,1.87,1.00
2015.05.26 16:16:31.528,1.29461,1.29482,1.37,1.00
2015.05.26 16:16:32.102,1.29461,1.29482,1.37,1.00
2015.05.26 16:16:32.510,1.29461,1.29482,1.50,1.00
2015.05.26 16:16:32.959,1.29461,1.29482,1.50,1.00
2015.05.26 16:16:34.214,1.29462,1.29482,1.37,1.00
2015.05.26 16:16:34.468,1.29461,1.29482,1.50,1.00
2015.05.26 16:16:35.121,1.29461,1.29482,1.37,1.00
2015.05.26 16:16:36.220,1.29462,1.29482,1.00,1.00
2015.05.26 16:16:36.484,1.29461,1.29482,1.37,1.00
2015.05.26 16:16:37.021,1.29461,1.29482,1.87,1.00
2015.05.26 16:16:37.558,1.29461,1.29482,1.87,1.00
2015.05.26 16:16:38.105,1.29461,1.29482,1.87,1.00
2015.05.26 16:16:39.978,1.29461,1.29482,1.87,1.00
2015.05.26 16:16:40.465,1.29464,1.29482,1.37,1.00
2015.05.26 16:16:40.517,1.29467,1.29488,1.75,1.00
2015.05.26 16:16:40.621,1.29471,1.29491,1.12,1.00
2015.05.26 16:16:41.077,1.29471,1.29491,1.37,1.00
2015.05.26 16:16:41.748,1.29467,1.29491,1.37,1.00
2015.05.26 16:16:42.412,1.29466,1.29491,3.37,1.50
2015.05.26 16:16:47.660,1.29467,1.29491,1.75,1.00
2015.05.26 16:16:52.077,1.29468,1.29492,1.75,1.00
2015.05.26 16:16:52.180,1.29468,1.29495,2.62,1.00
2015.05.26 16:16:52.619,1.29468,1.29495,1.75,1.00
2015.05.26 16:16:54.950,1.29469,1.29495,1.12,1.00
2015.05.26 16:16:55.254,1.29468,1.29495,2.25,1.00
2015.05.26 16:16:56.396,1.29472,1.29494,1.00,1.00
2015.05.26 16:16:56.448,1.29468,1.29494,2.25,1.00
2015.05.26 16:17:04.741,1.29472,1.29494,1.75,1.00
2015.05.26 16:17:04.843,1.29472,1.29497,2.25,1.00
2015.05.26 16:17:05.710,1.29472,1.29497,2.25,1.00
2015.05.26 16:17:07.680,1.29472,1.29497,2.25,1.00
2015.05.26 16:17:08.231,1.29472,1.29496,1.50,1.00
2015.05.26 16:17:09.292,1.29472,1.29497,1.50,1.50
2015.05.26 16:17:09.806,1.29472,1.29497,1.87,1.00
2015.05.26 16:17:11.034,1.29473,1.29498,1.75,1.00
2015.05.26 16:17:11.969,1.29473,1.29498,1.75,1.00
2015.05.26 16:17:15.442,1.29473,1.29498,1.75,1.00
2015.05.26 16:17:15.950,1.29473,1.29498,1.37,1.00
2015.05.26 16:17:16.659,1.29473,1.29497,1.37,1.00
2015.05.26 16:17:16.714,1.29473,1.29492,1.37,1.00
2015.05.26 16:17:17.121,1.2947,1.2949,1.37,1.00
2015.05.26 16:17:17.172,1.2947,1.2949,1.37,1.00
2015.05.26 16:17:17.326,1.2947,1.29492,1.37,1.00
2015.05.26 16:17:19.532,1.2947,1.2949,1.37,1.00
2015.05.26 16:17:24.414,1.2947,1.29493,1.50,1.00
2015.05.26 16:17:25.383,1.2947,1.29492,1.37,1.00
2015.05.26 16:17:25.954,1.2947,1.29493,1.37,1.00
2015.05.26 16:17:26.408,1.2947,1.29493,1.37,1.00
2015.05.26 16:17:27.184,1.29468,1.29493,1.87,1.50
2015.05.26 16:17:27.943,1.29468,1.29493,1.75,1.50
2015.05.26 16:17:31.472,1.29468,1.29493,1.75,1.50
2015.05.26 16:17:35.185,1.29468,1.29493,1.75,1.50
2015.05.26 16:17:37.728,1.29468,1.29493,2.25,1.00
2015.05.26 16:17:38.245,1.29468,1.29493,2.25,1.00
2015.05.26 16:17:41.332,1.29472,1.29493,1.37,1.00
2015.05.26 16:17:43.108,1.29472,1.29493,1.37,1.00
2015.05.26 16:17:43.363,1.29478,1.29494,1.00,1.00
2015.05.26 16:17:43.466,1.29479,1.29498,1.50,1.00
2015.05.26 16:17:43.517,1.29481,1.29498,1.50,1.00
2015.05.26 16:17:43.568,1.29481,1.29504,1.87,1.00
2015.05.26 16:17:43.775,1.29485,1.29507,1.00,1.00
2015.05.26 16:17:43.826,1.29482,1.29504,1.00,1.00
2015.05.26 16:17:44.969,1.29482,1.29503,1.00,1.00
2015.05.26 16:17:45.595,1.29482,1.295,1.00,1.00
2015.05.26 16:17:45.647,1.29479,1.29499,1.00,1.50
2015.05.26 16:17:46.172,1.29476,1.29499,1.37,1.50
2015.05.26 16:17:47.623,1.29476,1.29499,1.37,1.50
2015.05.26 16:17:57.717,1.29472,1.29491,1.87,1.00
2015.05.26 16:17:58.225,1.2947,1.29491,1.37,1.00
2015.05.26 16:17:59.481,1.29469,1.29495,1.37,1.50
2015.05.26 16:18:03.322,1.29469,1.29494,1.37,1.00
2015.05.26 16:18:04.669,1.29469,1.29489,1.37,1.00
2015.05.26 16:18:05.091,1.29469,1.29492,1.37,1.00
2015.05.26 16:18:09.453,1.29469,1.29491,1.37,1.00
2015.05.26 16:18:10.199,1.29469,1.29491,1.37,1.00
2015.05.26 16:18:10.250,1.29469,1.29493,1.37,1.00
2015.05.26 16:18:11.507,1.29473,1.29493,1.37,1.00
2015.05.26 16:18:11.558,1.29473,1.29495,1.37,1.50
2015.05.26 16:18:14.462,1.29473,1.29495,1.37,1.50
2015.05.26 16:18:14.982,1.29473,1.29494,1.37,1.00
2015.05.26 16:18:15.686,1.29473,1.29494,1.37,1.00
2015.05.26 16:18:17.215,1.29473,1.29498,1.37,2.25
2015.05.26 16:18:18.690,1.29473,1.29498,1.37,2.25
2015.05.26 16:18:18.743,1.2947,1.29487,1.37,1.00
2015.05.26 16:18:18.845,1.2947,1.29494,1.37,1.12
2015.05.26 16:18:18.897,1.2947,1.29494,1.37,1.00
2015.05.26 16:18:19.204,1.29464,1.29479,1.00,1.00
2015.05.26 16:18:19.357,1.29454,1.29479,1.00,3.00
2015.05.26 16:18:19.860,1.29448,1.29473,1.37,1.50
2015.05.26 16:18:24.240,1.2945,1.29473,1.75,1.00
2015.05.26 16:18:24.502,1.2945,1.29473,1.37,1.00
2015.05.26 16:18:25.254,1.2945,1.29463,1.37,1.00
2015.05.26 16:18:25.310,1.29439,1.2946,1.37,1.00
2015.05.26 16:18:25.462,1.29437,1.29462,1.87,1.00
2015.05.26 16:18:25.564,1.29437,1.29462,1.87,1.00
2015.05.26 16:18:25.817,1.29437,1.29462,1.37,1.00
2015.05.26 16:18:26.495,1.29442,1.29462,1.37,1.00
2015.05.26 16:18:26.597,1.29442,1.29462,1.75,1.00
2015.05.26 16:18:27.123,1.29442,1.29462,1.37,1.00
2015.05.26 16:18:27.448,1.29439,1.29462,1.75,1.00
2015.05.26 16:18:27.661,1.29439,1.29462,1.75,1.00
2015.05.26 16:18:28.110,1.29439,1.29462,1.50,1.00
2015.05.26 16:18:28.431,1.29441,1.29462,1.37,1.00
2015.05.26 16:18:31.289,1.29441,1.29462,1.37,1.00
2015.05.26 16:18:33.706,1.29441,1.29462,2.62,1.00
2015.05.26 16:18:37.481,1.29442,1.29469,1.87,1.00
2015.05.26 16:18:44.073,1.29442,1.29469,1.37,1.00
2015.05.26 16:18:47.225,1.29446,1.29469,1.00,1.00
2015.05.26 16:18:47.428,1.29448,1.29469,1.00,1.00
2015.05.26 16:18:47.751,1.2945,1.29471,1.50,1.50
2015.05.26 16:18:50.673,1.2945,1.29471,1.50,1.50
2015.05.26 16:18:51.151,1.29459,1.29478,1.00,1.00
2015.05.26 16:18:51.698,1.2946,1.29478,1.00,1.00
2015.05.26 16:18:53.380,1.29458,1.29478,1.00,1.00
2015.05.26 16:18:53.482,1.2946,1.29478,1.00,1.00
2015.05.26 16:18:53.584,1.29458,1.29478,1.00,1.00
2015.05.26 16:18:54.605,1.29458,1.29479,1.00,1.00
2015.05.26 16:18:54.664,1.29455,1.29479,1.50,1.50
2015.05.26 16:18:54.971,1.29453,1.29479,1.00,2.25
2015.05.26 16:18:55.124,1.29455,1.29479,1.00,2.25
2015.05.26 16:18:55.430,1.29457,1.29479,1.00,1.50
2015.05.26 16:18:55.905,1.2946,1.29479,1.00,2.25
2015.05.26 16:18:56.596,1.2946,1.29478,1.00,1.00
2015.05.26 16:18:57.130,1.29461,1.29478,1.00,1.00
2015.05.26 16:19:00.347,1.29457,1.29479,1.37,1.00
2015.05.26 16:19:00.449,1.29457,1.29479,1.75,1.00
2015.05.26 16:19:04.346,1.29465,1.29479,1.37,1.00
2015.05.26 16:19:06.462,1.29466,1.29479,1.37,1.00
2015.05.26 16:19:09.605,1.29467,1.29479,1.37,1.00
2015.05.26 16:19:10.462,1.29465,1.29485,1.37,1.00
2015.05.26 16:19:10.667,1.29462,1.29485,2.25,1.00
2015.05.26 16:19:10.770,1.2946,1.29485,2.25,1.00
2015.05.26 16:19:10.821,1.29458,1.29483,3.00,1.00
2015.05.26 16:19:11.224,1.29458,1.29481,1.37,1.00
2015.05.26 16:19:20.245,1.29458,1.29481,1.37,1.00
2015.05.26 16:19:22.228,1.29458,1.29481,1.37,1.00
2015.05.26 16:19:26.003,1.29455,1.29481,1.50,1.00
2015.05.26 16:19:27.661,1.29455,1.29479,1.50,1.00
2015.05.26 16:19:43.334,1.29455,1.29479,1.37,1.00
2015.05.26 16:19:44.174,1.29462,1.2948,1.37,1.00
2015.05.26 16:19:44.328,1.29462,1.29485,2.25,1.00
2015.05.26 16:19:46.757,1.29463,1.29485,1.37,1.00
2015.05.26 16:19:50.400,1.29461,1.29481,1.37,1.00
2015.05.26 16:19:50.604,1.29461,1.2948,1.00,1.00
2015.05.26 16:19:51.140,1.29461,1.29481,1.00,1.00
2015.05.26 16:19:52.275,1.29461,1.29481,1.37,1.00
2015.05.26 16:19:53.349,1.29461,1.29485,1.00,1.50
2015.05.26 16:19:54.249,1.29461,1.29483,1.37,1.00
2015.05.26 16:19:54.878,1.29461,1.29483,1.12,1.00
2015.05.26 16:19:56.092,1.29461,1.29483,1.37,1.00
2015.05.26 16:19:56.738,1.29461,1.29483,1.37,1.00
2015.05.26 16:19:57.185,1.29461,1.29483,1.12,1.00
2015.05.26 16:19:57.837,1.2946,1.29483,1.00,1.00
2015.05.26 16:19:59.019,1.29458,1.29483,1.50,1.50
2015.05.26 16:20:02.028,1.29458,1.29483,1.37,1.50
2015.05.26 16:20:02.175,1.29458,1.29483,1.37,1.50
2015.05.26 16:20:02.836,1.29456,1.29483,2.25,1.50
2015.05.26 16:20:03.477,1.29456,1.29483,2.25,1.50
2015.05.26 16:20:05.440,1.29457,1.29483,1.50,1.00
2015.05.26 16:20:05.949,1.29456,1.29483,3.00,1.00
2015.05.26 16:20:06.462,1.29456,1.29483,3.00,1.00
2015.05.26 16:20:09.610,1.29456,1.29483,2.25,1.00
2015.05.26 16:20:09.968,1.29456,1.29483,3.00,1.00
2015.05.26 16:20:11.177,1.29456,1.29483,3.00,1.00
2015.05.26 16:20:11.826,1.29456,1.29483,3.75,1.00
2015.05.26 16:20:12.258,1.29456,1.29483,3.75,1.00
2015.05.26 16:20:15.488,1.29457,1.29483,1.37,1.00
2015.05.26 16:20:17.229,1.29457,1.29483,1.75,1.00
2015.05.26 16:20:17.577,1.29457,1.29483,1.75,1.00
2015.05.26 16:20:20.220,1.29457,1.29483,1.75,1.00
2015.05.26 16:20:20.536,1.29465,1.29484,1.00,1.00
2015.05.26 16:20:21.147,1.29468,1.29493,1.87,1.12
2015.05.26 16:20:21.401,1.29468,1.29492,1.37,1.00
2015.05.26 16:20:21.707,1.29473,1.29493,1.00,1.00
2015.05.26 16:20:21.809,1.29468,1.29493,1.87,1.00
2015.05.26 16:20:26.065,1.29468,1.29493,1.75,1.00
2015.05.26 16:20:26.377,1.29468,1.29493,1.37,1.00
2015.05.26 16:20:26.783,1.29468,1.29493,1.37,1.50
2015.05.26 16:20:27.335,1.29468,1.29493,1.37,1.00
2015.05.26 16:20:27.703,1.29468,1.29493,1.37,1.00
2015.05.26 16:20:29.559,1.29468,1.29493,1.37,1.00
2015.05.26 16:20:31.231,1.29479,1.29498,1.12,1.00
2015.05.26 16:20:35.373,1.29473,1.29498,3.00,1.00
2015.05.26 16:20:36.367,1.29474,1.29499,2.25,1.00
2015.05.26 16:20:40.856,1.29477,1.29502,1.87,1.00
2015.05.26 16:20:41.323,1.29476,1.295,1.37,1.00
2015.05.26 16:20:43.639,1.29477,1.29502,1.37,1.00
2015.05.26 16:20:44.567,1.29474,1.29499,1.75,1.00
2015.05.26 16:20:44.720,1.29476,1.29499,1.37,1.00
2015.05.26 16:20:46.847,1.29478,1.29502,1.12,1.00
2015.05.26 16:20:46.949,1.29478,1.29502,1.37,1.00
2015.05.26 16:20:48.903,1.29477,1.29502,1.37,1.00
2015.05.26 16:20:48.954,1.29479,1.29504,1.37,1.50
2015.05.26 16:20:50.646,1.29479,1.29504,1.37,2.25
2015.05.26 16:20:57.701,1.2948,1.29505,1.37,1.00
2015.05.26 16:20:57.752,1.2948,1.29507,1.37,3.37
2015.05.26 16:20:57.803,1.2948,1.29505,1.37,1.00
2015.05.26 16:20:59.572,1.2948,1.29505,1.37,1.00
2015.05.26 16:21:00.458,1.2948,1.29507,1.37,2.62
2015.05.26 16:21:00.976,1.2948,1.29507,1.87,2.62
2015.05.26 16:21:02.668,1.2948,1.29503,1.37,1.50
2015.05.26 16:21:05.855,1.2948,1.29504,1.37,1.12
2015.05.26 16:21:06.159,1.2948,1.295,1.37,1.50
2015.05.26 16:21:09.184,1.29476,1.295,1.37,1.50
2015.05.26 16:21:09.707,1.29476,1.295,1.87,1.50
2015.05.26 16:21:10.051,1.29477,1.295,1.37,1.50
2015.05.26 16:21:11.899,1.29477,1.295,1.37,1.50
2015.05.26 16:21:13.380,1.29476,1.295,1.87,1.50
2015.05.26 16:21:15.994,1.29477,1.295,1.37,1.50
2015.05.26 16:21:17.180,1.29476,1.295,1.37,1.50
2015.05.26 16:21:18.148,1.29476,1.295,1.37,2.25
2015.05.26 16:21:18.681,1.29476,1.295,2.25,1.50
2015.05.26 16:21:19.189,1.29479,1.295,1.37,1.50
2015.05.26 16:21:19.493,1.29479,1.295,1.37,1.50
2015.05.26 16:21:20.531,1.29479,1.295,1.37,1.50
2015.05.26 16:21:20.685,1.29478,1.29498,1.37,1.00
2015.05.26 16:21:20.788,1.29476,1.29495,1.37,1.00
2015.05.26 16:21:21.346,1.29475,1.29496,1.37,1.00
2015.05.26 16:21:22.903,1.29475,1.29497,1.37,1.50
2015.05.26 16:21:26.637,1.29475,1.29497,1.75,1.00
2015.05.26 16:21:27.623,1.29475,1.29496,1.87,1.00
2015.05.26 16:21:28.131,1.29475,1.29497,1.87,1.00
2015.05.26 16:21:29.698,1.29475,1.29496,1.87,1.00
2015.05.26 16:21:32.701,1.29473,1.29497,1.37,1.50
2015.05.26 16:21:41.475,1.29475,1.29499,1.37,1.00
2015.05.26 16:21:44.445,1.29475,1.295,1.87,3.00
2015.05.26 16:21:45.156,1.29475,1.29499,1.87,1.00
2015.05.26 16:21:45.681,1.29476,1.295,1.37,2.25
2015.05.26 16:21:46.229,1.29476,1.29495,1.37,1.00
2015.05.26 16:21:46.536,1.29476,1.29498,1.37,1.37
2015.05.26 16:21:46.638,1.29474,1.29494,1.87,1.00
2015.05.26 16:21:46.791,1.29475,1.29494,1.37,1.00
2015.05.26 16:21:46.894,1.29473,1.29491,1.37,1.00
2015.05.26 16:21:47.451,1.29474,1.2949,1.37,1.00
2015.05.26 16:21:49.201,1.29473,1.29492,1.37,1.00
2015.05.26 16:21:50.056,1.29473,1.29492,1.37,1.00
2015.05.26 16:21:50.796,1.29473,1.29492,1.37,1.00
2015.05.26 16:21:51.309,1.29473,1.29492,1.37,1.00
2015.05.26 16:21:51.860,1.29473,1.29492,1.87,1.00
2015.05.26 16:21:53.456,1.29473,1.29492,1.87,1.00
2015.05.26 16:21:53.959,1.29473,1.29493,1.37,1.00
2015.05.26 16:21:54.710,1.29475,1.29494,1.37,1.00
2015.05.26 16:21:55.116,1.29473,1.29494,1.37,1.00
2015.05.26 16:21:55.471,1.29473,1.29495,1.37,1.00
2015.05.26 16:21:56.881,1.29473,1.29495,1.87,1.00
2015.05.26 16:21:56.932,1.29473,1.29494,1.87,1.00
2015.05.26 16:22:03.063,1.29473,1.29494,1.87,1.00
2015.05.26 16:22:04.016,1.29474,1.29496,1.37,1.12
2015.05.26 16:22:04.907,1.29476,1.29496,1.37,1.00
2015.05.26 16:22:05.110,1.29474,1.29498,1.37,1.50
2015.05.26 16:22:05.161,1.29474,1.29498,1.37,1.50
2015.05.26 16:22:06.040,1.29474,1.29498,1.37,1.87
2015.05.26 16:22:06.485,1.29476,1.29497,1.37,1.00
2015.05.26 16:22:07.026,1.29474,1.29498,1.37,1.87
2015.05.26 16:22:08.437,1.29475,1.29498,1.37,1.87
2015.05.26 16:22:10.506,1.29473,1.29493,1.37,1.00
2015.05.26 16:22:11.738,1.29473,1.29493,1.37,1.00
2015.05.26 16:22:12.489,1.29473,1.29493,1.87,1.00
2015.05.26 16:22:12.949,1.29475,1.29493,1.37,1.00
2015.05.26 16:22:15.017,1.29477,1.29493,1.37,1.00
2015.05.26 16:22:15.372,1.2947,1.29493,1.37,1.00
2015.05.26 16:22:15.812,1.29472,1.29495,1.37,1.50
2015.05.26 16:22:15.863,1.29474,1.29499,1.37,3.00
2015.05.26 16:22:15.965,1.29473,1.29497,1.37,1.00
2015.05.26 16:22:16.270,1.2947,1.29495,1.37,1.00
2015.05.26 16:22:17.781,1.29476,1.29497,1.00,1.50
2015.05.26 16:22:17.984,1.2947,1.29496,2.25,1.00
2015.05.26 16:22:18.777,1.29472,1.29497,1.12,1.00
2015.05.26 16:22:18.879,1.29472,1.29497,1.37,1.00
2015.05.26 16:22:19.439,1.29473,1.29497,1.00,1.00
2015.05.26 16:22:19.743,1.2947,1.29497,2.25,1.00
2015.05.26 16:22:20.948,1.2947,1.29497,1.87,1.12
2015.05.26 16:22:22.377,1.29474,1.29497,1.12,1.37
2015.05.26 16:22:22.428,1.2947,1.29494,1.87,1.00
2015.05.26 16:22:24.955,1.29473,1.29494,1.00,1.00
2015.05.26 16:22:25.708,1.2947,1.29492,1.00,1.12
2015.05.26 16:22:26.248,1.29469,1.29492,1.00,1.12
2015.05.26 16:22:26.301,1.29471,1.29492,1.00,1.12
2015.05.26 16:22:27.157,1.29468,1.29492,1.00,1.00
2015.05.26 16:22:27.565,1.29467,1.2949,1.00,1.00
2015.05.26 16:22:28.140,1.29467,1.29492,1.00,1.50
2015.05.26 16:22:29.241,1.29467,1.29492,1.00,1.37
2015.05.26 16:22:29.747,1.29467,1.29491,1.00,1.37
2015.05.26 16:22:30.138,1.29465,1.29489,1.00,1.00
2015.05.26 16:22:30.696,1.29465,1.29489,1.00,1.37
2015.05.26 16:22:33.019,1.29465,1.29488,1.00,1.37
2015.05.26 16:22:34.491,1.29462,1.29488,1.87,1.37
2015.05.26 16:22:34.695,1.29463,1.29485,1.00,1.00
2015.05.26 16:22:36.241,1.29462,1.29485,1.87,1.00
2015.05.26 16:22:37.344,1.29462,1.29485,1.37,1.00
2015.05.26 16:22:37.677,1.29464,1.29487,1.37,1.12
2015.05.26 16:22:39.939,1.29471,1.29487,1.37,1.00
2015.05.26 16:22:40.092,1.29476,1.29493,1.37,1.00
2015.05.26 16:22:40.143,1.29476,1.29495,1.37,1.00
2015.05.26 16:22:40.195,1.29476,1.29498,1.37,1.00
2015.05.26 16:22:40.246,1.29478,1.29499,1.37,1.50
2015.05.26 16:22:40.551,1.29475,1.29499,1.37,1.50
2015.05.26 16:22:43.186,1.29475,1.29499,1.37,2.25
2015.05.26 16:22:48.503,1.29477,1.29499,2.25,1.50
2015.05.26 16:22:48.939,1.29485,1.29505,1.37,1.00
2015.05.26 16:22:49.046,1.29485,1.29508,1.37,1.00
2015.05.26 16:22:49.097,1.29485,1.29511,1.37,1.87
2015.05.26 16:22:50.237,1.29492,1.29513,1.37,1.50
2015.05.26 16:22:50.542,1.29494,1.29516,1.37,1.00
2015.05.26 16:22:51.584,1.29494,1.29516,1.37,1.00
2015.05.26 16:22:59.470,1.29492,1.29518,3.00,1.00
2015.05.26 16:22:59.928,1.29498,1.29523,1.87,1.00
2015.05.26 16:23:01.470,1.295,1.29523,1.37,1.00
2015.05.26 16:23:01.941,1.29501,1.29528,1.37,1.87
2015.05.26 16:23:02.571,1.29501,1.29527,1.37,1.87
2015.05.26 16:23:02.673,1.29501,1.29527,1.37,1.87
2015.05.26 16:23:03.179,1.29499,1.29524,1.37,1.00
2015.05.26 16:23:05.287,1.29499,1.29524,1.37,1.37
2015.05.26 16:23:06.020,1.29499,1.29524,1.37,1.00
2015.05.26 16:23:06.071,1.29499,1.29526,1.37,1.50
2015.05.26 16:23:08.823,1.295,1.29526,1.37,1.00
2015.05.26 16:23:09.341,1.295,1.29527,1.37,2.25
2015.05.26 16:23:11.152,1.295,1.29526,1.37,1.00
2015.05.26 16:23:11.683,1.295,1.29527,1.37,2.25
2015.05.26 16:23:14.101,1.29497,1.29522,1.37,1.00
2015.05.26 16:23:18.823,1.29498,1.29522,1.37,1.00
2015.05.26 16:23:18.874,1.29499,1.29526,1.37,1.00
2015.05.26 16:23:20.129,1.29502,1.29528,1.37,1.00
2015.05.26 16:23:20.756,1.29503,1.29528,1.37,1.87
2015.05.26 16:23:22.791,1.29503,1.29525,1.37,1.00
2015.05.26 16:23:22.893,1.29504,1.29522,1.37,1.00
2015.05.26 16:23:22.996,1.29502,1.29524,1.87,1.00
2015.05.26 16:23:23.546,1.29505,1.29526,1.37,1.87
2015.05.26 16:23:24.545,1.29504,1.29526,1.37,1.87
2015.05.26 16:23:25.458,1.29498,1.29525,1.37,1.00
2015.05.26 16:23:26.626,1.29496,1.29515,1.37,1.00
2015.05.26 16:23:26.779,1.29494,1.29515,1.37,1.00
2015.05.26 16:23:26.881,1.29494,1.29515,1.00,1.00
2015.05.26 16:23:26.983,1.29494,1.29512,1.00,1.00
2015.05.26 16:23:28.191,1.29494,1.29513,1.37,1.00
2015.05.26 16:23:29.917,1.29494,1.29519,1.37,1.37
2015.05.26 16:23:32.184,1.29494,1.29521,1.75,1.50
2015.05.26 16:23:32.734,1.29496,1.29522,1.50,1.00
2015.05.26 16:23:33.544,1.29496,1.29521,1.37,1.00
2015.05.26 16:23:33.647,1.29496,1.29522,1.37,1.37
2015.05.26 16:23:38.734,1.29494,1.29518,1.37,1.00
2015.05.26 16:23:38.836,1.29491,1.29518,1.37,1.87
2015.05.26 16:23:38.887,1.2949,1.29515,1.37,1.12
2015.05.26 16:23:39.339,1.29482,1.29507,1.50,1.00
2015.05.26 16:23:39.441,1.2948,1.29505,1.37,1.50
2015.05.26 16:23:39.746,1.29477,1.29503,1.87,1.00
2015.05.26 16:23:39.848,1.29479,1.29505,1.37,1.00
2015.05.26 16:23:40.656,1.29479,1.29505,1.37,1.00
2015.05.26 16:23:41.215,1.29479,1.29505,1.37,1.00
2015.05.26 16:23:42.025,1.29482,1.29505,1.87,1.00
2015.05.26 16:23:42.858,1.29482,1.29503,1.50,1.00
2015.05.26 16:23:42.910,1.29473,1.295,1.37,1.00
2015.05.26 16:23:43.166,1.29473,1.295,1.37,1.00
2015.05.26 16:23:43.369,1.29473,1.295,1.37,1.00
2015.05.26 16:23:44.279,1.29473,1.29499,1.37,1.00
2015.05.26 16:23:45.664,1.29473,1.29495,1.37,1.00
2015.05.26 16:23:46.090,1.29462,1.29488,2.25,1.00
2015.05.26 16:23:46.141,1.29462,1.29486,2.25,1.00
2015.05.26 16:23:46.243,1.29462,1.29488,2.25,1.50
2015.05.26 16:23:46.941,1.29463,1.2949,1.50,1.50
2015.05.26 16:23:47.753,1.29466,1.29491,1.87,1.00
2015.05.26 16:23:48.061,1.29466,1.29491,1.87,1.00
2015.05.26 16:23:48.590,1.29466,1.2949,1.37,1.00
2015.05.26 16:23:49.429,1.29466,1.2949,1.37,1.00
2015.05.26 16:23:49.867,1.29463,1.29489,1.87,1.00
2015.05.26 16:23:50.445,1.29463,1.29488,1.87,1.00
2015.05.26 16:23:50.496,1.29463,1.29488,1.00,1.37
2015.05.26 16:23:50.649,1.2946,1.29485,1.00,1.00
2015.05.26 16:23:50.700,1.29457,1.29483,2.62,1.00
2015.05.26 16:23:51.263,1.29457,1.29483,1.50,1.00
2015.05.26 16:23:51.729,1.29456,1.29481,1.00,1.00
2015.05.26 16:23:52.033,1.29456,1.29479,1.12,1.00
2015.05.26 16:23:52.084,1.29456,1.29481,1.12,1.00
2015.05.26 16:23:52.601,1.29456,1.29479,1.12,1.00
2015.05.26 16:23:53.064,1.29454,1.29477,2.25,1.00
2015.05.26 16:23:53.497,1.29454,1.2948,1.50,1.00
2015.05.26 16:23:54.055,1.29454,1.29481,1.50,1.50
2015.05.26 16:23:54.574,1.29454,1.2948,1.37,1.00
2015.05.26 16:23:55.110,1.29454,1.2948,1.00,1.00
2015.05.26 16:23:56.120,1.29454,1.29478,1.00,1.00
2015.05.26 16:23:56.171,1.29451,1.29476,1.12,1.00
2015.05.26 16:23:56.679,1.29449,1.29475,1.50,1.00
2015.05.26 16:23:57.699,1.29449,1.29475,1.50,1.00
2015.05.26 16:23:58.218,1.29449,1.29476,1.50,1.00
2015.05.26 16:23:58.813,1.29449,1.29476,1.50,1.00
2015.05.26 16:23:59.069,1.29447,1.29474,1.00,1.00
2015.05.26 16:23:59.775,1.29447,1.29472,1.00,1.50
2015.05.26 16:24:00.276,1.29447,1.29473,1.00,1.00
2015.05.26 16:24:00.893,1.29446,1.29471,1.00,1.00
2015.05.26 16:24:02.487,1.29444,1.29468,1.37,1.00
2015.05.26 16:24:02.640,1.29442,1.29467,1.00,1.00
2015.05.26 16:24:03.054,1.29444,1.29469,1.00,1.00
2015.05.26 16:24:03.359,1.29452,1.29474,1.00,1.00
2015.05.26 16:24:03.616,1.29449,1.29474,2.62,1.00
2015.05.26 16:24:03.719,1.29447,1.29472,1.00,1.00
2015.05.26 16:24:04.272,1.29445,1.29468,1.00,1.00
2015.05.26 16:24:06.625,1.29447,1.29468,1.00,1.00
2015.05.26 16:24:10.455,1.29447,1.29471,1.00,1.00
2015.05.26 16:24:14.219,1.2945,1.29474,1.12,1.00
2015.05.26 16:24:15.383,1.29447,1.29474,1.00,1.00
2015.05.26 16:24:15.434,1.29446,1.2947,1.00,1.00
2015.05.26 16:24:18.638,1.29448,1.29473,1.00,1.00
2015.05.26 16:24:19.172,1.29449,1.29473,1.00,1.00
2015.05.26 16:24:19.689,1.29448,1.29473,1.00,1.00
2015.05.26 16:24:21.271,1.29447,1.2947,1.00,1.00
2015.05.26 16:24:21.323,1.29448,1.29473,1.87,1.00
2015.05.26 16:24:21.375,1.29449,1.29476,1.50,2.25
2015.05.26 16:24:21.477,1.29449,1.29476,2.25,1.50
2015.05.26 16:24:21.937,1.29453,1.29478,1.50,1.00
2015.05.26 16:24:22.191,1.29453,1.29478,1.87,1.00
2015.05.26 16:24:22.547,1.29454,1.29478,1.00,1.00
2015.05.26 16:24:22.975,1.29454,1.29478,1.37,1.00
2015.05.26 16:24:23.812,1.29454,1.29478,1.37,1.00
2015.05.26 16:24:23.969,1.29458,1.29482,1.87,1.00
2015.05.26 16:24:24.399,1.29458,1.29485,1.87,2.62
2015.05.26 16:24:25.913,1.29458,1.29481,1.37,1.00
2015.05.26 16:24:26.217,1.2946,1.29482,1.37,1.00
2015.05.26 16:24:26.421,1.29462,1.29484,1.37,1.87
2015.05.26 16:24:27.489,1.29461,1.29484,1.37,1.87
2015.05.26 16:24:27.802,1.29461,1.29484,1.37,1.87
2015.05.26 16:24:28.107,1.29461,1.29486,1.37,1.00
2015.05.26 16:24:28.158,1.2946,1.29486,1.87,1.00
2015.05.26 16:24:28.699,1.29462,1.29486,1.37,1.00
2015.05.26 16:24:29.206,1.29462,1.29487,1.87,1.87
2015.05.26 16:24:31.430,1.29461,1.29487,1.87,1.12
2015.05.26 16:24:31.956,1.29461,1.29487,1.37,1.12
2015.05.26 16:24:33.970,1.29461,1.29487,1.37,1.12
2015.05.26 16:24:34.485,1.29459,1.29486,1.37,1.00
2015.05.26 16:24:35.116,1.29459,1.29486,1.87,1.00
2015.05.26 16:24:36.376,1.29459,1.29486,1.87,1.00
2015.05.26 16:24:36.478,1.29464,1.29488,1.37,1.37
2015.05.26 16:24:36.530,1.29464,1.29489,1.37,1.50
2015.05.26 16:24:36.633,1.29464,1.29489,1.37,1.00
2015.05.26 16:24:37.157,1.29461,1.29487,1.37,1.00
2015.05.26 16:24:37.679,1.29461,1.29488,1.37,1.50
2015.05.26 16:24:41.265,1.29459,1.29484,2.25,1.00
2015.05.26 16:24:41.992,1.29461,1.29484,1.37,1.00
2015.05.26 16:24:42.318,1.29461,1.29486,1.87,1.00
2015.05.26 16:24:42.420,1.29464,1.29489,1.37,1.50
2015.05.26 16:24:43.395,1.29465,1.29491,1.37,1.12
2015.05.26 16:24:49.672,1.29465,1.29491,1.37,1.00
2015.05.26 16:24:53.996,1.29465,1.29492,1.37,2.25
2015.05.26 16:25:00.736,1.29467,1.29492,1.00,1.00
2015.05.26 16:25:01.867,1.29466,1.2949,1.00,1.00
2015.05.26 16:25:02.439,1.29469,1.29494,1.37,1.50
2015.05.26 16:25:02.767,1.29469,1.29494,2.25,1.00
2015.05.26 16:25:02.920,1.2947,1.29494,1.50,1.00
2015.05.26 16:25:04.570,1.29473,1.29494,1.00,1.00
2015.05.26 16:25:04.876,1.29476,1.29498,1.00,1.00
2015.05.26 16:25:04.927,1.29476,1.29503,1.87,2.25
2015.05.26 16:25:04.978,1.29478,1.29503,1.37,1.50
2015.05.26 16:25:05.584,1.29477,1.29502,1.37,1.00
2015.05.26 16:25:06.131,1.29477,1.29502,1.37,1.00
2015.05.26 16:25:06.848,1.29477,1.29502,1.87,1.00
2015.05.26 16:25:07.747,1.29478,1.29505,1.37,1.00
2015.05.26 16:25:10.353,1.29478,1.29505,1.37,1.00
2015.05.26 16:25:10.931,1.29478,1.29505,1.37,1.00
2015.05.26 16:25:14.205,1.29478,1.29505,1.37,1.00
2015.05.26 16:25:20.377,1.29478,1.29505,2.25,1.00
2015.05.26 16:25:21.341,1.29478,1.29501,1.37,1.00
2015.05.26 16:25:22.946,1.29478,1.295,1.37,1.00
2015.05.26 16:25:23.049,1.29475,1.295,1.37,1.00
2015.05.26 16:25:23.252,1.29475,1.29498,1.37,1.00
2015.05.26 16:25:23.709,1.29475,1.29498,1.37,1.00
2015.05.26 16:25:23.913,1.29475,1.29501,1.37,1.00
2015.05.26 16:25:24.691,1.29473,1.295,1.37,1.00
2015.05.26 16:25:24.903,1.29473,1.295,1.37,1.00
2015.05.26 16:25:25.864,1.29473,1.295,1.37,1.00
2015.05.26 16:25:27.128,1.29473,1.295,1.37,1.00
2015.05.26 16:25:27.293,1.29473,1.295,1.37,1.00
2015.05.26 16:25:28.063,1.29473,1.295,1.37,1.00
2015.05.26 16:25:28.748,1.29473,1.295,1.37,1.00
2015.05.26 16:25:29.405,1.29473,1.295,1.37,1.00
2015.05.26 16:25:29.977,1.29473,1.295,1.37,1.00
2015.05.26 16:25:30.179,1.29473,1.295,1.37,1.00
2015.05.26 16:25:30.746,1.29473,1.295,1.37,1.50
2015.05.26 16:25:31.817,1.29477,1.295,1.87,1.00
2015.05.26 16:25:32.243,1.29479,1.295,1.87,1.00
2015.05.26 16:25:33.994,1.29479,1.295,1.37,1.00
2015.05.26 16:25:34.045,1.29479,1.29502,1.87,1.00
2015.05.26 16:25:34.893,1.2948,1.29503,1.37,1.00
2015.05.26 16:25:35.408,1.29479,1.29503,1.37,1.00
2015.05.26 16:25:36.209,1.29479,1.29503,1.37,1.00
2015.05.26 16:25:37.664,1.29481,1.29503,1.37,1.00
2015.05.26 16:25:42.498,1.29481,1.29503,1.37,1.00
2015.05.26 16:25:43.254,1.29479,1.29505,1.87,1.87
2015.05.26 16:25:43.962,1.29482,1.29505,1.37,1.00
2015.05.26 16:25:44.369,1.29485,1.29507,1.37,1.00
2015.05.26 16:25:44.470,1.29485,1.29507,1.37,1.00
2015.05.26 16:25:45.835,1.29484,1.29508,1.37,1.87
2015.05.26 16:25:50.079,1.29484,1.29508,1.37,1.00
2015.05.26 16:25:50.232,1.29482,1.29505,1.37,1.00
2015.05.26 16:25:51.736,1.29482,1.29503,1.37,1.00
2015.05.26 16:25:52.246,1.29481,1.29504,1.37,1.00
2015.05.26 16:25:52.720,1.29484,1.29506,1.37,1.00
2015.05.26 16:25:52.771,1.29482,1.29506,1.37,1.00
2015.05.26 16:25:53.703,1.29482,1.29506,1.37,1.00
2015.05.26 16:25:53.914,1.29483,1.29507,1.37,1.50
2015.05.26 16:25:54.520,1.29483,1.29507,1.37,1.50
2015.05.26 16:25:55.358,1.29482,1.29507,1.37,1.50
2015.05.26 16:25:56.574,1.29482,1.29505,1.37,1.00
2015.05.26 16:25:56.913,1.29475,1.295,1.87,1.50
2015.05.26 16:25:57.372,1.29475,1.295,1.37,1.50
2015.05.26 16:25:58.009,1.29475,1.295,1.37,1.00
2015.05.26 16:25:58.456,1.29477,1.29502,1.37,1.50
2015.05.26 16:25:58.970,1.29477,1.29502,1.37,1.50
2015.05.26 16:25:59.727,1.29474,1.29501,1.37,1.00
2015.05.26 16:26:00.233,1.29474,1.295,1.87,1.00
2015.05.26 16:26:01.746,1.29474,1.29501,1.87,1.50
2015.05.26 16:26:04.572,1.29474,1.295,1.37,1.00
2015.05.26 16:26:05.728,1.29474,1.295,1.37,1.00
2015.05.26 16:26:06.246,1.29474,1.29501,2.62,1.00
2015.05.26 16:26:07.442,1.29475,1.29501,1.00,1.00
2015.05.26 16:26:07.949,1.29474,1.29501,1.50,1.00
2015.05.26 16:26:11.386,1.29474,1.29498,1.00,1.00
2015.05.26 16:26:11.929,1.29473,1.29498,1.00,1.00
2015.05.26 16:26:14.461,1.29473,1.29498,1.37,1.00
2015.05.26 16:26:14.945,1.29476,1.29498,1.50,1.00
2015.05.26 16:26:15.260,1.29474,1.29498,1.75,1.00
2015.05.26 16:26:15.439,1.29476,1.29501,1.50,1.00
2015.05.26 16:26:29.325,1.29468,1.29489,1.37,1.00
2015.05.26 16:26:29.584,1.29466,1.29489,1.00,1.00
2015.05.26 16:26:29.737,1.29466,1.29491,1.50,1.00
2015.05.26 16:26:30.252,1.29468,1.29493,1.37,1.50
2015.05.26 16:26:30.354,1.29473,1.29497,1.12,1.00
2015.05.26 16:26:31.091,1.29473,1.29497,1.50,1.00
2015.05.26 16:26:31.253,1.29474,1.29501,1.75,1.50
2015.05.26 16:26:31.456,1.2948,1.29503,1.00,1.00
2015.05.26 16:26:31.508,1.29478,1.29503,1.00,1.00
2015.05.26 16:26:31.863,1.29478,1.29499,1.00,1.00
2015.05.26 16:26:33.731,1.29474,1.29499,1.50,1.00
2015.05.26 16:26:33.852,1.29474,1.29499,1.50,1.00
2015.05.26 16:26:34.908,1.29474,1.29499,1.12,1.00
2015.05.26 16:26:34.959,1.29472,1.29494,1.00,1.00
2015.05.26 16:26:38.812,1.29469,1.29494,1.00,1.00
2015.05.26 16:26:38.966,1.29466,1.29492,1.37,1.00
2015.05.26 16:26:40.881,1.29466,1.29492,1.12,1.00
2015.05.26 16:26:41.533,1.29466,1.29492,1.37,1.00
2015.05.26 16:26:42.075,1.29466,1.29492,1.50,1.00
2015.05.26 16:26:43.996,1.29468,1.29492,1.00,1.00
2015.05.26 16:26:44.941,1.29472,1.29494,1.00,1.00
2015.05.26 16:26:45.434,1.29472,1.29499,1.87,1.00
2015.05.26 16:26:48.651,1.29472,1.29496,1.00,1.00
2015.05.26 16:26:49.156,1.29471,1.29496,1.50,2.25
2015.05.26 16:26:51.670,1.29471,1.29496,2.62,2.25
2015.05.26 16:26:51.823,1.29474,1.29498,1.12,1.00
2015.05.26 16:26:51.924,1.29474,1.29498,1.37,1.00
2015.05.26 16:26:52.662,1.29477,1.295,1.37,1.00
2015.05.26 16:26:52.916,1.29477,1.295,1.37,1.00
2015.05.26 16:26:54.215,1.29477,1.295,1.37,1.00
2015.05.26 16:26:54.540,1.29477,1.295,1.37,1.00
2015.05.26 16:26:56.091,1.29477,1.295,1.12,1.00
2015.05.26 16:26:56.946,1.29477,1.295,1.37,1.00
2015.05.26 16:26:57.401,1.29477,1.295,1.37,1.00
2015.05.26 16:26:58.453,1.29481,1.295,1.00,1.00
2015.05.26 16:26:58.505,1.29481,1.29505,1.00,1.00
2015.05.26 16:26:59.013,1.2948,1.29504,2.25,1.00
2015.05.26 16:26:59.776,1.29483,1.29505,1.00,1.00
2015.05.26 16:26:59.879,1.29485,1.29508,1.00,1.50
2015.05.26 16:27:00.134,1.29488,1.29508,1.00,1.00
2015.05.26 16:27:00.441,1.29486,1.29508,1.00,1.00
2015.05.26 16:27:00.594,1.29486,1.29505,1.00,1.00
2015.05.26 16:27:00.747,1.2948,1.29503,1.00,1.00
2015.05.26 16:27:01.339,1.29482,1.29503,1.00,1.00
2015.05.26 16:27:01.847,1.29483,1.29503,1.00,1.00
2015.05.26 16:27:03.210,1.29486,1.29503,1.00,1.00
2015.05.26 16:27:03.262,1.29486,1.29505,1.50,1.00
2015.05.26 16:27:03.517,1.2949,1.29505,1.00,1.00
2015.05.26 16:27:03.568,1.2949,1.29508,1.00,1.20
2015.05.26 16:27:03.771,1.29486,1.29508,1.00,1.00
2015.05.26 16:27:04.310,1.29486,1.29507,1.00,1.00
2015.05.26 16:27:04.822,1.29486,1.29508,1.00,1.50
2015.05.26 16:27:07.391,1.29486,1.29506,1.00,1.00
2015.05.26 16:27:07.545,1.2948,1.29506,1.50,1.00
2015.05.26 16:27:10.613,1.2948,1.29506,1.00,4.12
2015.05.26 16:27:11.120,1.2948,1.29506,1.00,3.00
2015.05.26 16:27:15.613,1.2948,1.29506,1.87,1.00
2015.05.26 16:27:16.195,1.29482,1.29507,1.00,1.00
2015.05.26 16:27:20.267,1.29481,1.29507,1.12,1.00
2015.05.26 16:27:22.615,1.29481,1.29508,1.00,2.62
2015.05.26 16:27:22.666,1.2948,1.29506,1.50,1.00
2015.05.26 16:27:24.218,1.29481,1.29506,1.12,1.00
2015.05.26 16:27:24.726,1.29482,1.29506,1.00,1.00
2015.05.26 16:27:25.310,1.29482,1.29507,1.50,1.00
2015.05.26 16:27:28.676,1.29481,1.29506,1.00,1.00
2015.05.26 16:27:28.879,1.29477,1.29503,1.00,1.00
2015.05.26 16:27:29.270,1.29477,1.29499,1.00,1.00
2015.05.26 16:27:31.459,1.29477,1.295,1.37,2.39
2015.05.26 16:27:32.020,1.29477,1.29501,1.37,3.14
2015.05.26 16:27:32.325,1.29484,1.29503,1.00,1.00
