2015.05.28 08:00:02.636,1.30775,1.30793,1.50,2.10
2015.05.28 08:00:02.941,1.30775,1.30789,1.00,2.10
2015.05.28 08:00:02.992,1.30773,1.3079,1.00,1.00
2015.05.28 08:00:03.043,1.30769,1.3079,1.00,1.00
2015.05.28 08:00:03.146,1.30771,1.30792,1.00,2.10
2015.05.28 08:00:03.661,1.30768,1.3079,1.00,1.50
2015.05.28 08:00:03.714,1.30766,1.30785,1.50,2.10
2015.05.28 08:00:03.765,1.30766,1.3079,1.50,3.60
2015.05.28 08:00:03.868,1.30765,1.30783,1.37,2.10
2015.05.28 08:00:04.328,1.30764,1.30783,1.50,2.10
2015.05.28 08:00:04.987,1.30767,1.30783,1.00,2.10
2015.05.28 08:00:05.957,1.30764,1.30783,2.25,2.10
2015.05.28 08:00:07.037,1.30762,1.30783,2.25,2.10
2015.05.28 08:00:07.610,1.30763,1.30783,1.00,2.10
2015.05.28 08:00:09.064,1.30762,1.30783,2.62,2.10
2015.05.28 08:00:09.167,1.30764,1.30783,1.00,2.10
2015.05.28 08:00:09.487,1.30762,1.30783,2.62,2.10
2015.05.28 08:00:10.424,1.30762,1.3078,2.62,1.00
2015.05.28 08:00:10.987,1.30763,1.3078,1.00,1.00
2015.05.28 08:00:11.948,1.30767,1.30782,1.50,1.35
2015.05.28 08:00:11.999,1.30769,1.30786,1.00,1.00
2015.05.28 08:00:12.050,1.30774,1.30787,1.00,1.35
2015.05.28 08:00:12.357,1.30783,1.30791,1.00,1.00
2015.05.28 08:00:12.510,1.30791,1.30801,1.00,2.10
2015.05.28 08:00:12.562,1.30791,1.30806,1.00,1.00
2015.05.28 08:00:12.714,1.30788,1.30806,1.00,1.00
2015.05.28 08:00:13.362,1.30793,1.30806,1.00,1.00
2015.05.28 08:00:13.877,1.30794,1.30806,1.00,1.00
2015.05.28 08:00:13.929,1.30794,1.3081,1.00,2.10
2015.05.28 08:00:14.678,1.30787,1.30806,1.50,1.60
2015.05.28 08:00:15.599,1.30785,1.30806,1.00,1.60
2015.05.28 08:00:15.651,1.30791,1.30806,1.00,1.60
2015.05.28 08:00:16.181,1.30804,1.30808,1.00,1.00
2015.05.28 08:00:16.232,1.30808,1.30824,1.00,2.85
2015.05.28 08:00:16.283,1.30808,1.30824,1.00,1.00
2015.05.28 08:00:16.334,1.30812,1.30824,1.00,1.00
2015.05.28 08:00:16.436,1.30806,1.30824,1.00,1.00
2015.05.28 08:00:16.540,1.30808,1.30823,1.00,2.10
2015.05.28 08:00:16.642,1.30806,1.30828,1.00,1.50
2015.05.28 08:00:16.744,1.30806,1.30824,1.00,2.10
2015.05.28 08:00:16.897,1.30803,1.30824,1.00,2.10
2015.05.28 08:00:17.958,1.308,1.30819,1.00,1.35
2015.05.28 08:00:18.061,1.30798,1.30819,1.50,1.00
2015.05.28 08:00:18.112,1.30798,1.30822,1.50,1.50
2015.05.28 08:00:18.265,1.308,1.30823,1.00,1.50
2015.05.28 08:00:19.095,1.30799,1.30818,1.00,1.00
2015.05.28 08:00:19.401,1.30798,1.30813,1.00,1.00
2015.05.28 08:00:19.503,1.30798,1.30815,1.00,1.00
2015.05.28 08:00:19.607,1.30798,1.30818,1.00,1.00
2015.05.28 08:00:20.161,1.30798,1.30815,1.00,1.00
2015.05.28 08:00:20.213,1.30796,1.30815,1.00,1.00
2015.05.28 08:00:20.264,1.30792,1.30815,1.00,2.85
2015.05.28 08:00:21.546,1.30792,1.30812,1.00,1.00
2015.05.28 08:00:21.699,1.30792,1.30814,1.00,2.25
2015.05.28 08:00:22.211,1.30792,1.30813,1.00,1.00
2015.05.28 08:00:22.712,1.30792,1.30814,1.00,1.50
2015.05.28 08:00:23.230,1.30792,1.30813,1.00,1.00
2015.05.28 08:00:23.763,1.30792,1.30815,1.50,3.60
2015.05.28 08:00:24.422,1.30796,1.30815,1.00,2.10
2015.05.28 08:00:25.424,1.30795,1.30815,1.00,2.10
2015.05.28 08:00:26.030,1.30797,1.30815,1.00,2.10
2015.05.28 08:00:26.442,1.30795,1.30815,2.25,2.10
2015.05.28 08:00:26.646,1.30795,1.30819,2.10,1.00
2015.05.28 08:00:26.698,1.30797,1.30819,1.00,1.00
2015.05.28 08:00:27.390,1.30797,1.30816,1.87,2.10
2015.05.28 08:00:27.441,1.30795,1.30816,1.00,2.10
2015.05.28 08:00:27.543,1.30791,1.30816,1.00,3.60
2015.05.28 08:00:28.737,1.30791,1.30814,1.00,1.00
2015.05.28 08:00:29.059,1.30794,1.30816,1.00,3.60
2015.05.28 08:00:29.586,1.30793,1.30813,1.00,1.00
2015.05.28 08:00:30.754,1.30793,1.3081,1.00,1.00
2015.05.28 08:00:30.806,1.30796,1.30816,1.00,1.50
2015.05.28 08:00:30.858,1.30796,1.30813,1.00,1.00
2015.05.28 08:00:31.164,1.30794,1.30807,1.00,1.00
2015.05.28 08:00:31.419,1.30795,1.30809,1.00,1.00
2015.05.28 08:00:32.040,1.30797,1.30814,1.00,1.00
2015.05.28 08:00:32.812,1.30797,1.30809,1.00,1.00
2015.05.28 08:00:32.916,1.30795,1.30809,1.00,1.00
2015.05.28 08:00:33.069,1.30795,1.30807,1.00,1.00
2015.05.28 08:00:33.577,1.30794,1.30812,1.00,1.00
2015.05.28 08:00:34.054,1.30793,1.3081,1.50,1.00
2015.05.28 08:00:34.933,1.30789,1.308,1.00,1.00
2015.05.28 08:00:35.035,1.30785,1.30801,1.65,1.00
2015.05.28 08:00:35.341,1.30785,1.30804,1.50,1.00
2015.05.28 08:00:36.309,1.30786,1.30809,1.12,1.50
2015.05.28 08:00:36.360,1.30791,1.30809,1.00,1.00
2015.05.28 08:00:36.665,1.30788,1.30806,1.00,1.00
2015.05.28 08:00:36.768,1.30789,1.30809,1.00,1.50
2015.05.28 08:00:37.712,1.30786,1.30809,1.00,1.00
2015.05.28 08:00:38.119,1.30787,1.30806,1.00,1.00
2015.05.28 08:00:39.005,1.30787,1.30811,1.00,1.00
2015.05.28 08:00:39.108,1.30799,1.30813,2.10,1.50
2015.05.28 08:00:39.210,1.30797,1.30815,1.37,1.00
2015.05.28 08:00:39.262,1.30797,1.30819,1.00,1.50
2015.05.28 08:00:39.314,1.30795,1.30817,1.00,1.50
2015.05.28 08:00:39.619,1.30795,1.30814,1.00,1.00
2015.05.28 08:00:39.836,1.30792,1.30812,1.00,1.00
2015.05.28 08:00:40.298,1.30791,1.30814,1.00,1.00
2015.05.28 08:00:40.757,1.3079,1.30812,1.00,1.00
2015.05.28 08:00:40.960,1.3079,1.30814,1.50,3.75
2015.05.28 08:00:41.518,1.30791,1.30814,1.00,1.50
2015.05.28 08:00:41.620,1.30794,1.30814,1.00,1.00
2015.05.28 08:00:41.671,1.30794,1.30818,1.00,1.00
2015.05.28 08:00:41.722,1.30796,1.30818,1.00,1.00
2015.05.28 08:00:42.088,1.30797,1.30822,1.00,1.87
2015.05.28 08:00:43.366,1.30804,1.30822,1.00,1.00
2015.05.28 08:00:43.418,1.30804,1.30824,1.00,1.00
2015.05.28 08:00:43.469,1.30802,1.30824,1.00,1.00
2015.05.28 08:00:43.724,1.30805,1.30825,1.50,1.00
2015.05.28 08:00:44.030,1.30808,1.30825,1.00,1.00
2015.05.28 08:00:44.481,1.30806,1.30825,1.12,1.00
2015.05.28 08:00:44.638,1.30805,1.30828,1.37,1.00
2015.05.28 08:00:44.740,1.30805,1.3083,1.87,1.50
2015.05.28 08:00:45.263,1.30805,1.30826,1.00,1.00
2015.05.28 08:00:45.806,1.30805,1.30825,1.00,1.00
2015.05.28 08:00:46.316,1.30805,1.30826,1.00,1.00
2015.05.28 08:00:46.470,1.30805,1.30828,1.00,1.50
2015.05.28 08:00:48.581,1.30805,1.30829,1.00,1.50
2015.05.28 08:00:48.790,1.30805,1.30826,1.00,1.00
2015.05.28 08:00:49.095,1.30805,1.30824,1.00,1.00
2015.05.28 08:00:50.490,1.30801,1.30824,1.37,1.50
2015.05.28 08:00:51.453,1.30801,1.30824,1.00,1.00
2015.05.28 08:00:51.992,1.308,1.30823,1.00,1.72
2015.05.28 08:00:52.298,1.30795,1.30815,1.00,2.85
2015.05.28 08:00:52.806,1.3079,1.30809,1.00,1.35
2015.05.28 08:00:52.858,1.30786,1.30805,1.00,2.10
2015.05.28 08:00:53.164,1.30784,1.308,1.00,1.00
2015.05.28 08:00:53.266,1.30784,1.30805,1.00,1.00
2015.05.28 08:00:54.154,1.30784,1.30804,1.00,1.00
2015.05.28 08:00:54.516,1.30783,1.30801,1.00,1.00
2015.05.28 08:00:55.061,1.30783,1.30802,1.00,1.00
2015.05.28 08:00:55.163,1.30781,1.30802,1.00,1.00
2015.05.28 08:00:56.238,1.30779,1.30804,1.00,1.00
2015.05.28 08:00:56.696,1.30781,1.30805,1.00,1.50
2015.05.28 08:00:58.333,1.30782,1.30805,1.00,1.00
2015.05.28 08:00:58.791,1.30782,1.308,1.00,1.00
2015.05.28 08:00:59.876,1.3078,1.308,1.00,1.00
2015.05.28 08:01:00.116,1.30782,1.30803,1.00,1.00
2015.05.28 08:01:00.739,1.30782,1.30802,1.00,1.00
2015.05.28 08:01:01.285,1.30781,1.30801,1.00,1.00
2015.05.28 08:01:01.438,1.30779,1.30798,1.00,1.00
2015.05.28 08:01:02.143,1.30779,1.30792,1.00,1.00
2015.05.28 08:01:02.659,1.30779,1.30791,1.00,1.00
2015.05.28 08:01:02.912,1.30779,1.30798,1.00,1.00
2015.05.28 08:01:03.066,1.30776,1.30798,1.00,1.00
2015.05.28 08:01:03.117,1.30776,1.308,1.00,1.00
2015.05.28 08:01:03.586,1.30776,1.308,1.37,1.00
2015.05.28 08:01:04.093,1.30779,1.308,1.00,1.00
2015.05.28 08:01:04.415,1.30782,1.30801,1.00,1.00
2015.05.28 08:01:04.932,1.30777,1.30802,1.37,1.87
2015.05.28 08:01:05.527,1.30779,1.30802,1.00,1.87
2015.05.28 08:01:06.713,1.30777,1.30802,1.00,1.50
2015.05.28 08:01:06.764,1.30777,1.30793,1.00,1.00
2015.05.28 08:01:06.866,1.30777,1.30797,1.00,1.00
2015.05.28 08:01:06.918,1.3078,1.30797,1.00,1.00
2015.05.28 08:01:06.969,1.3078,1.30802,1.00,1.12
2015.05.28 08:01:07.071,1.30783,1.30803,1.00,2.25
2015.05.28 08:01:08.192,1.30784,1.30801,1.00,1.00
2015.05.28 08:01:08.395,1.30784,1.30808,1.00,1.00
2015.05.28 08:01:08.702,1.30788,1.30808,1.00,1.00
2015.05.28 08:01:08.753,1.30788,1.3081,1.00,1.50
2015.05.28 08:01:09.217,1.3079,1.30813,1.00,1.50
2015.05.28 08:01:09.472,1.30787,1.30811,1.12,2.25
2015.05.28 08:01:09.727,1.30787,1.3081,1.37,1.00
2015.05.28 08:01:10.497,1.30788,1.30805,1.00,1.00
2015.05.28 08:01:10.549,1.30786,1.30805,1.00,1.00
2015.05.28 08:01:10.651,1.30786,1.30805,1.37,1.00
2015.05.28 08:01:11.165,1.30786,1.30804,1.37,1.00
2015.05.28 08:01:11.739,1.30787,1.30804,1.00,1.00
2015.05.28 08:01:12.046,1.30787,1.30803,1.37,1.00
2015.05.28 08:01:12.453,1.30787,1.30806,1.37,1.00
2015.05.28 08:01:13.006,1.30787,1.3081,1.37,1.50
2015.05.28 08:01:13.516,1.30787,1.30809,1.37,1.00
2015.05.28 08:01:14.027,1.30787,1.30808,1.37,1.00
2015.05.28 08:01:15.644,1.30788,1.30806,1.12,1.00
2015.05.28 08:01:16.777,1.30788,1.30808,1.12,1.00
2015.05.28 08:01:16.953,1.30788,1.30806,1.12,1.00
2015.05.28 08:01:19.148,1.30786,1.30807,1.37,1.00
2015.05.28 08:01:19.199,1.30786,1.30807,1.00,1.00
2015.05.28 08:01:19.657,1.30786,1.30807,1.37,1.00
2015.05.28 08:01:20.873,1.30781,1.308,1.37,1.00
2015.05.28 08:01:20.925,1.30776,1.308,1.37,1.50
2015.05.28 08:01:21.439,1.30776,1.30799,1.37,1.00
2015.05.28 08:01:22.939,1.30776,1.30794,1.37,1.00
2015.05.28 08:01:23.743,1.30776,1.30801,1.87,1.00
2015.05.28 08:01:23.845,1.30779,1.30801,1.37,1.00
2015.05.28 08:01:24.181,1.30779,1.30803,1.37,1.00
2015.05.28 08:01:24.437,1.30776,1.30797,1.87,2.10
2015.05.28 08:01:24.488,1.30776,1.30797,1.37,2.10
2015.05.28 08:01:24.540,1.30774,1.30792,1.37,2.10
2015.05.28 08:01:24.591,1.30774,1.30792,1.12,2.85
2015.05.28 08:01:25.093,1.30771,1.3079,1.37,1.00
2015.05.28 08:01:25.336,1.30771,1.30788,1.37,1.00
2015.05.28 08:01:25.912,1.30771,1.30786,1.37,1.00
2015.05.28 08:01:26.887,1.30772,1.30784,1.37,1.00
2015.05.28 08:01:27.628,1.30773,1.30785,1.37,1.00
2015.05.28 08:01:28.376,1.30773,1.30787,1.37,1.00
2015.05.28 08:01:29.407,1.30773,1.30785,1.37,1.00
2015.05.28 08:01:29.509,1.30772,1.30788,1.37,1.00
2015.05.28 08:01:29.957,1.30772,1.30796,1.37,2.85
2015.05.28 08:01:30.009,1.30777,1.30798,1.37,1.50
2015.05.28 08:01:30.558,1.30778,1.30799,1.37,1.35
2015.05.28 08:01:31.359,1.30779,1.30801,1.37,1.50
2015.05.28 08:01:33.343,1.30788,1.30804,1.37,1.00
2015.05.28 08:01:33.397,1.30788,1.30811,1.37,1.50
2015.05.28 08:01:33.827,1.30791,1.30811,1.37,1.00
2015.05.28 08:01:34.133,1.30789,1.30809,1.37,1.00
2015.05.28 08:01:34.184,1.30789,1.30809,1.37,1.00
2015.05.28 08:01:34.337,1.30789,1.30807,1.37,1.00
2015.05.28 08:01:34.776,1.30786,1.30804,1.37,1.00
2015.05.28 08:01:35.378,1.30786,1.30804,1.37,1.00
2015.05.28 08:01:36.753,1.30786,1.30806,1.37,1.00
2015.05.28 08:01:37.036,1.30786,1.30807,1.37,1.00
2015.05.28 08:01:37.088,1.30786,1.30809,1.37,1.00
2015.05.28 08:01:37.139,1.30786,1.30809,1.37,1.00
2015.05.28 08:01:38.247,1.30786,1.30809,1.37,1.00
2015.05.28 08:01:38.400,1.30786,1.30809,1.87,2.85
2015.05.28 08:01:38.452,1.30786,1.30807,1.87,1.35
2015.05.28 08:01:40.042,1.3079,1.30807,1.00,1.35
2015.05.28 08:01:40.094,1.3079,1.30804,1.37,1.00
2015.05.28 08:01:40.197,1.30788,1.30808,1.87,1.00
2015.05.28 08:01:40.683,1.30789,1.30799,1.37,1.00
2015.05.28 08:01:41.197,1.30785,1.30794,2.47,1.00
2015.05.28 08:01:41.372,1.30785,1.30796,1.97,1.00
2015.05.28 08:01:42.016,1.30785,1.30793,1.97,1.00
2015.05.28 08:01:42.811,1.30784,1.30796,2.47,1.00
2015.05.28 08:01:42.963,1.30784,1.30798,2.47,1.00
2015.05.28 08:01:43.824,1.30784,1.30796,3.22,1.00
2015.05.28 08:01:45.835,1.30784,1.30803,3.22,1.00
2015.05.28 08:01:47.403,1.30784,1.30804,3.97,1.00
2015.05.28 08:01:47.455,1.30786,1.30807,1.67,1.00
2015.05.28 08:01:47.506,1.3079,1.30807,2.47,1.00
2015.05.28 08:01:47.558,1.3079,1.30811,2.47,1.50
2015.05.28 08:01:47.609,1.30789,1.30811,1.37,1.00
2015.05.28 08:01:47.915,1.30794,1.30808,1.00,1.00
2015.05.28 08:01:48.017,1.30794,1.30815,1.00,1.00
2015.05.28 08:01:48.653,1.30792,1.30815,1.87,1.00
2015.05.28 08:01:48.858,1.30798,1.30818,1.37,1.00
2015.05.28 08:01:49.012,1.30798,1.30822,1.12,1.35
2015.05.28 08:01:49.116,1.30804,1.30824,1.00,4.35
2015.05.28 08:01:49.272,1.30798,1.30818,1.00,1.00
2015.05.28 08:01:49.374,1.308,1.30818,1.00,1.00
2015.05.28 08:01:49.812,1.30804,1.30818,1.00,1.00
2015.05.28 08:01:49.864,1.30806,1.30828,1.00,1.00
2015.05.28 08:01:49.968,1.30803,1.30823,1.50,1.00
2015.05.28 08:01:50.492,1.30803,1.30824,1.50,1.00
2015.05.28 08:01:51.125,1.30803,1.30821,1.00,1.12
2015.05.28 08:01:51.430,1.30794,1.30816,1.37,1.00
2015.05.28 08:01:51.737,1.30797,1.3082,1.37,3.00
2015.05.28 08:01:52.726,1.30796,1.30819,1.37,1.50
2015.05.28 08:01:52.929,1.30801,1.30821,1.37,1.50
2015.05.28 08:01:53.082,1.30802,1.30823,1.37,1.35
2015.05.28 08:01:53.133,1.30802,1.30826,1.87,1.50
2015.05.28 08:01:53.452,1.30805,1.30828,1.00,2.10
2015.05.28 08:01:53.906,1.30807,1.30828,1.00,1.35
2015.05.28 08:01:55.606,1.30806,1.3083,1.50,2.85
2015.05.28 08:01:55.912,1.30805,1.30825,1.50,2.85
2015.05.28 08:01:56.676,1.30803,1.30825,1.12,3.22
2015.05.28 08:01:56.777,1.30801,1.30819,1.12,1.00
2015.05.28 08:01:56.930,1.30797,1.3082,1.37,1.72
2015.05.28 08:01:57.032,1.30798,1.30821,1.87,1.00
2015.05.28 08:01:57.388,1.30798,1.30821,1.37,1.00
2015.05.28 08:01:57.440,1.30796,1.30819,1.37,1.00
2015.05.28 08:01:57.491,1.30796,1.30819,1.37,1.00
2015.05.28 08:01:58.514,1.30796,1.30816,1.37,1.00
2015.05.28 08:01:58.820,1.30791,1.30809,1.12,1.00
2015.05.28 08:01:59.128,1.30788,1.30807,1.00,1.00
2015.05.28 08:01:59.180,1.30786,1.30807,1.12,2.85
2015.05.28 08:01:59.652,1.30785,1.308,1.00,1.00
2015.05.28 08:01:59.754,1.30785,1.30802,1.00,1.00
2015.05.28 08:02:00.013,1.30785,1.30806,1.00,1.00
2015.05.28 08:02:00.117,1.30785,1.30803,1.00,1.00
2015.05.28 08:02:00.424,1.30785,1.30799,1.00,1.00
2015.05.28 08:02:00.908,1.30786,1.30797,1.00,1.00
2015.05.28 08:02:01.111,1.30786,1.30809,1.00,1.50
2015.05.28 08:02:01.213,1.30786,1.30803,1.00,1.00
2015.05.28 08:02:01.417,1.30786,1.30805,1.50,1.00
2015.05.28 08:02:02.177,1.30786,1.30805,3.00,1.00
2015.05.28 08:02:02.228,1.30788,1.30811,1.12,1.00
2015.05.28 08:02:02.331,1.30791,1.30811,1.00,1.00
2015.05.28 08:02:02.485,1.30791,1.30815,1.50,1.00
2015.05.28 08:02:02.792,1.30794,1.30815,1.00,1.00
2015.05.28 08:02:03.426,1.30793,1.30815,1.00,1.00
2015.05.28 08:02:04.795,1.30794,1.30815,1.00,1.00
2015.05.28 08:02:05.100,1.30796,1.30815,1.00,1.00
2015.05.28 08:02:05.202,1.30794,1.30815,1.00,1.00
2015.05.28 08:02:06.717,1.30795,1.30815,1.00,1.00
2015.05.28 08:02:07.250,1.30794,1.30815,1.00,1.00
2015.05.28 08:02:08.083,1.30794,1.30817,1.00,2.10
2015.05.28 08:02:08.286,1.30798,1.30819,1.00,1.00
2015.05.28 08:02:08.720,1.30797,1.30821,1.37,2.10
2015.05.28 08:02:09.829,1.30798,1.30821,1.37,2.10
2015.05.28 08:02:11.203,1.30795,1.3082,1.87,1.00
2015.05.28 08:02:11.740,1.30797,1.30821,1.37,2.85
2015.05.28 08:02:12.678,1.30799,1.30821,1.12,1.35
2015.05.28 08:02:12.882,1.308,1.30822,1.37,2.85
2015.05.28 08:02:12.984,1.30801,1.30825,1.12,2.10
2015.05.28 08:02:13.086,1.30803,1.30825,1.00,1.35
2015.05.28 08:02:13.773,1.30805,1.30829,1.00,1.00
2015.05.28 08:02:13.824,1.30805,1.30831,1.50,2.62
2015.05.28 08:02:14.028,1.30805,1.30829,1.50,1.00
2015.05.28 08:02:14.536,1.30806,1.30829,1.00,1.00
2015.05.28 08:02:15.085,1.30809,1.30831,1.50,1.00
2015.05.28 08:02:15.391,1.30816,1.30832,1.00,1.00
2015.05.28 08:02:15.697,1.30828,1.30832,1.00,1.00
2015.05.28 08:02:15.749,1.30828,1.3084,1.00,1.00
2015.05.28 08:02:15.801,1.30828,1.30843,1.00,1.00
2015.05.28 08:02:16.279,1.30821,1.30843,1.00,1.00
2015.05.28 08:02:16.331,1.30819,1.30842,1.00,2.85
2015.05.28 08:02:18.092,1.30818,1.3084,1.12,1.00
2015.05.28 08:02:18.398,1.30818,1.30837,1.00,2.10
2015.05.28 08:02:18.754,1.30818,1.30838,1.00,2.25
2015.05.28 08:02:19.591,1.30815,1.30836,1.50,1.00
2015.05.28 08:02:19.642,1.30813,1.30835,1.00,1.00
2015.05.28 08:02:19.694,1.30813,1.30832,1.00,1.00
2015.05.28 08:02:20.387,1.30808,1.30828,1.50,1.00
2015.05.28 08:02:20.590,1.30808,1.30832,1.50,1.00
2015.05.28 08:02:20.862,1.30808,1.3083,1.00,1.00
2015.05.28 08:02:21.709,1.30808,1.30832,1.50,1.00
2015.05.28 08:02:24.049,1.30807,1.30832,1.00,1.87
2015.05.28 08:02:24.397,1.30807,1.30825,1.00,1.00
2015.05.28 08:02:25.274,1.30805,1.30825,1.00,1.00
2015.05.28 08:02:25.810,1.30805,1.30826,1.00,1.00
2015.05.28 08:02:26.005,1.30805,1.30824,1.00,1.00
2015.05.28 08:02:26.748,1.30805,1.30822,1.00,1.00
2015.05.28 08:02:27.010,1.30803,1.30822,1.12,1.00
2015.05.28 08:02:27.315,1.30804,1.30825,1.00,1.00
2015.05.28 08:02:27.417,1.30806,1.30828,1.00,1.00
2015.05.28 08:02:27.571,1.30807,1.3083,1.50,1.00
2015.05.28 08:02:27.981,1.30809,1.30831,1.00,1.00
2015.05.28 08:02:28.032,1.30809,1.30834,1.00,1.50
2015.05.28 08:02:32.732,1.30808,1.30833,1.00,1.00
2015.05.28 08:02:33.088,1.30807,1.30829,1.50,1.00
2015.05.28 08:02:33.394,1.30807,1.30824,1.00,1.00
2015.05.28 08:02:33.857,1.30806,1.30812,1.00,1.00
2015.05.28 08:02:33.959,1.30798,1.30812,1.00,1.00
2015.05.28 08:02:34.010,1.30798,1.30814,1.00,1.00
2015.05.28 08:02:34.535,1.30798,1.30815,1.12,1.00
2015.05.28 08:02:35.725,1.30796,1.30815,1.12,1.00
2015.05.28 08:02:35.776,1.30796,1.30813,1.12,1.00
2015.05.28 08:02:36.283,1.30796,1.30812,1.12,1.00
2015.05.28 08:02:36.993,1.30793,1.30808,1.87,1.00
2015.05.28 08:02:37.529,1.30793,1.30809,1.87,1.00
2015.05.28 08:02:38.461,1.30797,1.30818,1.12,1.00
2015.05.28 08:02:40.157,1.30796,1.30818,1.12,1.00
2015.05.28 08:02:40.520,1.30796,1.30818,1.37,1.00
2015.05.28 08:02:41.119,1.30797,1.30821,1.87,1.50
2015.05.28 08:02:41.683,1.30801,1.30821,1.12,1.00
2015.05.28 08:02:42.298,1.30803,1.30821,1.37,1.00
2015.05.28 08:02:42.635,1.30802,1.30826,1.37,1.50
2015.05.28 08:02:42.686,1.30802,1.30826,1.87,1.00
2015.05.28 08:02:42.839,1.30802,1.30821,1.37,1.00
2015.05.28 08:02:43.144,1.308,1.30816,1.37,1.00
2015.05.28 08:02:43.637,1.30797,1.30812,1.87,1.00
2015.05.28 08:02:44.147,1.308,1.30813,1.37,1.00
2015.05.28 08:02:44.453,1.30801,1.30816,1.37,1.00
2015.05.28 08:02:44.903,1.30797,1.30804,1.00,1.00
2015.05.28 08:02:44.954,1.30791,1.30804,1.12,1.00
2015.05.28 08:02:45.005,1.30791,1.3081,1.12,1.00
2015.05.28 08:02:46.331,1.30791,1.30805,1.12,1.00
2015.05.28 08:02:46.788,1.30791,1.30803,1.12,1.00
2015.05.28 08:02:48.036,1.30781,1.30794,1.37,1.00
2015.05.28 08:02:48.087,1.30781,1.30801,1.37,1.50
2015.05.28 08:02:51.057,1.3078,1.30795,1.37,1.00
2015.05.28 08:02:51.362,1.30777,1.30793,1.50,1.00
2015.05.28 08:02:51.414,1.30777,1.308,1.00,1.50
2015.05.28 08:02:52.194,1.30777,1.30799,1.00,1.00
2015.05.28 08:02:52.298,1.30773,1.30792,1.50,1.00
2015.05.28 08:02:52.706,1.30772,1.3079,1.50,1.00
2015.05.28 08:02:52.859,1.3077,1.3079,1.12,1.00
2015.05.28 08:02:53.315,1.3077,1.30787,1.00,1.00
2015.05.28 08:02:53.622,1.3077,1.30785,1.37,1.00
2015.05.28 08:02:53.724,1.3077,1.30788,1.37,1.00
2015.05.28 08:02:53.826,1.3077,1.30788,1.37,1.00
2015.05.28 08:02:54.029,1.3077,1.30791,1.37,1.00
2015.05.28 08:02:54.543,1.30773,1.30791,1.00,1.00
2015.05.28 08:02:54.597,1.30773,1.30794,1.00,1.00
2015.05.28 08:02:56.040,1.30773,1.30798,1.87,1.00
2015.05.28 08:02:56.581,1.30773,1.30798,2.62,1.00
2015.05.28 08:02:57.877,1.30773,1.30798,1.50,1.00
2015.05.28 08:02:57.980,1.30772,1.30796,1.00,1.00
2015.05.28 08:02:58.554,1.30771,1.30792,1.12,1.00
2015.05.28 08:02:59.012,1.30771,1.30794,1.12,1.87
2015.05.28 08:03:00.359,1.30779,1.30802,1.50,1.00
2015.05.28 08:03:00.894,1.30774,1.30799,1.00,1.00
2015.05.28 08:03:00.996,1.30772,1.30797,1.50,1.00
2015.05.28 08:03:01.534,1.30768,1.30787,1.00,1.00
2015.05.28 08:03:02.083,1.30768,1.30786,1.00,1.00
2015.05.28 08:03:02.676,1.30767,1.30791,1.00,1.00
2015.05.28 08:03:03.518,1.30769,1.30791,1.00,1.00
2015.05.28 08:03:05.960,1.30771,1.30791,1.00,1.00
2015.05.28 08:03:06.317,1.30771,1.30793,1.00,1.00
2015.05.28 08:03:07.371,1.30771,1.30795,1.50,1.00
2015.05.28 08:03:10.050,1.30773,1.30795,1.00,1.50
2015.05.28 08:03:10.566,1.3077,1.30795,1.50,1.50
2015.05.28 08:03:10.719,1.3077,1.30792,1.50,1.00
2015.05.28 08:03:11.282,1.3077,1.30787,1.00,1.00
2015.05.28 08:03:11.334,1.30761,1.30784,1.37,1.00
2015.05.28 08:03:11.538,1.3076,1.3078,1.75,1.00
2015.05.28 08:03:11.843,1.30759,1.30777,1.75,1.00
2015.05.28 08:03:11.895,1.30759,1.30781,1.75,1.00
2015.05.28 08:03:12.979,1.30763,1.30785,1.12,1.00
2015.05.28 08:03:13.482,1.30764,1.30785,1.00,1.00
2015.05.28 08:03:15.793,1.30765,1.30785,1.00,1.00
2015.05.28 08:03:15.844,1.30765,1.30787,1.00,1.00
2015.05.28 08:03:16.396,1.30764,1.30787,1.50,1.00
2015.05.28 08:03:16.549,1.30764,1.30789,1.50,1.00
2015.05.28 08:03:17.219,1.30765,1.30788,1.00,1.00
2015.05.28 08:03:17.747,1.30764,1.30785,1.00,1.00
2015.05.28 08:03:18.086,1.30763,1.30787,1.00,1.00
2015.05.28 08:03:18.138,1.30766,1.30787,1.00,1.00
2015.05.28 08:03:18.544,1.30763,1.30787,1.00,1.50
2015.05.28 08:03:18.596,1.30765,1.30785,1.00,1.00
2015.05.28 08:03:18.852,1.30765,1.30787,1.00,1.50
2015.05.28 08:03:19.382,1.30765,1.30785,1.00,1.00
2015.05.28 08:03:20.151,1.30765,1.30782,1.00,1.00
2015.05.28 08:03:20.205,1.30762,1.30782,1.00,1.00
2015.05.28 08:03:20.256,1.30762,1.30779,1.00,1.00
2015.05.28 08:03:20.358,1.30762,1.30781,1.00,1.00
2015.05.28 08:03:20.868,1.30762,1.3078,1.00,1.00
2015.05.28 08:03:20.920,1.30762,1.30778,1.00,1.00
2015.05.28 08:03:21.426,1.30756,1.30775,1.00,1.00
2015.05.28 08:03:21.782,1.30756,1.30773,1.00,1.00
2015.05.28 08:03:22.091,1.30756,1.3077,1.00,1.00
2015.05.28 08:03:22.142,1.30753,1.30775,1.50,1.00
2015.05.28 08:03:22.244,1.30753,1.30773,1.50,1.00
2015.05.28 08:03:24.800,1.30756,1.30777,1.00,1.00
2015.05.28 08:03:24.903,1.30756,1.30777,1.00,2.10
2015.05.28 08:03:24.955,1.30753,1.30774,1.00,1.00
2015.05.28 08:03:25.059,1.30749,1.30771,1.35,1.00
2015.05.28 08:03:25.832,1.30747,1.30771,1.97,1.00
2015.05.28 08:03:26.633,1.30747,1.30764,1.97,1.00
2015.05.28 08:03:26.684,1.30747,1.30764,1.60,1.00
2015.05.28 08:03:27.343,1.30747,1.30763,1.60,1.00
2015.05.28 08:03:28.315,1.30746,1.30761,2.47,1.00
2015.05.28 08:03:28.798,1.30748,1.30757,1.30,1.00
2015.05.28 08:03:30.172,1.30748,1.3076,1.30,1.00
2015.05.28 08:03:30.688,1.30748,1.30761,1.30,1.00
2015.05.28 08:03:31.288,1.30746,1.30761,2.47,1.00
2015.05.28 08:03:31.991,1.30746,1.30761,2.47,1.00
2015.05.28 08:03:32.042,1.30746,1.30759,2.47,1.00
2015.05.28 08:03:32.397,1.30746,1.30759,2.47,1.00
2015.05.28 08:03:32.901,1.30746,1.30761,2.47,1.00
2015.05.28 08:03:33.779,1.30746,1.30764,2.47,1.00
2015.05.28 08:03:34.112,1.30746,1.30767,2.47,1.00
2015.05.28 08:03:35.117,1.30747,1.30768,1.97,1.00
2015.05.28 08:03:35.629,1.30747,1.30767,1.97,1.00
2015.05.28 08:03:38.717,1.30746,1.30769,2.47,1.00
2015.05.28 08:03:39.024,1.3075,1.30772,2.47,1.50
2015.05.28 08:03:40.272,1.3075,1.3077,2.47,1.00
2015.05.28 08:03:40.523,1.3075,1.30772,2.47,1.50
2015.05.28 08:03:41.038,1.3075,1.30769,2.47,1.50
2015.05.28 08:03:41.192,1.3075,1.30769,2.47,1.00
2015.05.28 08:03:41.695,1.3075,1.30768,2.47,1.00
2015.05.28 08:03:41.899,1.3075,1.3077,2.47,1.00
2015.05.28 08:03:42.154,1.3075,1.30768,2.47,1.00
2015.05.28 08:03:42.675,1.3075,1.30769,2.47,1.00
2015.05.28 08:03:45.117,1.3075,1.3077,2.47,1.50
2015.05.28 08:03:45.422,1.3075,1.30768,2.47,1.00
2015.05.28 08:03:45.728,1.30749,1.30771,1.37,1.00
2015.05.28 08:03:46.323,1.30749,1.30769,1.37,1.00
2015.05.28 08:03:46.928,1.30749,1.30769,1.37,1.00
2015.05.28 08:03:47.595,1.30746,1.30761,1.37,1.00
2015.05.28 08:03:47.748,1.30746,1.30766,1.37,1.00
2015.05.28 08:03:47.951,1.30746,1.30768,1.37,1.00
2015.05.28 08:03:49.298,1.30745,1.30768,1.37,1.50
2015.05.28 08:03:49.616,1.30745,1.30763,1.37,1.00
2015.05.28 08:03:49.667,1.30745,1.30763,1.37,1.00
2015.05.28 08:03:50.376,1.30747,1.30765,1.37,1.00
2015.05.28 08:03:51.925,1.30747,1.30763,1.37,1.00
2015.05.28 08:03:52.443,1.30747,1.30762,1.37,1.00
2015.05.28 08:03:53.194,1.30745,1.30761,1.37,1.00
2015.05.28 08:03:53.252,1.30742,1.30765,1.37,1.00
2015.05.28 08:03:53.305,1.30742,1.30765,1.37,1.00
2015.05.28 08:03:53.459,1.30742,1.30767,2.62,1.12
2015.05.28 08:03:53.511,1.30742,1.30763,1.87,1.00
2015.05.28 08:03:54.335,1.30745,1.30767,1.37,1.00
2015.05.28 08:03:54.437,1.30745,1.30769,1.87,1.00
2015.05.28 08:03:54.539,1.30749,1.30774,2.25,1.50
2015.05.28 08:03:54.641,1.30749,1.30774,1.87,1.50
2015.05.28 08:03:55.005,1.30751,1.3076,1.37,1.00
2015.05.28 08:03:55.491,1.3075,1.30759,1.00,1.00
2015.05.28 08:03:55.543,1.30735,1.30756,1.37,1.00
2015.05.28 08:03:55.696,1.30735,1.30754,1.75,1.00
2015.05.28 08:03:55.747,1.30735,1.30754,1.50,1.00
2015.05.28 08:03:55.901,1.3074,1.30762,1.00,1.00
2015.05.28 08:03:56.003,1.30744,1.30766,1.00,1.00
2015.05.28 08:03:56.309,1.30745,1.30768,2.25,1.00
2015.05.28 08:03:56.361,1.30749,1.30769,1.00,1.00
2015.05.28 08:03:56.995,1.30749,1.3077,1.00,1.00
2015.05.28 08:03:57.403,1.30749,1.30766,1.00,1.00
2015.05.28 08:03:58.015,1.30749,1.30763,1.00,1.00
2015.05.28 08:03:58.371,1.30743,1.30762,1.00,1.00
2015.05.28 08:03:58.885,1.30743,1.30761,1.00,1.00
2015.05.28 08:03:59.478,1.30743,1.30762,1.00,1.00
2015.05.28 08:03:59.580,1.3074,1.30761,1.00,1.00
2015.05.28 08:04:00.155,1.3074,1.3076,1.00,1.00
2015.05.28 08:04:01.365,1.3074,1.30759,1.00,1.00
2015.05.28 08:04:01.811,1.3074,1.30757,1.00,1.00
2015.05.28 08:04:02.707,1.30739,1.30756,1.12,1.00
2015.05.28 08:04:02.759,1.30739,1.30759,1.12,1.00
2015.05.28 08:04:04.373,1.30739,1.30758,1.12,1.00
2015.05.28 08:04:04.886,1.30739,1.30759,1.12,1.00
2015.05.28 08:04:07.283,1.30736,1.30759,1.37,1.00
2015.05.28 08:04:08.072,1.30736,1.30758,1.37,1.00
2015.05.28 08:04:09.569,1.30736,1.30758,1.37,1.00
2015.05.28 08:04:09.722,1.3074,1.3076,1.87,1.00
2015.05.28 08:04:09.825,1.30743,1.30767,1.37,1.50
2015.05.28 08:04:10.347,1.30743,1.30767,1.87,1.50
2015.05.28 08:04:10.874,1.30743,1.30766,3.00,1.00
2015.05.28 08:04:11.128,1.30748,1.30766,1.37,1.00
2015.05.28 08:04:11.675,1.30746,1.30766,1.37,1.00
2015.05.28 08:04:11.930,1.30746,1.30769,1.37,1.00
2015.05.28 08:04:12.032,1.30746,1.30769,1.75,1.00
2015.05.28 08:04:12.440,1.30746,1.30769,1.37,1.00
2015.05.28 08:04:13.492,1.30746,1.30769,1.37,1.00
2015.05.28 08:04:13.544,1.30746,1.30771,1.87,1.00
2015.05.28 08:04:14.117,1.30746,1.30771,1.87,1.00
2015.05.28 08:04:14.270,1.30746,1.30769,1.87,1.00
2015.05.28 08:04:14.714,1.30746,1.30769,1.87,1.00
2015.05.28 08:04:15.290,1.30746,1.30769,1.87,1.00
2015.05.28 08:04:16.055,1.30749,1.30773,2.25,1.50
2015.05.28 08:04:16.578,1.30752,1.30774,1.37,1.00
2015.05.28 08:04:16.733,1.30751,1.30775,1.37,1.00
2015.05.28 08:04:16.836,1.30752,1.30775,1.00,1.00
2015.05.28 08:04:17.323,1.3075,1.30771,1.37,1.00
2015.05.28 08:04:17.834,1.3075,1.30771,1.37,1.00
2015.05.28 08:04:18.515,1.30746,1.30767,3.22,1.00
2015.05.28 08:04:20.420,1.30746,1.3077,3.97,1.00
2015.05.28 08:04:20.472,1.30746,1.3077,3.22,1.00
2015.05.28 08:04:20.676,1.30746,1.30768,2.47,1.00
2015.05.28 08:04:20.828,1.30746,1.30767,2.47,1.00
2015.05.28 08:04:21.560,1.30746,1.30766,2.47,1.00
2015.05.28 08:04:22.243,1.30746,1.30765,2.47,1.00
2015.05.28 08:04:22.513,1.30746,1.30767,2.47,1.50
2015.05.28 08:04:23.043,1.30746,1.30767,2.47,1.00
2015.05.28 08:04:23.803,1.30746,1.30765,2.47,1.00
2015.05.28 08:04:24.387,1.3074,1.30762,1.37,1.50
2015.05.28 08:04:24.439,1.30737,1.3076,2.25,1.00
2015.05.28 08:04:24.490,1.30738,1.30762,1.37,2.25
2015.05.28 08:04:25.001,1.30738,1.30761,1.37,1.00
2015.05.28 08:04:26.228,1.30737,1.3076,1.50,1.00
2015.05.28 08:04:26.280,1.30737,1.30762,2.25,1.00
2015.05.28 08:04:27.113,1.30742,1.30762,1.00,1.00
2015.05.28 08:04:27.596,1.30749,1.30762,1.00,1.00
2015.05.28 08:04:27.759,1.30751,1.30775,1.00,1.00
2015.05.28 08:04:28.277,1.30752,1.30776,1.50,1.50
2015.05.28 08:04:29.400,1.30753,1.30776,1.00,1.50
2015.05.28 08:04:29.504,1.30757,1.30776,1.00,1.00
2015.05.28 08:04:29.659,1.30757,1.30778,1.00,1.00
2015.05.28 08:04:29.761,1.30753,1.30778,2.25,1.50
2015.05.28 08:04:30.299,1.30754,1.30778,1.00,1.50
2015.05.28 08:04:30.503,1.30756,1.30778,1.00,1.00
2015.05.28 08:04:32.063,1.30754,1.30778,1.00,1.50
2015.05.28 08:04:32.803,1.30755,1.30778,1.00,1.50
2015.05.28 08:04:33.132,1.30753,1.30776,1.00,1.00
2015.05.28 08:04:35.825,1.30753,1.30772,1.00,1.00
2015.05.28 08:04:37.318,1.3075,1.30772,1.12,1.00
2015.05.28 08:04:38.188,1.3075,1.3077,1.00,1.00
2015.05.28 08:04:39.215,1.30746,1.30766,1.00,1.00
2015.05.28 08:04:39.522,1.30742,1.30761,1.37,1.00
2015.05.28 08:04:39.751,1.30742,1.30764,1.37,1.00
2015.05.28 08:04:40.351,1.30743,1.30766,1.37,1.00
2015.05.28 08:04:41.900,1.30743,1.30764,1.37,1.00
2015.05.28 08:04:43.377,1.30743,1.30766,1.37,1.50
2015.05.28 08:04:45.705,1.30746,1.30767,1.00,1.00
2015.05.28 08:04:45.756,1.30748,1.30767,1.00,1.00
2015.05.28 08:04:45.808,1.30753,1.30773,1.12,1.00
2015.05.28 08:04:45.859,1.30754,1.30773,2.10,1.00
2015.05.28 08:04:46.425,1.3075,1.3077,1.37,1.00
2015.05.28 08:04:46.476,1.30749,1.30772,1.72,1.50
2015.05.28 08:04:46.785,1.30751,1.30772,2.47,1.00
2015.05.28 08:04:47.758,1.3075,1.30773,1.37,1.35
2015.05.28 08:04:48.092,1.3076,1.30779,1.37,1.00
2015.05.28 08:04:48.194,1.3076,1.30779,1.00,1.00
2015.05.28 08:04:49.010,1.30759,1.30779,1.00,1.50
2015.05.28 08:04:49.392,1.30761,1.30779,1.00,1.50
2015.05.28 08:04:49.708,1.30761,1.30779,1.37,1.00
2015.05.28 08:04:49.861,1.30765,1.30783,1.00,1.50
2015.05.28 08:04:50.922,1.30759,1.30783,1.37,1.50
2015.05.28 08:04:51.257,1.30759,1.30782,1.37,1.60
2015.05.28 08:04:51.411,1.30758,1.30778,1.50,1.00
2015.05.28 08:04:51.464,1.30758,1.30778,1.50,2.85
2015.05.28 08:04:52.128,1.30758,1.30773,1.00,1.00
2015.05.28 08:04:52.230,1.30755,1.30776,1.97,1.00
2015.05.28 08:04:52.587,1.30755,1.30776,1.97,1.00
2015.05.28 08:04:52.944,1.30756,1.30775,1.30,1.00
2015.05.28 08:04:53.428,1.30756,1.30779,1.30,1.50
2015.05.28 08:04:53.684,1.30756,1.30779,1.72,1.00
2015.05.28 08:04:54.146,1.30759,1.30781,1.37,3.60
2015.05.28 08:04:54.248,1.3076,1.30781,2.47,1.00
2015.05.28 08:04:54.750,1.3076,1.30781,3.22,1.00
2015.05.28 08:04:54.802,1.30761,1.30785,1.97,1.50
2015.05.28 08:04:54.855,1.30761,1.30783,1.97,1.00
2015.05.28 08:04:54.959,1.3076,1.30785,4.72,1.50
2015.05.28 08:04:55.010,1.3076,1.30785,3.97,1.50
2015.05.28 08:04:55.523,1.30762,1.30783,1.72,1.00
2015.05.28 08:04:56.034,1.30762,1.30785,1.72,3.00
2015.05.28 08:04:56.444,1.30767,1.30788,1.37,1.60
2015.05.28 08:04:56.751,1.30773,1.30789,1.00,1.00
2015.05.28 08:04:56.904,1.30769,1.30789,1.12,1.00
2015.05.28 08:04:58.809,1.30769,1.30788,1.12,1.00
2015.05.28 08:04:59.348,1.30769,1.30793,1.50,2.25
2015.05.28 08:04:59.653,1.30771,1.30792,1.00,1.00
2015.05.28 08:05:01.171,1.30772,1.30792,1.00,1.00
2015.05.28 08:05:02.253,1.30771,1.30792,1.00,1.00
2015.05.28 08:05:02.560,1.30769,1.30792,1.12,1.00
2015.05.28 08:05:03.107,1.30771,1.30792,1.00,1.00
2015.05.28 08:05:04.177,1.30768,1.30792,1.50,1.50
2015.05.28 08:05:04.814,1.30766,1.3079,2.62,1.00
2015.05.28 08:05:05.453,1.30766,1.30786,1.37,1.35
2015.05.28 08:05:05.963,1.30766,1.30785,1.37,1.00
2015.05.28 08:05:06.292,1.30764,1.30785,1.37,1.00
2015.05.28 08:05:06.803,1.30762,1.30787,3.60,1.50
2015.05.28 08:05:07.931,1.30762,1.30785,3.22,1.00
2015.05.28 08:05:08.831,1.30762,1.30787,3.60,1.00
2015.05.28 08:05:11.124,1.30764,1.30788,1.75,1.00
2015.05.28 08:05:11.175,1.30765,1.30788,2.85,1.00
2015.05.28 08:05:11.647,1.30769,1.30792,1.37,1.00
2015.05.28 08:05:11.852,1.30768,1.30791,1.37,1.00
2015.05.28 08:05:13.640,1.30765,1.3079,5.10,1.00
2015.05.28 08:05:14.510,1.30765,1.3079,5.10,1.00
2015.05.28 08:05:15.194,1.30768,1.30789,1.37,1.00
2015.05.28 08:05:15.296,1.30768,1.30791,1.87,1.00
2015.05.28 08:05:15.449,1.30774,1.30792,3.22,1.00
2015.05.28 08:05:15.500,1.30774,1.30797,3.22,1.00
2015.05.28 08:05:15.551,1.30774,1.30795,2.47,1.00
2015.05.28 08:05:15.602,1.30774,1.30795,2.47,1.00
2015.05.28 08:05:15.856,1.30774,1.30791,2.47,1.00
2015.05.28 08:05:16.974,1.30771,1.30791,1.37,1.50
2015.05.28 08:05:18.651,1.30771,1.30791,1.00,1.50
2015.05.28 08:05:18.805,1.30768,1.30791,1.50,1.50
2015.05.28 08:05:18.857,1.30768,1.30788,1.50,1.00
2015.05.28 08:05:18.959,1.30766,1.30787,1.12,1.00
2015.05.28 08:05:19.062,1.30763,1.30785,1.87,1.00
2015.05.28 08:05:19.367,1.30759,1.30776,1.87,1.00
2015.05.28 08:05:19.520,1.30759,1.30781,1.37,1.50
2015.05.28 08:05:20.055,1.30759,1.30776,1.37,1.00
2015.05.28 08:05:20.471,1.30759,1.3078,1.37,1.00
2015.05.28 08:05:20.624,1.30757,1.30778,1.37,1.00
2015.05.28 08:05:20.675,1.30753,1.30778,1.87,1.50
2015.05.28 08:05:20.727,1.30763,1.30772,2.10,1.00
2015.05.28 08:05:20.829,1.30764,1.30783,1.37,2.25
2015.05.28 08:05:20.880,1.30762,1.30782,1.00,1.00
2015.05.28 08:05:21.407,1.30762,1.30787,2.25,2.25
2015.05.28 08:05:21.932,1.30762,1.30787,3.37,2.25
2015.05.28 08:05:24.468,1.3077,1.3079,2.47,1.50
2015.05.28 08:05:24.775,1.30771,1.30793,1.97,1.00
2015.05.28 08:05:26.162,1.30775,1.30793,1.00,1.35
2015.05.28 08:05:26.835,1.30778,1.30797,1.12,1.50
2015.05.28 08:05:27.346,1.30778,1.30796,1.00,1.00
2015.05.28 08:05:27.550,1.30776,1.30796,1.12,1.00
2015.05.28 08:05:27.652,1.30778,1.30797,1.00,1.00
2015.05.28 08:05:28.754,1.30779,1.30797,1.00,1.00
2015.05.28 08:05:29.258,1.30779,1.30798,1.00,1.00
2015.05.28 08:05:30.082,1.30776,1.30798,1.37,1.00
2015.05.28 08:05:30.616,1.30776,1.30799,1.37,1.35
2015.05.28 08:05:31.538,1.30782,1.30801,1.00,2.10
2015.05.28 08:05:31.851,1.3078,1.30803,1.37,2.25
2015.05.28 08:05:32.055,1.30787,1.30804,1.00,1.00
2015.05.28 08:05:32.259,1.3078,1.30804,2.62,1.00
2015.05.28 08:05:32.822,1.3078,1.30803,2.25,1.00
2015.05.28 08:05:33.343,1.3078,1.30804,2.25,1.00
2015.05.28 08:05:33.851,1.3078,1.30803,2.25,1.00
2015.05.28 08:05:34.345,1.3078,1.30797,1.87,1.00
2015.05.28 08:05:34.497,1.30779,1.30797,1.37,1.00
2015.05.28 08:05:35.006,1.30779,1.308,1.87,2.10
2015.05.28 08:05:35.398,1.3078,1.30803,1.87,1.50
2015.05.28 08:05:35.845,1.30777,1.30799,1.37,1.50
2015.05.28 08:05:36.150,1.30774,1.30798,1.37,1.60
2015.05.28 08:05:36.769,1.30773,1.30793,1.37,1.00
2015.05.28 08:05:37.226,1.30774,1.30796,1.37,1.00
2015.05.28 08:05:37.967,1.30772,1.30793,3.22,1.00
2015.05.28 08:05:38.639,1.30772,1.30786,3.22,1.00
2015.05.28 08:05:39.171,1.30772,1.30787,3.22,1.00
2015.05.28 08:05:40.617,1.30772,1.30787,2.47,1.00
2015.05.28 08:05:40.669,1.30772,1.30785,1.87,1.00
2015.05.28 08:05:40.721,1.30772,1.30783,1.87,1.00
2015.05.28 08:05:41.083,1.30769,1.30785,1.37,1.00
2015.05.28 08:05:41.134,1.30769,1.30785,1.37,1.00
2015.05.28 08:05:41.237,1.30768,1.30782,1.37,1.00
2015.05.28 08:05:41.289,1.30768,1.30789,1.37,1.60
2015.05.28 08:05:41.705,1.30768,1.30784,1.37,1.00
2015.05.28 08:05:41.765,1.30762,1.30784,1.00,1.00
2015.05.28 08:05:41.818,1.3076,1.30783,1.87,1.00
2015.05.28 08:05:41.972,1.30759,1.30778,1.37,1.00
2015.05.28 08:05:42.279,1.30758,1.30777,1.12,1.00
2015.05.28 08:05:42.916,1.3076,1.3078,1.00,1.00
2015.05.28 08:05:43.122,1.30758,1.3078,1.12,1.00
2015.05.28 08:05:43.671,1.30758,1.3078,1.37,1.00
2015.05.28 08:05:44.264,1.30762,1.30782,1.00,1.00
2015.05.28 08:05:44.795,1.30762,1.30783,1.12,1.00
2015.05.28 08:05:45.747,1.3076,1.30783,1.37,1.50
2015.05.28 08:05:46.160,1.30763,1.30783,1.00,1.00
2015.05.28 08:05:46.262,1.30764,1.30787,1.50,1.00
2015.05.28 08:05:46.313,1.30769,1.30787,1.00,1.00
2015.05.28 08:05:46.466,1.30769,1.3079,1.00,1.00
2015.05.28 08:05:46.924,1.30767,1.30787,1.00,1.00
2015.05.28 08:05:47.510,1.30767,1.30789,2.47,1.00
2015.05.28 08:05:47.765,1.30769,1.30791,1.00,1.00
2015.05.28 08:05:48.524,1.30772,1.30793,1.00,1.00
2015.05.28 08:05:48.829,1.30775,1.30796,1.00,1.00
2015.05.28 08:05:51.494,1.30773,1.30796,1.00,1.00
2015.05.28 08:05:51.596,1.30773,1.30796,1.00,1.37
2015.05.28 08:05:51.902,1.30766,1.30784,1.37,1.00
2015.05.28 08:05:52.156,1.30768,1.30788,1.37,1.00
2015.05.28 08:05:53.216,1.30772,1.30787,1.00,1.00
2015.05.28 08:05:53.540,1.30769,1.30787,1.12,1.00
2015.05.28 08:05:53.592,1.30769,1.30784,1.12,1.00
2015.05.28 08:05:53.745,1.30769,1.30787,1.00,1.00
2015.05.28 08:05:53.847,1.30768,1.3079,1.00,1.00
2015.05.28 08:05:54.000,1.30768,1.30792,1.00,2.25
2015.05.28 08:05:54.510,1.3077,1.30792,1.00,1.00
2015.05.28 08:05:55.011,1.3077,1.30791,1.00,1.00
2015.05.28 08:05:55.170,1.3077,1.30793,1.00,1.00
2015.05.28 08:05:57.859,1.30779,1.30797,1.87,1.00
2015.05.28 08:05:57.911,1.30784,1.30804,1.00,2.85
2015.05.28 08:05:58.013,1.30786,1.30804,1.00,2.10
2015.05.28 08:05:58.166,1.30787,1.30806,1.12,1.50
2015.05.28 08:05:58.217,1.30787,1.3081,1.12,2.85
2015.05.28 08:05:58.268,1.30787,1.3081,1.37,2.85
2015.05.28 08:05:58.923,1.30791,1.3081,1.37,2.10
2015.05.28 08:05:59.030,1.30785,1.30808,1.87,1.35
2015.05.28 08:05:59.081,1.30785,1.30802,1.87,1.00
2015.05.28 08:05:59.545,1.30781,1.30794,1.37,1.00
2015.05.28 08:05:59.596,1.30776,1.30793,1.00,2.85
2015.05.28 08:05:59.647,1.30768,1.30787,1.37,1.00
2015.05.28 08:05:59.749,1.30766,1.30791,2.47,1.50
2015.05.28 08:06:00.243,1.30771,1.30793,1.37,1.00
2015.05.28 08:06:00.754,1.30771,1.30792,1.37,1.00
2015.05.28 08:06:01.880,1.30774,1.30791,1.37,1.00
2015.05.28 08:06:02.407,1.30773,1.30795,1.37,1.60
2015.05.28 08:06:02.955,1.30778,1.30799,1.37,1.50
2015.05.28 08:06:03.632,1.30778,1.30798,1.37,1.00
2015.05.28 08:06:04.784,1.30776,1.30796,1.37,1.00
2015.05.28 08:06:04.937,1.30776,1.30798,1.37,1.00
2015.05.28 08:06:05.408,1.30777,1.30799,1.37,2.10
2015.05.28 08:06:05.511,1.30777,1.30797,1.37,1.00
2015.05.28 08:06:05.963,1.30777,1.30797,1.12,1.00
2015.05.28 08:06:06.178,1.30778,1.30796,1.37,1.00
2015.05.28 08:06:07.641,1.30773,1.30794,1.37,2.10
2015.05.28 08:06:07.693,1.30773,1.3079,1.37,1.00
2015.05.28 08:06:07.998,1.30773,1.30788,1.00,1.00
2015.05.28 08:06:08.801,1.30772,1.30793,1.12,1.35
2015.05.28 08:06:10.345,1.30772,1.30791,1.00,1.00
2015.05.28 08:06:10.899,1.30772,1.30791,1.37,1.00
2015.05.28 08:06:11.474,1.30772,1.30791,1.37,1.00
2015.05.28 08:06:11.908,1.30769,1.30789,1.37,1.00
2015.05.28 08:06:12.011,1.30768,1.30789,1.37,1.00
2015.05.28 08:06:12.113,1.30767,1.30787,1.87,1.00
2015.05.28 08:06:12.661,1.30767,1.30788,1.87,1.00
2015.05.28 08:06:12.864,1.30767,1.3079,1.87,1.50
2015.05.28 08:06:13.267,1.30767,1.30785,1.12,1.00
2015.05.28 08:06:13.575,1.30756,1.30765,1.12,1.00
2015.05.28 08:06:13.914,1.30754,1.30765,1.50,1.00
2015.05.28 08:06:13.965,1.30754,1.30762,1.50,1.00
2015.05.28 08:06:14.016,1.30752,1.30762,1.12,1.00
2015.05.28 08:06:14.433,1.30755,1.30762,1.00,1.00
2015.05.28 08:06:14.484,1.30754,1.30768,1.50,1.00
2015.05.28 08:06:14.636,1.30754,1.30773,1.50,1.00
2015.05.28 08:06:16.178,1.30754,1.30776,1.97,1.00
2015.05.28 08:06:16.231,1.3076,1.30778,1.37,1.00
2015.05.28 08:06:16.896,1.30759,1.30779,1.97,1.00
2015.05.28 08:06:17.418,1.30761,1.30781,1.37,1.50
2015.05.28 08:06:19.498,1.30761,1.30781,1.37,1.00
2015.05.28 08:06:20.319,1.30766,1.30781,1.37,1.00
2015.05.28 08:06:20.371,1.30767,1.30788,1.00,1.50
2015.05.28 08:06:20.525,1.30765,1.30788,1.00,1.00
2015.05.28 08:06:20.883,1.30764,1.30786,1.87,1.00
2015.05.28 08:06:21.188,1.30764,1.30784,1.00,1.00
2015.05.28 08:06:21.698,1.30764,1.30783,1.00,1.00
2015.05.28 08:06:22.013,1.30764,1.30779,1.00,1.00
2015.05.28 08:06:22.527,1.30764,1.3078,1.12,1.00
2015.05.28 08:06:23.183,1.30763,1.30783,1.75,1.00
2015.05.28 08:06:23.235,1.3076,1.30778,1.37,1.00
2015.05.28 08:06:23.795,1.30758,1.3078,1.97,1.00
2015.05.28 08:06:23.897,1.30756,1.3078,3.37,1.00
2015.05.28 08:06:23.948,1.30757,1.30775,1.50,1.00
2015.05.28 08:06:24.557,1.30757,1.30765,1.00,1.00
2015.05.28 08:06:24.610,1.30752,1.30773,1.75,1.50
2015.05.28 08:06:25.120,1.30752,1.30773,1.75,1.00
2015.05.28 08:06:26.010,1.30752,1.30769,1.50,1.00
2015.05.28 08:06:26.559,1.30752,1.30768,1.75,1.00
2015.05.28 08:06:28.937,1.30752,1.30767,1.75,1.00
2015.05.28 08:06:29.460,1.30752,1.30768,1.75,1.00
2015.05.28 08:06:30.197,1.30764,1.30771,2.10,1.50
2015.05.28 08:06:30.248,1.30764,1.30771,2.10,1.00
2015.05.28 08:06:30.300,1.30759,1.30775,3.22,1.00
2015.05.28 08:06:30.402,1.30759,1.30777,2.47,1.00
2015.05.28 08:06:31.715,1.30759,1.30776,2.47,1.00
2015.05.28 08:06:32.164,1.30758,1.30774,1.50,1.00
2015.05.28 08:06:32.266,1.30756,1.30774,2.25,1.00
2015.05.28 08:06:33.060,1.30757,1.30771,1.37,1.00
2015.05.28 08:06:33.697,1.30756,1.30771,1.37,1.00
2015.05.28 08:06:33.850,1.30755,1.30773,1.50,1.00
2015.05.28 08:06:34.379,1.30753,1.3077,1.37,1.00
2015.05.28 08:06:34.880,1.30752,1.30769,1.87,1.00
2015.05.28 08:06:34.931,1.30752,1.30767,1.87,1.00
2015.05.28 08:06:35.033,1.30752,1.30768,2.62,1.00
2015.05.28 08:06:37.874,1.30758,1.30775,1.72,1.00
2015.05.28 08:06:37.977,1.30756,1.30775,2.47,1.00
2015.05.28 08:06:38.028,1.30756,1.30771,2.47,1.00
2015.05.28 08:06:38.438,1.30752,1.30769,2.85,1.00
2015.05.28 08:06:38.540,1.30752,1.30762,1.12,1.00
2015.05.28 08:06:38.593,1.30747,1.30756,1.37,1.00
2015.05.28 08:06:38.746,1.30741,1.30753,1.50,1.00
2015.05.28 08:06:39.271,1.30738,1.3076,1.75,1.50
2015.05.28 08:06:39.322,1.30738,1.30756,2.10,1.00
2015.05.28 08:06:39.641,1.30738,1.30756,1.75,1.00
2015.05.28 08:06:39.744,1.30738,1.30749,2.10,1.00
2015.05.28 08:06:39.846,1.30735,1.30747,1.75,1.00
2015.05.28 08:06:39.948,1.30735,1.30747,1.37,1.00
2015.05.28 08:06:40.202,1.30732,1.30747,1.75,1.00
2015.05.28 08:06:40.253,1.30732,1.30745,1.75,1.00
2015.05.28 08:06:41.310,1.30732,1.30744,1.50,1.00
2015.05.28 08:06:41.624,1.30749,1.30757,2.47,1.00
2015.05.28 08:06:41.727,1.30749,1.30762,2.47,1.00
2015.05.28 08:06:41.831,1.30749,1.30767,2.47,1.50
2015.05.28 08:06:41.985,1.30749,1.30764,2.47,1.00
2015.05.28 08:06:42.605,1.30749,1.30767,2.47,1.00
2015.05.28 08:06:43.268,1.30749,1.30767,2.47,1.00
2015.05.28 08:06:45.265,1.30746,1.30761,2.47,1.00
2015.05.28 08:06:46.147,1.30745,1.30761,2.47,1.00
2015.05.28 08:06:46.444,1.30745,1.30761,2.47,1.00
2015.05.28 08:06:47.681,1.30745,1.30761,2.47,1.00
2015.05.28 08:06:48.653,1.30746,1.30762,1.97,1.00
2015.05.28 08:06:49.182,1.30746,1.30763,1.97,1.00
2015.05.28 08:06:49.743,1.30746,1.30763,2.10,1.00
2015.05.28 08:06:51.506,1.30746,1.30763,2.10,1.00
2015.05.28 08:06:51.608,1.30746,1.30762,2.10,1.00
2015.05.28 08:06:53.714,1.30747,1.30762,1.72,1.00
2015.05.28 08:06:53.974,1.30752,1.30764,1.37,1.00
2015.05.28 08:06:54.026,1.30752,1.30764,1.37,1.00
2015.05.28 08:06:54.078,1.30752,1.30771,1.37,1.50
2015.05.28 08:06:54.130,1.30761,1.30771,1.12,1.00
2015.05.28 08:06:54.286,1.30758,1.30774,1.00,1.00
2015.05.28 08:06:54.845,1.30753,1.30773,1.37,1.00
2015.05.28 08:06:54.900,1.30758,1.30773,1.37,1.00
2015.05.28 08:06:55.054,1.30758,1.30775,1.37,1.00
2015.05.28 08:06:55.360,1.30758,1.30775,1.72,1.00
2015.05.28 08:06:55.872,1.30758,1.30774,1.72,1.00
2015.05.28 08:06:57.554,1.30758,1.30774,1.72,1.00
2015.05.28 08:06:58.097,1.30755,1.30773,3.60,1.00
2015.05.28 08:06:59.659,1.30755,1.30772,3.22,1.00
2015.05.28 08:06:59.891,1.30755,1.3077,2.47,1.00
2015.05.28 08:07:00.425,1.30755,1.30771,2.47,1.00
2015.05.28 08:07:01.008,1.30755,1.30772,2.47,1.00
2015.05.28 08:07:01.313,1.30758,1.30776,3.22,1.00
2015.05.28 08:07:01.617,1.30762,1.30776,3.22,1.00
2015.05.28 08:07:01.669,1.30762,1.30778,3.22,1.00
2015.05.28 08:07:02.199,1.30763,1.30779,1.35,1.00
2015.05.28 08:07:02.707,1.30762,1.30778,2.47,1.00
2015.05.28 08:07:03.307,1.30762,1.30777,3.22,1.00
2015.05.28 08:07:05.687,1.30764,1.30777,1.67,1.00
2015.05.28 08:07:06.360,1.30762,1.30776,3.22,1.00
2015.05.28 08:07:08.798,1.30762,1.30777,3.22,1.00
2015.05.28 08:07:11.175,1.30762,1.30778,2.47,1.00
2015.05.28 08:07:11.720,1.30762,1.30778,2.47,1.00
2015.05.28 08:07:11.771,1.30762,1.30776,2.47,1.00
2015.05.28 08:07:13.049,1.30762,1.30775,2.47,1.00
2015.05.28 08:07:13.201,1.30762,1.30774,2.47,1.00
2015.05.28 08:07:13.712,1.30759,1.30773,2.47,1.00
2015.05.28 08:07:13.877,1.30759,1.30775,2.47,1.00
2015.05.28 08:07:14.524,1.30757,1.30773,1.37,1.00
2015.05.28 08:07:14.676,1.30756,1.30769,1.37,1.00
2015.05.28 08:07:15.636,1.30752,1.30771,1.75,1.00
2015.05.28 08:07:16.168,1.30752,1.30768,1.37,1.00
2015.05.28 08:07:17.892,1.30748,1.30758,1.37,1.00
2015.05.28 08:07:20.786,1.30742,1.30759,1.37,1.00
2015.05.28 08:07:20.991,1.30741,1.30762,1.50,1.00
2015.05.28 08:07:21.310,1.30741,1.30758,1.50,1.00
2015.05.28 08:07:21.615,1.3074,1.30758,1.75,1.00
2015.05.28 08:07:22.337,1.30742,1.30759,1.37,1.50
2015.05.28 08:07:22.541,1.30742,1.30761,1.37,1.00
2015.05.28 08:07:27.289,1.30742,1.30759,1.37,1.00
2015.05.28 08:07:30.647,1.30742,1.30759,1.37,1.00
2015.05.28 08:07:31.244,1.30743,1.3076,1.37,1.00
2015.05.28 08:07:31.551,1.30743,1.3076,1.87,1.00
2015.05.28 08:07:31.653,1.30743,1.3076,1.87,1.00
2015.05.28 08:07:32.067,1.30747,1.30761,3.22,1.00
2015.05.28 08:07:32.221,1.30748,1.30765,1.97,1.00
2015.05.28 08:07:32.324,1.30748,1.30765,1.97,1.00
2015.05.28 08:07:32.689,1.30748,1.30767,2.47,1.00
2015.05.28 08:07:32.740,1.30748,1.30767,2.47,1.00
2015.05.28 08:07:33.420,1.30748,1.30766,2.47,1.00
2015.05.28 08:07:33.959,1.30747,1.30766,2.47,1.00
2015.05.28 08:07:34.061,1.30745,1.30765,1.72,1.00
2015.05.28 08:07:34.315,1.30745,1.30763,1.72,1.00
2015.05.28 08:07:35.056,1.30742,1.30763,2.62,1.00
2015.05.28 08:07:35.599,1.30747,1.30764,1.37,1.00
2015.05.28 08:07:35.651,1.30747,1.30766,1.37,1.00
2015.05.28 08:07:36.471,1.30751,1.3077,1.37,1.00
2015.05.28 08:07:36.972,1.3075,1.3077,1.72,1.00
2015.05.28 08:07:37.964,1.3075,1.3077,2.47,1.00
2015.05.28 08:07:38.371,1.3075,1.30767,1.37,1.00
2015.05.28 08:07:38.691,1.30752,1.30768,1.97,1.00
2015.05.28 08:07:39.406,1.30752,1.30769,1.97,1.00
2015.05.28 08:07:40.369,1.30752,1.30771,1.97,1.00
2015.05.28 08:07:41.125,1.30753,1.30774,1.72,1.12
2015.05.28 08:07:41.227,1.30751,1.30764,1.37,1.00
2015.05.28 08:07:41.430,1.30751,1.30763,1.00,1.00
2015.05.28 08:07:41.481,1.30751,1.3076,1.00,1.00
2015.05.28 08:07:41.786,1.30751,1.30757,1.00,1.00
2015.05.28 08:07:42.920,1.30745,1.30754,1.00,1.00
2015.05.28 08:07:42.973,1.30737,1.30754,1.37,1.00
2015.05.28 08:07:43.178,1.30741,1.30754,1.00,1.00
2015.05.28 08:07:43.230,1.30741,1.30761,2.25,1.50
2015.05.28 08:07:43.435,1.30745,1.30764,1.00,1.00
2015.05.28 08:07:46.515,1.30745,1.30765,1.00,1.00
2015.05.28 08:07:46.618,1.30745,1.30765,1.37,1.00
2015.05.28 08:07:47.755,1.30747,1.30765,1.87,1.00
2015.05.28 08:07:48.079,1.30747,1.30767,1.87,1.00
2015.05.28 08:07:49.972,1.30747,1.30769,2.85,1.00
2015.05.28 08:07:51.269,1.30747,1.30766,1.72,1.00
2015.05.28 08:07:51.892,1.30747,1.30766,1.37,1.00
2015.05.28 08:07:52.413,1.30747,1.30767,1.37,1.00
2015.05.28 08:07:52.957,1.30747,1.30768,1.37,2.10
2015.05.28 08:07:53.529,1.30747,1.30769,1.87,1.00
2015.05.28 08:07:53.749,1.30747,1.30769,1.87,1.00
2015.05.28 08:07:54.218,1.30747,1.3077,2.62,1.00
2015.05.28 08:07:54.525,1.3075,1.30772,1.37,2.10
2015.05.28 08:07:55.689,1.30749,1.30771,1.37,2.10
2015.05.28 08:07:58.874,1.30751,1.30773,1.37,2.10
2015.05.28 08:07:58.926,1.30751,1.30774,1.37,1.50
2015.05.28 08:08:00.051,1.30751,1.30774,1.37,1.50
2015.05.28 08:08:00.917,1.3075,1.30773,1.72,1.00
2015.05.28 08:08:01.274,1.30749,1.30773,2.47,1.50
2015.05.28 08:08:01.793,1.30749,1.30772,3.22,1.00
2015.05.28 08:08:02.518,1.30754,1.30778,1.87,1.00
2015.05.28 08:08:02.570,1.30754,1.30776,1.37,1.00
2015.05.28 08:08:02.925,1.30754,1.30778,2.62,1.00
2015.05.28 08:08:03.433,1.30754,1.30779,2.62,1.50
2015.05.28 08:08:04.780,1.30756,1.30777,1.12,1.00
2015.05.28 08:08:08.546,1.30756,1.30778,1.12,1.00
2015.05.28 08:08:08.751,1.30757,1.30781,1.00,1.50
2015.05.28 08:08:08.967,1.30757,1.30781,1.37,1.50
2015.05.28 08:08:09.324,1.30758,1.30781,1.37,1.00
2015.05.28 08:08:09.810,1.30758,1.3078,1.72,1.00
2015.05.28 08:08:10.326,1.30758,1.30781,1.72,1.50
2015.05.28 08:08:10.853,1.30759,1.30781,1.37,2.10
2015.05.28 08:08:13.473,1.30759,1.30782,1.72,2.25
2015.05.28 08:08:13.729,1.30763,1.30785,1.87,1.00
2015.05.28 08:08:14.457,1.30763,1.30782,1.37,1.00
2015.05.28 08:08:15.081,1.30759,1.3078,1.37,1.00
2015.05.28 08:08:15.132,1.30757,1.30776,1.87,1.00
2015.05.28 08:08:15.652,1.30756,1.30776,1.72,1.00
2015.05.28 08:08:17.867,1.30755,1.30775,1.97,1.00
2015.05.28 08:08:18.506,1.30755,1.30772,1.97,1.00
2015.05.28 08:08:19.764,1.30754,1.30772,1.97,1.00
2015.05.28 08:08:21.012,1.30753,1.30764,2.10,1.00
2015.05.28 08:08:21.064,1.30744,1.30761,1.37,1.00
2015.05.28 08:08:21.583,1.30742,1.3076,1.87,1.00
2015.05.28 08:08:21.736,1.30741,1.30758,1.37,1.00
2015.05.28 08:08:22.139,1.30739,1.30757,1.37,1.00
2015.05.28 08:08:22.293,1.30737,1.30759,1.87,1.50
2015.05.28 08:08:22.357,1.30737,1.30757,1.87,1.00
2015.05.28 08:08:22.816,1.30739,1.30762,1.50,1.00
2015.05.28 08:08:22.867,1.30746,1.30762,1.00,1.00
2015.05.28 08:08:22.969,1.30749,1.3077,1.37,1.00
2015.05.28 08:08:23.483,1.3075,1.30771,1.12,1.00
2015.05.28 08:08:23.636,1.3075,1.30771,1.37,1.00
2015.05.28 08:08:23.945,1.30756,1.30771,1.87,1.00
2015.05.28 08:08:24.811,1.30753,1.30771,1.37,1.00
2015.05.28 08:08:24.967,1.30753,1.30774,1.37,1.00
2015.05.28 08:08:25.480,1.3075,1.30773,2.62,1.00
2015.05.28 08:08:26.244,1.3075,1.30771,2.62,1.00
2015.05.28 08:08:27.028,1.3075,1.30773,1.87,1.50
2015.05.28 08:08:29.214,1.3075,1.30772,1.37,1.00
2015.05.28 08:08:29.909,1.30754,1.30772,1.37,1.00
2015.05.28 08:08:30.877,1.30752,1.30773,1.72,1.00
2015.05.28 08:08:31.383,1.3075,1.30771,3.22,1.00
2015.05.28 08:08:31.434,1.3075,1.30771,3.22,1.00
2015.05.28 08:08:33.733,1.30752,1.30773,1.72,1.00
2015.05.28 08:08:34.393,1.30754,1.30773,1.37,1.00
2015.05.28 08:08:34.914,1.30755,1.30774,1.37,1.00
2015.05.28 08:08:35.354,1.30751,1.30771,1.97,1.00
2015.05.28 08:08:35.660,1.30745,1.3076,1.37,1.00
2015.05.28 08:08:35.812,1.30747,1.30767,1.37,1.00
2015.05.28 08:08:35.914,1.30747,1.30767,1.37,1.00
2015.05.28 08:08:36.016,1.30746,1.30762,1.37,1.00
2015.05.28 08:08:36.701,1.30746,1.3076,1.00,1.00
2015.05.28 08:08:36.753,1.30743,1.30758,1.37,1.00
2015.05.28 08:08:36.805,1.30742,1.3076,1.37,1.00
2015.05.28 08:08:37.114,1.30745,1.30762,1.12,1.00
2015.05.28 08:08:37.166,1.30745,1.30762,1.37,1.00
2015.05.28 08:08:37.218,1.30745,1.30765,1.37,1.00
2015.05.28 08:08:37.372,1.30747,1.30768,1.37,1.00
2015.05.28 08:08:37.475,1.30749,1.30771,1.37,1.50
2015.05.28 08:08:38.080,1.30749,1.30769,1.37,1.00
2015.05.28 08:08:38.702,1.30749,1.3077,1.37,1.00
2015.05.28 08:08:39.248,1.30749,1.30771,1.37,1.00
2015.05.28 08:08:40.319,1.30749,1.30771,1.37,1.00
2015.05.28 08:08:40.626,1.30747,1.30764,1.37,1.00
2015.05.28 08:08:40.677,1.30749,1.30764,1.00,1.00
2015.05.28 08:08:41.182,1.30743,1.30762,1.87,1.60
2015.05.28 08:08:41.658,1.30744,1.30764,1.37,1.00
2015.05.28 08:08:41.964,1.30746,1.30762,1.12,1.00
2015.05.28 08:08:42.565,1.30746,1.30761,1.00,1.00
2015.05.28 08:08:42.880,1.30738,1.30754,1.37,1.00
2015.05.28 08:08:43.084,1.30738,1.30757,1.37,1.00
2015.05.28 08:08:43.367,1.30738,1.30755,1.37,1.00
2015.05.28 08:08:43.519,1.30739,1.30757,1.37,1.00
2015.05.28 08:08:44.031,1.30742,1.30764,1.37,1.00
2015.05.28 08:08:44.387,1.30745,1.30764,1.37,1.00
2015.05.28 08:08:44.489,1.30746,1.30769,1.12,1.00
2015.05.28 08:08:48.444,1.30746,1.30768,1.87,1.00
2015.05.28 08:08:48.583,1.30746,1.3077,1.87,1.00
2015.05.28 08:08:48.787,1.30746,1.30768,1.87,1.00
2015.05.28 08:08:49.369,1.30747,1.30766,1.00,1.00
2015.05.28 08:08:49.675,1.30738,1.30757,1.87,1.00
2015.05.28 08:08:51.103,1.3074,1.30757,1.37,1.00
2015.05.28 08:08:51.404,1.3074,1.30759,1.37,1.00
2015.05.28 08:08:51.558,1.30741,1.30755,1.37,1.00
2015.05.28 08:08:52.054,1.30738,1.30753,1.87,1.00
2015.05.28 08:08:52.515,1.30738,1.30762,2.62,1.00
2015.05.28 08:08:52.978,1.3074,1.30763,1.37,1.00
2015.05.28 08:08:53.867,1.30742,1.30765,1.37,1.00
2015.05.28 08:08:54.391,1.30743,1.30767,1.37,2.85
2015.05.28 08:08:56.760,1.30746,1.30769,1.37,1.50
2015.05.28 08:08:57.015,1.30749,1.30767,1.00,1.00
2015.05.28 08:08:57.066,1.30746,1.30767,1.00,1.00
2015.05.28 08:08:57.168,1.30742,1.30761,2.25,2.10
2015.05.28 08:08:58.346,1.3074,1.30757,1.00,1.50
2015.05.28 08:08:58.398,1.30738,1.30757,1.00,1.50
2015.05.28 08:08:58.929,1.30737,1.30757,1.00,1.50
2015.05.28 08:08:59.241,1.30738,1.3076,1.37,1.35
2015.05.28 08:09:00.036,1.30738,1.3076,1.00,2.10
2015.05.28 08:09:01.233,1.30738,1.30758,1.00,1.00
2015.05.28 08:09:01.539,1.30741,1.3076,1.37,1.00
2015.05.28 08:09:01.691,1.30738,1.30759,1.50,2.10
2015.05.28 08:09:01.794,1.30742,1.30759,1.00,2.10
2015.05.28 08:09:01.896,1.30739,1.30759,1.50,2.10
2015.05.28 08:09:02.837,1.30739,1.3076,1.00,1.00
2015.05.28 08:09:03.042,1.30739,1.30762,1.00,2.10
2015.05.28 08:09:03.195,1.3074,1.3076,1.12,2.10
2015.05.28 08:09:03.840,1.30745,1.30765,1.00,1.50
2015.05.28 08:09:03.891,1.30745,1.30767,1.00,1.50
2015.05.28 08:09:05.573,1.30742,1.30759,1.37,2.85
2015.05.28 08:09:06.157,1.30742,1.30764,1.37,1.00
2015.05.28 08:09:06.309,1.30748,1.30764,1.00,1.00
2015.05.28 08:09:06.360,1.30748,1.30769,1.50,1.50
2015.05.28 08:09:06.462,1.30751,1.30769,1.00,1.00
2015.05.28 08:09:06.513,1.30751,1.30773,1.50,1.00
2015.05.28 08:09:07.018,1.30749,1.30771,1.00,1.00
2015.05.28 08:09:07.069,1.30749,1.30773,1.00,3.00
2015.05.28 08:09:07.576,1.30749,1.30771,1.12,2.10
2015.05.28 08:09:09.788,1.3075,1.30771,1.00,2.10
2015.05.28 08:09:11.099,1.30749,1.30771,1.87,2.10
2015.05.28 08:09:17.331,1.30751,1.30771,1.00,2.10
2015.05.28 08:09:17.383,1.30751,1.30772,1.12,1.00
2015.05.28 08:09:17.435,1.30753,1.30772,1.00,1.00
2015.05.28 08:09:17.998,1.30762,1.30777,1.00,1.00
2015.05.28 08:09:18.050,1.30762,1.30782,1.00,1.00
2015.05.28 08:09:18.101,1.3076,1.30782,1.00,1.00
2015.05.28 08:09:18.631,1.30761,1.30783,1.00,1.50
2015.05.28 08:09:18.885,1.30758,1.30783,2.62,2.25
2015.05.28 08:09:19.335,1.30758,1.30778,1.50,2.10
2015.05.28 08:09:19.887,1.30758,1.30783,3.00,2.25
2015.05.28 08:09:19.938,1.3076,1.30783,1.00,1.50
2015.05.28 08:09:20.243,1.30762,1.30783,1.00,1.00
2015.05.28 08:09:20.749,1.30763,1.30783,1.00,1.00
2015.05.28 08:09:21.004,1.30763,1.30785,1.00,1.00
2015.05.28 08:09:21.355,1.30761,1.30785,1.50,1.00
2015.05.28 08:09:23.245,1.30761,1.30786,2.62,2.25
2015.05.28 08:09:25.066,1.30762,1.30785,1.37,1.00
2015.05.28 08:09:25.704,1.30762,1.30783,1.37,1.00
2015.05.28 08:09:26.316,1.3076,1.30778,1.37,1.00
2015.05.28 08:09:26.725,1.30759,1.3078,2.62,1.00
2015.05.28 08:09:27.816,1.3076,1.30782,1.37,1.00
2015.05.28 08:09:27.919,1.30762,1.30784,1.37,1.00
2015.05.28 08:09:27.970,1.30764,1.30788,1.37,1.50
2015.05.28 08:09:28.285,1.30769,1.30791,1.37,1.00
2015.05.28 08:09:29.810,1.3077,1.30793,1.37,1.50
2015.05.28 08:09:30.180,1.30772,1.30793,1.37,1.00
2015.05.28 08:09:30.333,1.30773,1.30795,1.37,1.50
2015.05.28 08:09:30.920,1.30775,1.308,1.50,1.50
2015.05.28 08:09:31.438,1.30775,1.30799,1.37,1.00
2015.05.28 08:09:31.591,1.30773,1.30794,1.37,1.00
2015.05.28 08:09:31.643,1.30773,1.3079,1.37,1.00
2015.05.28 08:09:31.694,1.30769,1.3079,2.62,1.00
2015.05.28 08:09:32.244,1.30768,1.30791,1.37,2.25
2015.05.28 08:09:32.651,1.3077,1.30793,1.37,1.00
2015.05.28 08:09:32.702,1.3077,1.30794,1.37,1.50
2015.05.28 08:09:33.948,1.30779,1.30798,1.12,1.00
2015.05.28 08:09:34.002,1.30779,1.30801,1.12,1.00
2015.05.28 08:09:34.207,1.30778,1.30799,1.50,1.00
2015.05.28 08:09:34.515,1.30766,1.3078,1.00,1.00
2015.05.28 08:09:34.618,1.30767,1.30787,1.00,1.00
2015.05.28 08:09:34.669,1.30764,1.30787,1.00,1.00
2015.05.28 08:09:34.720,1.30764,1.30783,1.00,1.00
2015.05.28 08:09:35.118,1.30764,1.30777,1.00,1.00
2015.05.28 08:09:35.295,1.30763,1.30782,1.00,1.00
2015.05.28 08:09:35.397,1.30763,1.30778,1.00,1.00
2015.05.28 08:09:35.449,1.30761,1.30778,1.87,1.00
2015.05.28 08:09:35.857,1.30761,1.30776,1.12,1.00
2015.05.28 08:09:36.570,1.30761,1.30774,1.12,1.00
2015.05.28 08:09:36.622,1.30761,1.30776,1.12,1.00
2015.05.28 08:09:37.159,1.30761,1.30779,1.87,1.00
2015.05.28 08:09:38.069,1.30761,1.3078,1.87,1.00
2015.05.28 08:09:38.121,1.30761,1.30771,1.87,1.00
2015.05.28 08:09:38.528,1.30755,1.30772,1.37,1.00
2015.05.28 08:09:39.049,1.30755,1.30773,1.37,1.00
2015.05.28 08:09:40.040,1.30755,1.30773,1.50,1.00
2015.05.28 08:09:40.142,1.30755,1.30776,1.37,1.00
2015.05.28 08:09:40.402,1.30755,1.30774,1.37,1.00
2015.05.28 08:09:40.453,1.30755,1.30776,1.37,1.00
2015.05.28 08:09:41.143,1.30755,1.30774,1.37,1.00
2015.05.28 08:09:41.195,1.30755,1.30772,1.37,1.00
2015.05.28 08:09:41.679,1.30755,1.30777,1.37,1.50
2015.05.28 08:09:42.036,1.30755,1.30777,1.37,1.50
2015.05.28 08:09:42.501,1.30755,1.3077,1.37,1.00
2015.05.28 08:09:43.335,1.30755,1.3077,1.37,1.00
2015.05.28 08:09:43.998,1.30755,1.30769,1.37,1.00
2015.05.28 08:09:45.045,1.30755,1.3077,1.37,1.00
2015.05.28 08:09:45.401,1.30753,1.30774,1.37,1.00
2015.05.28 08:09:46.365,1.30754,1.30774,1.50,1.00
2015.05.28 08:09:46.955,1.30754,1.30773,1.50,1.00
2015.05.28 08:09:47.058,1.30754,1.30777,1.50,1.50
2015.05.28 08:09:48.725,1.30754,1.30777,1.50,1.50
2015.05.28 08:09:51.026,1.30754,1.30776,1.37,1.00
2015.05.28 08:09:51.725,1.30754,1.30776,1.37,1.00
2015.05.28 08:09:52.675,1.30752,1.30777,3.37,2.25
2015.05.28 08:09:53.229,1.30756,1.30778,1.37,1.00
2015.05.28 08:09:53.739,1.30756,1.30779,1.37,1.00
2015.05.28 08:09:55.653,1.30762,1.3078,1.87,1.00
2015.05.28 08:09:55.705,1.30762,1.3078,1.87,1.00
2015.05.28 08:09:55.909,1.30764,1.30785,1.37,1.00
2015.05.28 08:09:56.720,1.30764,1.30785,1.37,1.00
2015.05.28 08:09:57.267,1.30764,1.30785,1.37,1.00
2015.05.28 08:09:57.571,1.30757,1.30779,1.37,1.00
2015.05.28 08:09:57.673,1.30757,1.30778,1.37,1.00
2015.05.28 08:09:58.753,1.30769,1.30781,1.87,1.00
2015.05.28 08:09:58.805,1.30769,1.30789,1.87,1.00
2015.05.28 08:09:58.907,1.30772,1.30789,1.00,1.00
2015.05.28 08:09:59.866,1.30772,1.30787,1.12,1.00
2015.05.28 08:09:59.969,1.30772,1.3079,1.37,1.00
2015.05.28 08:10:01.718,1.30772,1.3079,1.37,1.00
2015.05.28 08:10:01.922,1.30772,1.30792,1.37,1.00
2015.05.28 08:10:02.704,1.30773,1.30792,1.37,1.00
2015.05.28 08:10:03.163,1.30772,1.30792,1.87,1.00
2015.05.28 08:10:03.367,1.30771,1.30791,1.87,1.00
2015.05.28 08:10:03.982,1.30779,1.30791,1.50,1.00
2015.05.28 08:10:04.034,1.30779,1.308,1.87,1.00
2015.05.28 08:10:04.238,1.30778,1.30799,1.12,1.35
2015.05.28 08:10:04.340,1.3078,1.30798,1.00,1.00
2015.05.28 08:10:04.646,1.30781,1.30797,1.00,2.10
2015.05.28 08:10:05.191,1.30781,1.30797,1.00,2.85
2015.05.28 08:10:05.293,1.30777,1.30797,1.50,2.85
2015.05.28 08:10:06.484,1.30776,1.30795,1.00,1.00
2015.05.28 08:10:06.997,1.30777,1.30795,1.00,1.00
2015.05.28 08:10:08.310,1.30777,1.30794,1.00,1.00
2015.05.28 08:10:09.004,1.30773,1.30793,1.00,2.10
2015.05.28 08:10:09.510,1.30777,1.30793,1.00,2.85
2015.05.28 08:10:09.561,1.30772,1.30793,1.37,2.85
2015.05.28 08:10:09.663,1.30777,1.30793,1.00,2.85
2015.05.28 08:10:09.917,1.30771,1.30793,1.87,2.85
2015.05.28 08:10:09.968,1.30771,1.30793,1.50,2.85
2015.05.28 08:10:10.020,1.30777,1.30793,1.00,2.85
2015.05.28 08:10:11.490,1.30772,1.30793,1.37,2.85
2015.05.28 08:10:14.282,1.30771,1.30793,1.12,2.85
2015.05.28 08:10:15.494,1.30771,1.30793,1.37,2.85
2015.05.28 08:10:15.843,1.30777,1.30794,1.12,1.00
2015.05.28 08:10:15.894,1.30777,1.30796,1.12,2.10
2015.05.28 08:10:16.469,1.30772,1.30794,3.37,2.10
2015.05.28 08:10:16.571,1.30772,1.30792,1.37,1.35
2015.05.28 08:10:17.037,1.30771,1.30791,1.00,1.00
2015.05.28 08:10:17.567,1.30767,1.3079,1.72,1.00
2015.05.28 08:10:18.010,1.30766,1.30788,1.97,1.00
2015.05.28 08:10:18.977,1.30766,1.30788,1.97,1.00
2015.05.28 08:10:21.484,1.30766,1.30787,1.97,1.00
2015.05.28 08:10:21.535,1.30766,1.30786,1.37,1.00
2015.05.28 08:10:21.637,1.30766,1.30786,1.37,1.00
2015.05.28 08:10:21.688,1.30764,1.30784,1.37,1.00
2015.05.28 08:10:22.356,1.30762,1.30782,1.87,1.35
2015.05.28 08:10:22.587,1.30762,1.30785,1.37,1.35
2015.05.28 08:10:28.250,1.30771,1.30787,1.37,1.00
2015.05.28 08:10:28.505,1.30782,1.308,1.00,1.50
2015.05.28 08:10:28.974,1.30778,1.308,1.12,1.00
2015.05.28 08:10:29.502,1.30778,1.308,1.87,1.00
2015.05.28 08:10:29.805,1.30781,1.308,1.00,1.00
2015.05.28 08:10:30.347,1.30782,1.30807,1.50,2.25
2015.05.28 08:10:30.881,1.30782,1.30806,1.00,1.00
2015.05.28 08:10:31.745,1.30796,1.30807,1.00,1.00
2015.05.28 08:10:31.796,1.30796,1.30813,1.00,1.00
2015.05.28 08:10:31.847,1.30791,1.30813,1.00,1.00
2015.05.28 08:10:32.918,1.30791,1.30812,1.00,1.00
2015.05.28 08:10:32.969,1.30789,1.30809,1.00,1.50
2015.05.28 08:10:33.298,1.30789,1.30806,1.00,1.00
2015.05.28 08:10:33.502,1.30787,1.30806,1.50,1.00
2015.05.28 08:10:34.160,1.30787,1.30807,1.00,1.00
2015.05.28 08:10:34.785,1.30787,1.30808,1.00,1.00
2015.05.28 08:10:36.135,1.30799,1.30811,1.00,1.00
2015.05.28 08:10:36.186,1.30797,1.30818,1.00,1.60
2015.05.28 08:10:36.288,1.30801,1.30815,1.00,1.00
2015.05.28 08:10:36.516,1.30801,1.30818,1.00,1.00
2015.05.28 08:10:37.020,1.30804,1.3082,1.87,1.00
2015.05.28 08:10:37.072,1.30806,1.30828,1.12,1.00
2015.05.28 08:10:37.174,1.30804,1.30826,1.37,1.00
2015.05.28 08:10:37.379,1.30801,1.30825,1.37,1.00
2015.05.28 08:10:37.533,1.30802,1.30823,1.37,1.00
2015.05.28 08:10:38.067,1.30805,1.30825,1.00,1.00
2015.05.28 08:10:38.584,1.30805,1.30825,1.37,1.00
2015.05.28 08:10:38.750,1.30806,1.30827,1.12,1.00
2015.05.28 08:10:39.226,1.30808,1.30827,1.37,1.00
2015.05.28 08:10:39.545,1.30808,1.30827,1.37,1.00
2015.05.28 08:10:40.058,1.30808,1.30827,1.37,1.00
2015.05.28 08:10:40.559,1.30806,1.30827,1.37,1.00
2015.05.28 08:10:41.967,1.30805,1.30827,1.12,1.50
2015.05.28 08:10:42.593,1.30806,1.30827,1.00,1.00
2015.05.28 08:10:43.257,1.30806,1.30829,1.37,2.25
2015.05.28 08:10:44.926,1.30811,1.30829,1.37,1.00
2015.05.28 08:10:44.979,1.30809,1.30831,1.87,1.00
2015.05.28 08:10:45.437,1.30811,1.30831,1.00,1.00
2015.05.28 08:10:45.539,1.30806,1.3083,2.62,2.85
2015.05.28 08:10:46.100,1.30809,1.3083,1.00,2.85
2015.05.28 08:10:46.151,1.30807,1.3083,1.87,2.85
2015.05.28 08:10:46.684,1.30807,1.3083,1.87,2.10
2015.05.28 08:10:47.575,1.30807,1.30827,1.87,1.00
2015.05.28 08:10:47.686,1.30807,1.3083,1.87,3.60
2015.05.28 08:10:47.738,1.30808,1.3083,2.47,1.00
2015.05.28 08:10:48.042,1.30812,1.30831,1.87,1.00
2015.05.28 08:10:54.082,1.30813,1.30831,1.37,1.35
2015.05.28 08:10:54.185,1.30811,1.3083,1.12,1.00
2015.05.28 08:10:54.440,1.30811,1.30828,1.00,1.00
2015.05.28 08:10:55.366,1.30811,1.30822,1.37,1.00
2015.05.28 08:10:55.418,1.30811,1.30831,1.37,2.10
2015.05.28 08:10:56.269,1.30812,1.30831,1.37,1.00
2015.05.28 08:10:56.979,1.30811,1.30833,2.47,1.00
2015.05.28 08:10:57.082,1.30812,1.30835,1.37,1.00
2015.05.28 08:10:57.540,1.30812,1.30835,1.37,4.35
2015.05.28 08:10:57.591,1.30812,1.3083,1.37,1.00
2015.05.28 08:10:57.643,1.3081,1.30828,1.37,1.00
2015.05.28 08:10:58.233,1.30801,1.30814,1.37,1.00
2015.05.28 08:10:58.284,1.30792,1.3081,1.87,1.00
2015.05.28 08:10:58.386,1.30792,1.30812,1.87,1.00
2015.05.28 08:10:58.488,1.30792,1.30809,1.87,1.00
2015.05.28 08:10:58.692,1.30792,1.30812,1.87,1.00
2015.05.28 08:10:59.048,1.30795,1.30813,1.00,1.00
2015.05.28 08:10:59.528,1.30795,1.30815,1.37,1.00
2015.05.28 08:11:00.161,1.30797,1.30817,1.37,1.00
2015.05.28 08:11:01.517,1.30795,1.30808,1.00,1.00
2015.05.28 08:11:02.205,1.30795,1.3081,1.00,1.00
2015.05.28 08:11:02.884,1.30795,1.30813,1.00,1.00
2015.05.28 08:11:02.987,1.30795,1.30808,1.00,1.00
2015.05.28 08:11:03.090,1.30795,1.30812,1.00,1.00
2015.05.28 08:11:03.243,1.30791,1.30811,1.12,1.00
2015.05.28 08:11:03.447,1.30795,1.30815,1.00,1.50
2015.05.28 08:11:03.602,1.30798,1.30819,1.00,1.00
2015.05.28 08:11:04.076,1.30799,1.30821,1.50,1.00
2015.05.28 08:11:04.891,1.30797,1.30821,1.87,1.00
2015.05.28 08:11:07.523,1.30797,1.3082,1.00,1.00
2015.05.28 08:11:08.725,1.30798,1.30821,1.00,1.00
2015.05.28 08:11:09.515,1.30797,1.30821,1.00,1.00
2015.05.28 08:11:10.663,1.30797,1.3082,1.00,1.00
2015.05.28 08:11:10.817,1.30796,1.30818,1.50,1.00
2015.05.28 08:11:11.274,1.30796,1.30816,1.00,1.00
2015.05.28 08:11:11.787,1.30795,1.30816,1.00,1.00
2015.05.28 08:11:12.359,1.30795,1.30817,1.00,1.00
2015.05.28 08:11:13.629,1.30802,1.30819,1.00,1.00
2015.05.28 08:11:13.731,1.30797,1.3082,1.37,1.00
2015.05.28 08:11:14.240,1.30796,1.30817,1.37,1.00
2015.05.28 08:11:14.878,1.30796,1.30817,1.12,1.00
2015.05.28 08:11:15.033,1.30794,1.30816,1.00,2.62
2015.05.28 08:11:15.084,1.30794,1.30813,1.00,1.00
2015.05.28 08:11:15.136,1.30791,1.30813,1.00,2.25
2015.05.28 08:11:15.238,1.30789,1.30812,1.00,1.00
2015.05.28 08:11:16.186,1.30795,1.30816,1.00,1.00
2015.05.28 08:11:16.240,1.30793,1.30816,1.00,1.00
2015.05.28 08:11:17.738,1.30795,1.30816,1.00,1.00
2015.05.28 08:11:17.991,1.30792,1.30815,1.00,1.12
2015.05.28 08:11:18.535,1.30792,1.30816,1.00,1.50
2015.05.28 08:11:19.294,1.30794,1.30815,1.00,1.00
2015.05.28 08:11:19.799,1.30793,1.30816,1.00,1.50
2015.05.28 08:11:20.324,1.30792,1.30814,1.00,1.00
2015.05.28 08:11:20.832,1.30794,1.30817,1.00,1.00
2015.05.28 08:11:21.192,1.30796,1.30817,1.00,1.00
2015.05.28 08:11:21.701,1.30797,1.30817,1.00,1.00
2015.05.28 08:11:22.349,1.30799,1.30818,1.00,1.00
2015.05.28 08:11:22.915,1.308,1.30818,1.00,1.00
2015.05.28 08:11:24.101,1.30798,1.30818,1.00,1.00
2015.05.28 08:11:24.365,1.30795,1.30818,1.87,1.00
2015.05.28 08:11:24.469,1.30793,1.30811,1.37,1.00
2015.05.28 08:11:24.571,1.30792,1.30811,1.00,1.00
2015.05.28 08:11:24.774,1.30792,1.30814,1.00,1.00
2015.05.28 08:11:26.197,1.30791,1.3081,1.00,1.00
2015.05.28 08:11:26.252,1.30788,1.3081,1.00,1.00
2015.05.28 08:11:26.456,1.30787,1.30808,1.00,1.00
2015.05.28 08:11:26.659,1.30787,1.30811,1.00,3.00
2015.05.28 08:11:26.988,1.30786,1.30807,1.00,1.00
2015.05.28 08:11:27.492,1.3079,1.30811,1.00,1.00
2015.05.28 08:11:28.934,1.30791,1.30811,1.00,1.50
2015.05.28 08:11:29.561,1.3079,1.30811,1.00,1.50
2015.05.28 08:11:30.471,1.30791,1.30811,1.00,1.00
2015.05.28 08:11:31.291,1.30789,1.30811,1.00,1.00
2015.05.28 08:11:32.712,1.3079,1.30811,1.00,1.00
2015.05.28 08:11:34.092,1.3079,1.30808,1.00,1.35
2015.05.28 08:11:34.143,1.30786,1.30808,1.00,1.35
2015.05.28 08:11:34.347,1.30787,1.30805,1.50,1.00
2015.05.28 08:11:34.448,1.30784,1.30805,1.87,1.00
2015.05.28 08:11:34.499,1.30788,1.30805,1.00,1.00
2015.05.28 08:11:34.550,1.30788,1.30807,1.00,1.00
2015.05.28 08:11:34.703,1.30785,1.30807,1.00,1.00
2015.05.28 08:11:35.374,1.30786,1.30806,1.00,1.00
2015.05.28 08:11:35.426,1.30786,1.30809,1.00,1.00
2015.05.28 08:11:35.950,1.30785,1.3081,1.12,1.00
2015.05.28 08:11:36.136,1.30785,1.30801,1.12,2.10
2015.05.28 08:11:36.289,1.30785,1.30805,1.00,2.85
2015.05.28 08:11:36.391,1.30782,1.30805,1.37,2.25
2015.05.28 08:11:36.848,1.30783,1.30805,1.87,1.00
2015.05.28 08:11:37.153,1.30777,1.30795,1.37,1.00
2015.05.28 08:11:37.204,1.30777,1.30797,1.37,1.00
2015.05.28 08:11:37.559,1.30777,1.30802,1.37,3.00
2015.05.28 08:11:37.661,1.30777,1.30802,1.37,3.00
2015.05.28 08:11:39.005,1.30778,1.30801,1.87,1.00
2015.05.28 08:11:39.210,1.30788,1.3081,1.00,1.50
2015.05.28 08:11:39.312,1.30791,1.30811,1.00,1.50
2015.05.28 08:11:39.953,1.30794,1.30811,1.00,1.50
2015.05.28 08:11:40.005,1.30788,1.30811,1.00,1.50
2015.05.28 08:11:43.715,1.30787,1.30811,1.00,1.50
2015.05.28 08:11:45.713,1.30789,1.30811,1.00,1.50
2015.05.28 08:11:49.029,1.3079,1.30811,1.00,1.50
2015.05.28 08:11:50.169,1.30786,1.30811,2.25,3.00
2015.05.28 08:11:50.435,1.30789,1.30811,1.00,1.87
2015.05.28 08:11:51.879,1.30788,1.3081,1.00,1.00
2015.05.28 08:11:52.426,1.30789,1.3081,1.00,1.00
2015.05.28 08:11:52.636,1.30792,1.30815,1.00,1.50
2015.05.28 08:11:53.169,1.30797,1.30815,1.00,1.00
2015.05.28 08:11:53.345,1.30797,1.30821,1.00,1.00
2015.05.28 08:11:53.499,1.30799,1.30821,1.00,1.00
2015.05.28 08:11:54.007,1.30798,1.30821,1.00,1.00
2015.05.28 08:11:56.255,1.30796,1.30821,1.00,1.50
2015.05.28 08:11:56.613,1.30794,1.30819,1.00,1.00
2015.05.28 08:11:57.129,1.30794,1.30818,1.50,1.00
2015.05.28 08:11:57.812,1.30798,1.30822,1.00,1.50
2015.05.28 08:11:58.117,1.308,1.30822,1.00,2.10
2015.05.28 08:11:58.458,1.30792,1.30812,1.87,2.10
2015.05.28 08:11:59.147,1.30794,1.30812,1.00,2.10
2015.05.28 08:11:59.570,1.30791,1.30813,1.50,1.50
2015.05.28 08:12:00.107,1.30792,1.30814,1.00,2.10
2015.05.28 08:12:00.654,1.30794,1.30814,1.00,2.10
2015.05.28 08:12:02.964,1.30792,1.30814,1.50,2.10
2015.05.28 08:12:03.066,1.30787,1.30809,1.00,1.00
2015.05.28 08:12:03.169,1.30786,1.30806,1.00,1.00
2015.05.28 08:12:03.220,1.30784,1.30805,1.12,1.00
2015.05.28 08:12:03.322,1.30784,1.30801,1.00,2.10
2015.05.28 08:12:03.424,1.30782,1.30803,1.00,1.35
2015.05.28 08:12:04.399,1.30782,1.30802,1.00,2.10
2015.05.28 08:12:04.555,1.30782,1.30806,1.00,2.85
2015.05.28 08:12:04.658,1.30783,1.30806,2.47,1.00
2015.05.28 08:12:04.964,1.30786,1.30807,1.37,1.50
2015.05.28 08:12:05.566,1.30784,1.30806,1.50,1.35
2015.05.28 08:12:06.660,1.30782,1.30805,1.00,1.00
2015.05.28 08:12:06.720,1.30787,1.30803,1.12,1.00
2015.05.28 08:12:06.823,1.30789,1.30807,1.00,1.50
2015.05.28 08:12:06.926,1.30791,1.30807,1.00,1.50
2015.05.28 08:12:07.283,1.30791,1.30804,1.37,1.00
2015.05.28 08:12:07.387,1.30791,1.30806,1.37,1.00
2015.05.28 08:12:07.945,1.30791,1.30806,1.37,1.00
2015.05.28 08:12:08.467,1.30791,1.30806,1.37,1.00
2015.05.28 08:12:08.586,1.30791,1.30804,1.37,1.00
2015.05.28 08:12:09.319,1.30791,1.30807,1.37,2.25
2015.05.28 08:12:09.821,1.30791,1.30808,1.37,1.00
2015.05.28 08:12:10.834,1.30793,1.30808,1.00,1.00
2015.05.28 08:12:10.987,1.30785,1.30805,1.37,1.00
2015.05.28 08:12:11.309,1.30786,1.30802,1.37,1.00
2015.05.28 08:12:11.574,1.30784,1.30804,1.97,1.00
2015.05.28 08:12:11.778,1.30787,1.30807,1.37,1.50
2015.05.28 08:12:12.284,1.30788,1.30806,1.12,1.00
2015.05.28 08:12:12.882,1.30788,1.30807,1.12,2.25
2015.05.28 08:12:15.146,1.30786,1.30805,1.37,1.00
2015.05.28 08:12:15.585,1.30782,1.30802,1.37,2.10
2015.05.28 08:12:15.637,1.30779,1.30803,1.37,3.75
2015.05.28 08:12:16.148,1.30779,1.30803,1.37,2.25
2015.05.28 08:12:16.571,1.30779,1.30801,1.37,1.00
2015.05.28 08:12:17.563,1.3077,1.30794,1.87,1.00
2015.05.28 08:12:17.666,1.30773,1.30798,1.72,2.10
2015.05.28 08:12:17.971,1.30778,1.308,1.37,2.85
2015.05.28 08:12:18.680,1.30777,1.30802,3.37,1.50
2015.05.28 08:12:20.014,1.3078,1.308,1.37,2.85
2015.05.28 08:12:20.534,1.30776,1.30799,1.37,1.60
2015.05.28 08:12:21.998,1.30779,1.308,1.37,2.10
2015.05.28 08:12:22.050,1.30779,1.30801,1.37,1.00
2015.05.28 08:12:22.101,1.3078,1.30803,1.37,1.50
2015.05.28 08:12:22.457,1.30782,1.30805,1.37,1.50
2015.05.28 08:12:23.004,1.30782,1.30805,1.87,1.00
2015.05.28 08:12:23.513,1.30781,1.30805,1.37,1.50
2015.05.28 08:12:24.021,1.30781,1.30805,1.37,1.50
2015.05.28 08:12:24.482,1.30796,1.30805,1.00,1.00
2015.05.28 08:12:24.818,1.308,1.30805,1.00,1.00
2015.05.28 08:12:24.920,1.308,1.30815,1.00,1.00
2015.05.28 08:12:25.083,1.30798,1.30815,1.00,1.00
2015.05.28 08:12:25.963,1.30797,1.30815,1.00,1.00
2015.05.28 08:12:26.504,1.30797,1.30816,1.00,1.00
2015.05.28 08:12:26.708,1.30796,1.30813,1.00,1.00
2015.05.28 08:12:27.413,1.30797,1.30813,1.00,1.00
2015.05.28 08:12:28.262,1.30796,1.30813,1.00,1.00
2015.05.28 08:12:28.467,1.30793,1.30813,1.00,1.00
2015.05.28 08:12:29.507,1.30793,1.30804,1.00,1.00
2015.05.28 08:12:29.559,1.30781,1.30804,1.37,1.00
2015.05.28 08:12:30.070,1.30782,1.30805,1.37,1.50
2015.05.28 08:12:34.040,1.30783,1.30805,1.37,1.00
2015.05.28 08:12:37.372,1.30778,1.30799,1.87,1.00
2015.05.28 08:12:37.756,1.3078,1.30801,1.37,1.00
2015.05.28 08:12:38.264,1.30785,1.30804,1.00,1.00
2015.05.28 08:12:38.797,1.30786,1.30804,1.87,1.00
2015.05.28 08:12:39.102,1.30787,1.30808,1.37,1.50
2015.05.28 08:12:39.153,1.30788,1.30808,1.00,1.50
2015.05.28 08:12:39.357,1.30787,1.30808,1.37,1.00
2015.05.28 08:12:40.453,1.30783,1.30808,1.87,1.50
2015.05.28 08:12:40.555,1.30781,1.30806,1.12,1.00
2015.05.28 08:12:40.606,1.30781,1.30804,1.12,1.00
2015.05.28 08:12:41.117,1.30782,1.30804,1.00,1.00
2015.05.28 08:12:43.345,1.30782,1.30802,1.00,1.00
2015.05.28 08:12:44.885,1.30782,1.30801,1.00,1.00
2015.05.28 08:12:48.838,1.30782,1.30802,1.00,1.00
2015.05.28 08:12:48.941,1.30782,1.30805,1.00,1.00
2015.05.28 08:12:49.246,1.30782,1.30806,1.37,1.00
2015.05.28 08:12:50.267,1.30778,1.30801,1.00,1.50
2015.05.28 08:12:50.789,1.30778,1.30801,1.37,1.50
2015.05.28 08:12:53.193,1.30778,1.30801,1.00,1.50
2015.05.28 08:12:54.318,1.30779,1.30799,1.00,1.00
2015.05.28 08:12:54.471,1.30775,1.30798,1.37,1.00
2015.05.28 08:12:54.522,1.30775,1.30798,1.37,1.00
2015.05.28 08:12:56.439,1.30781,1.30801,1.37,1.00
2015.05.28 08:12:57.027,1.30784,1.30801,1.00,1.00
2015.05.28 08:12:57.079,1.30785,1.30807,1.00,1.50
2015.05.28 08:12:57.607,1.30785,1.30806,1.00,1.00
2015.05.28 08:12:57.879,1.30783,1.30806,1.00,2.25
2015.05.28 08:12:58.362,1.30782,1.30803,1.00,1.50
2015.05.28 08:13:01.943,1.3078,1.30803,1.00,1.00
2015.05.28 08:13:02.650,1.3078,1.308,1.00,1.00
2015.05.28 08:13:03.253,1.30777,1.30799,2.62,1.00
2015.05.28 08:13:05.935,1.30779,1.30796,1.12,1.00
2015.05.28 08:13:06.241,1.30782,1.30797,1.00,1.00
2015.05.28 08:13:06.752,1.30781,1.30797,1.50,1.00
2015.05.28 08:13:08.249,1.3078,1.30797,1.00,1.00
2015.05.28 08:13:08.352,1.30782,1.308,1.00,1.00
2015.05.28 08:13:08.506,1.30782,1.308,1.37,1.00
2015.05.28 08:13:08.710,1.30782,1.30799,1.37,1.00
2015.05.28 08:13:09.282,1.30782,1.30797,1.00,1.00
2015.05.28 08:13:09.334,1.3078,1.30797,1.00,1.00
2015.05.28 08:13:09.436,1.3078,1.30795,1.00,1.00
2015.05.28 08:13:09.956,1.30778,1.30795,1.37,1.00
2015.05.28 08:13:11.357,1.30779,1.30795,1.37,1.00
2015.05.28 08:13:11.409,1.3078,1.308,1.37,1.00
2015.05.28 08:13:12.361,1.30781,1.30798,1.37,1.00
2015.05.28 08:13:14.385,1.30781,1.30797,1.37,1.00
2015.05.28 08:13:14.647,1.30781,1.30799,1.37,1.00
2015.05.28 08:13:15.157,1.30782,1.308,1.12,1.00
2015.05.28 08:13:15.711,1.30782,1.30793,1.12,1.00
2015.05.28 08:13:15.762,1.30778,1.30793,1.00,1.00
2015.05.28 08:13:15.813,1.30777,1.30796,1.00,1.00
2015.05.28 08:13:15.915,1.30774,1.30796,1.00,1.00
2015.05.28 08:13:16.067,1.30773,1.30789,1.00,1.00
2015.05.28 08:13:16.576,1.30772,1.30791,1.87,1.00
2015.05.28 08:13:18.223,1.30772,1.30793,1.12,1.50
2015.05.28 08:13:19.140,1.30773,1.30791,1.00,1.00
2015.05.28 08:13:20.923,1.30773,1.30793,1.00,1.00
2015.05.28 08:13:22.185,1.30773,1.30795,1.00,1.50
2015.05.28 08:13:22.661,1.30775,1.30795,1.00,1.00
2015.05.28 08:13:23.004,1.30775,1.30795,1.37,1.00
2015.05.28 08:13:25.441,1.30778,1.30795,1.37,1.00
2015.05.28 08:13:26.492,1.30778,1.30797,1.37,1.00
2015.05.28 08:13:28.288,1.30778,1.30797,1.37,1.00
2015.05.28 08:13:28.695,1.30778,1.30799,1.37,1.50
2015.05.28 08:13:29.739,1.30778,1.30795,1.37,1.00
2015.05.28 08:13:30.045,1.30776,1.30795,1.37,1.00
2015.05.28 08:13:30.096,1.30776,1.30795,1.37,1.00
2015.05.28 08:13:32.405,1.30773,1.30795,1.37,1.00
2015.05.28 08:13:32.918,1.30776,1.30795,2.62,1.00
2015.05.28 08:13:33.275,1.30776,1.30795,1.87,1.00
2015.05.28 08:13:33.789,1.30776,1.30795,1.50,1.00
2015.05.28 08:13:34.311,1.30774,1.30795,1.37,1.00
2015.05.28 08:13:34.464,1.30773,1.30795,1.12,1.00
2015.05.28 08:13:37.225,1.30773,1.30792,1.37,1.00
2015.05.28 08:13:37.378,1.30773,1.30794,1.37,1.00
2015.05.28 08:13:37.969,1.30773,1.30794,1.12,1.00
2015.05.28 08:13:38.967,1.30771,1.30795,3.00,1.00
2015.05.28 08:13:39.477,1.30771,1.30796,2.25,1.00
2015.05.28 08:13:40.519,1.30773,1.30791,1.00,1.00
2015.05.28 08:13:40.570,1.30773,1.30795,1.00,1.50
2015.05.28 08:13:40.824,1.30773,1.30793,1.50,1.00
2015.05.28 08:13:40.927,1.3077,1.30792,1.12,1.00
2015.05.28 08:13:42.104,1.30769,1.30791,1.37,1.00
2015.05.28 08:13:42.166,1.30772,1.30791,1.00,1.00
2015.05.28 08:13:43.544,1.30769,1.30791,1.12,1.00
2015.05.28 08:13:44.492,1.30772,1.30791,1.00,1.00
2015.05.28 08:13:44.544,1.30772,1.30793,1.00,1.50
2015.05.28 08:13:44.595,1.3077,1.30793,1.00,1.50
2015.05.28 08:13:45.190,1.3077,1.30795,1.50,1.50
2015.05.28 08:13:45.495,1.30773,1.30796,1.00,1.50
2015.05.28 08:13:49.144,1.30773,1.30794,1.50,1.00
2015.05.28 08:13:49.450,1.30773,1.30792,1.00,1.00
2015.05.28 08:13:49.755,1.30773,1.3079,1.00,1.00
2015.05.28 08:13:50.513,1.30773,1.30792,1.00,1.00
2015.05.28 08:13:51.024,1.30773,1.30791,1.00,1.00
2015.05.28 08:13:54.203,1.30773,1.30792,1.00,1.00
2015.05.28 08:14:00.302,1.30771,1.30792,1.00,1.00
2015.05.28 08:14:00.353,1.30768,1.30792,1.00,1.00
2015.05.28 08:14:00.658,1.3077,1.30794,1.00,1.50
2015.05.28 08:14:01.742,1.30769,1.30794,1.00,1.50
2015.05.28 08:14:02.271,1.30768,1.30793,1.00,1.00
2015.05.28 08:14:03.103,1.30769,1.30792,1.00,1.00
2015.05.28 08:14:05.854,1.3077,1.30792,1.00,1.00
2015.05.28 08:14:06.395,1.30769,1.30792,1.00,1.00
2015.05.28 08:14:07.427,1.30769,1.30791,1.00,1.00
2015.05.28 08:14:09.344,1.30777,1.30798,1.37,1.00
2015.05.28 08:14:09.395,1.30777,1.308,1.37,1.00
2015.05.28 08:14:09.700,1.30777,1.30795,1.37,1.00
2015.05.28 08:14:09.803,1.30774,1.30793,1.37,1.00
2015.05.28 08:14:10.408,1.30774,1.30793,1.00,1.00
2015.05.28 08:14:11.251,1.30771,1.30793,1.37,1.00
2015.05.28 08:14:15.430,1.30771,1.30794,1.37,1.00
2015.05.28 08:14:15.938,1.30769,1.30793,1.37,1.00
2015.05.28 08:14:15.989,1.30769,1.30791,1.37,1.00
2015.05.28 08:14:16.040,1.30769,1.30791,1.00,1.50
2015.05.28 08:14:16.092,1.30768,1.30787,1.00,1.00
2015.05.28 08:14:16.194,1.30764,1.30786,1.87,1.00
2015.05.28 08:14:16.821,1.30766,1.30787,1.00,1.00
2015.05.28 08:14:17.333,1.30766,1.30786,1.00,1.00
2015.05.28 08:14:20.486,1.30766,1.30778,1.00,1.42
2015.05.28 08:14:20.593,1.30752,1.30769,1.00,1.00
2015.05.28 08:14:20.695,1.30748,1.30769,1.50,1.00
2015.05.28 08:14:20.797,1.30747,1.30767,1.37,1.00
2015.05.28 08:14:21.102,1.30743,1.3076,1.37,1.00
2015.05.28 08:14:21.153,1.30742,1.30763,1.87,1.00
2015.05.28 08:14:21.558,1.30747,1.30765,1.30,1.00
2015.05.28 08:14:21.612,1.3075,1.30771,1.37,1.00
2015.05.28 08:14:21.665,1.3075,1.30772,1.87,1.50
2015.05.28 08:14:21.767,1.3075,1.30772,1.87,1.50
2015.05.28 08:14:21.870,1.3075,1.30772,1.87,1.50
2015.05.28 08:14:22.334,1.3075,1.30774,1.72,1.50
2015.05.28 08:14:22.437,1.3075,1.30774,1.37,1.50
2015.05.28 08:14:22.952,1.30751,1.30774,1.37,1.00
2015.05.28 08:14:23.454,1.30752,1.30775,1.37,1.00
2015.05.28 08:14:24.345,1.30751,1.30775,1.87,1.50
2015.05.28 08:14:25.213,1.30751,1.30774,1.87,1.00
2015.05.28 08:14:25.899,1.30752,1.30774,1.00,1.00
2015.05.28 08:14:26.104,1.30754,1.30775,1.00,1.00
2015.05.28 08:14:26.412,1.30756,1.3078,1.37,1.00
2015.05.28 08:14:26.515,1.30756,1.30779,1.12,1.00
2015.05.28 08:14:26.823,1.30759,1.30781,1.37,1.00
2015.05.28 08:14:27.413,1.30758,1.30781,1.37,1.00
2015.05.28 08:14:27.920,1.30755,1.30782,1.87,1.50
2015.05.28 08:14:30.441,1.30755,1.30779,1.37,1.00
2015.05.28 08:14:30.493,1.30755,1.30779,1.37,1.00
2015.05.28 08:14:30.545,1.30755,1.30777,1.37,1.00
2015.05.28 08:14:31.092,1.30755,1.30776,1.37,1.00
2015.05.28 08:14:32.409,1.30751,1.30776,1.37,1.00
2015.05.28 08:14:34.979,1.30751,1.30777,3.37,1.00
2015.05.28 08:14:35.435,1.30754,1.30779,1.37,1.50
2015.05.28 08:14:35.487,1.30753,1.30776,1.37,1.00
2015.05.28 08:14:35.640,1.30751,1.30772,1.12,1.00
2015.05.28 08:14:35.742,1.30745,1.30772,2.62,2.25
2015.05.28 08:14:35.894,1.30745,1.30769,1.87,2.10
2015.05.28 08:14:36.690,1.30749,1.30772,1.12,1.00
2015.05.28 08:14:36.741,1.30751,1.30772,1.00,1.00
2015.05.28 08:14:37.046,1.30752,1.30775,1.00,1.00
2015.05.28 08:14:40.547,1.30752,1.30776,1.12,1.00
2015.05.28 08:14:44.518,1.30752,1.30773,1.00,1.00
2015.05.28 08:14:44.824,1.30752,1.3077,1.00,1.37
2015.05.28 08:14:44.875,1.30749,1.30771,1.00,1.37
2015.05.28 08:14:44.927,1.30747,1.30771,1.00,1.37
2015.05.28 08:14:45.956,1.30747,1.30771,1.12,1.00
2015.05.28 08:14:46.610,1.30747,1.3077,1.12,1.00
2015.05.28 08:14:47.384,1.30747,1.30767,1.00,1.00
2015.05.28 08:14:47.689,1.30747,1.30767,1.87,1.00
2015.05.28 08:14:48.241,1.30747,1.3077,1.87,1.00
2015.05.28 08:14:49.047,1.30747,1.30767,1.37,1.00
2015.05.28 08:14:49.149,1.30745,1.30767,1.12,1.00
2015.05.28 08:14:49.252,1.30745,1.30765,1.12,1.00
2015.05.28 08:14:49.609,1.30742,1.30763,1.37,1.00
2015.05.28 08:14:49.711,1.30742,1.30765,1.37,1.00
2015.05.28 08:14:49.815,1.3074,1.30759,1.87,1.00
2015.05.28 08:14:50.276,1.30736,1.30761,2.62,1.00
2015.05.28 08:14:50.702,1.30736,1.30761,1.87,1.00
2015.05.28 08:14:52.463,1.3074,1.30761,1.87,1.00
2015.05.28 08:14:52.514,1.3074,1.30764,1.87,1.00
2015.05.28 08:14:52.566,1.30743,1.30764,1.37,1.00
2015.05.28 08:14:52.721,1.30743,1.30766,1.37,1.00
2015.05.28 08:14:53.662,1.30743,1.30766,1.37,1.00
2015.05.28 08:14:56.630,1.30742,1.30766,1.12,1.00
2015.05.28 08:14:59.270,1.30741,1.30766,1.37,1.50
2015.05.28 08:15:00.042,1.30741,1.30766,1.75,1.00
2015.05.28 08:15:00.347,1.30741,1.30764,1.37,1.00
2015.05.28 08:15:00.399,1.30741,1.30764,1.37,1.00
2015.05.28 08:15:00.451,1.30741,1.3076,1.37,1.00
2015.05.28 08:15:00.944,1.30737,1.3076,2.47,1.00
2015.05.28 08:15:01.056,1.30738,1.3076,2.47,1.00
2015.05.28 08:15:01.226,1.30738,1.30763,3.22,1.00
2015.05.28 08:15:01.277,1.30738,1.30763,3.22,1.00
2015.05.28 08:15:02.109,1.30741,1.30766,1.87,1.35
2015.05.28 08:15:02.677,1.30741,1.30766,1.37,1.35
2015.05.28 08:15:03.334,1.30746,1.30767,1.37,1.00
2015.05.28 08:15:06.853,1.30746,1.3077,1.87,1.35
2015.05.28 08:15:10.301,1.30748,1.3077,1.87,1.35
2015.05.28 08:15:10.352,1.30752,1.30774,1.67,1.00
2015.05.28 08:15:10.454,1.30751,1.30776,3.22,1.00
2015.05.28 08:15:11.722,1.30751,1.30773,1.97,1.00
2015.05.28 08:15:12.029,1.30744,1.30766,1.50,1.00
2015.05.28 08:15:12.638,1.30738,1.30759,1.67,1.00
2015.05.28 08:15:12.960,1.30735,1.30755,1.75,1.00
2015.05.28 08:15:13.063,1.30734,1.30755,1.00,1.00
2015.05.28 08:15:13.114,1.30734,1.30749,1.00,1.00
2015.05.28 08:15:13.471,1.3073,1.30752,1.75,1.00
2015.05.28 08:15:14.140,1.3073,1.30751,1.37,1.00
2015.05.28 08:15:14.665,1.3073,1.30752,1.37,1.00
2015.05.28 08:15:15.973,1.3073,1.30751,1.37,1.00
2015.05.28 08:15:16.189,1.3073,1.30753,1.37,1.00
2015.05.28 08:15:16.736,1.3073,1.30747,1.37,2.10
2015.05.28 08:15:16.788,1.30729,1.30747,1.37,2.10
2015.05.28 08:15:17.413,1.30728,1.30747,1.00,2.10
2015.05.28 08:15:17.917,1.30728,1.30747,1.37,2.10
2015.05.28 08:15:19.058,1.30728,1.30747,1.37,2.10
2015.05.28 08:15:19.943,1.30728,1.30747,1.37,2.10
2015.05.28 08:15:23.194,1.30727,1.30742,1.37,2.10
2015.05.28 08:15:23.245,1.30725,1.30742,1.12,2.10
2015.05.28 08:15:23.501,1.3072,1.3074,1.72,1.00
2015.05.28 08:15:23.760,1.30724,1.30745,1.00,1.00
2015.05.28 08:15:24.755,1.30727,1.30746,1.37,1.00
2015.05.28 08:15:24.807,1.30727,1.3075,1.37,2.85
2015.05.28 08:15:27.221,1.30732,1.3075,1.00,2.85
2015.05.28 08:15:27.323,1.3073,1.3075,1.12,2.85
2015.05.28 08:15:28.162,1.30726,1.3074,1.75,2.10
2015.05.28 08:15:28.213,1.30726,1.3074,1.37,2.10
2015.05.28 08:15:28.265,1.30726,1.30745,1.00,2.10
2015.05.28 08:15:28.316,1.30725,1.30745,1.37,2.10
2015.05.28 08:15:28.419,1.30725,1.30745,1.37,2.10
2015.05.28 08:15:28.776,1.30723,1.30745,1.37,2.10
2015.05.28 08:15:28.828,1.30723,1.3074,1.37,2.10
2015.05.28 08:15:28.880,1.3072,1.3074,1.37,2.10
2015.05.28 08:15:28.983,1.30717,1.30738,1.37,1.00
2015.05.28 08:15:29.087,1.30716,1.30736,1.87,1.00
2015.05.28 08:15:29.507,1.30716,1.3074,1.87,2.10
2015.05.28 08:15:29.559,1.30716,1.3074,1.37,2.85
2015.05.28 08:15:30.180,1.30716,1.30735,1.37,1.00
2015.05.28 08:15:30.385,1.30715,1.30738,1.87,1.00
2015.05.28 08:15:30.760,1.30722,1.30743,1.37,1.00
2015.05.28 08:15:31.202,1.30728,1.3075,1.12,2.10
2015.05.28 08:15:31.711,1.3073,1.3075,1.00,2.10
2015.05.28 08:15:35.398,1.3073,1.30746,1.00,2.10
2015.05.28 08:15:35.500,1.30728,1.30746,1.50,2.10
2015.05.28 08:15:36.762,1.30725,1.30746,1.37,2.10
2015.05.28 08:15:39.323,1.30727,1.30746,1.00,2.10
2015.05.28 08:15:40.045,1.30725,1.30746,1.87,2.10
2015.05.28 08:15:41.075,1.30725,1.30746,1.50,2.10
2015.05.28 08:15:41.126,1.30725,1.30743,1.50,2.10
2015.05.28 08:15:41.986,1.30724,1.30743,1.87,2.10
2015.05.28 08:15:46.546,1.30725,1.30746,1.37,2.10
2015.05.28 08:16:00.679,1.30724,1.30746,1.37,2.10
2015.05.28 08:16:01.214,1.30724,1.30746,1.37,2.10
2015.05.28 08:16:06.856,1.30723,1.30742,1.37,2.10
2015.05.28 08:16:07.468,1.30722,1.30742,1.37,2.10
2015.05.28 08:16:11.549,1.3072,1.30742,1.37,2.10
2015.05.28 08:16:11.600,1.3072,1.30743,1.37,1.00
2015.05.28 08:16:12.121,1.3072,1.30745,1.37,2.85
2015.05.28 08:16:16.542,1.3072,1.30736,1.50,2.10
2015.05.28 08:16:16.594,1.3072,1.30736,1.87,2.10
2015.05.28 08:16:16.645,1.30721,1.30741,1.00,2.10
2015.05.28 08:16:17.054,1.30718,1.30741,1.37,2.10
2015.05.28 08:16:18.014,1.30718,1.30738,1.37,1.00
2015.05.28 08:16:18.168,1.30715,1.30735,2.25,1.00
2015.05.28 08:16:18.219,1.30715,1.30733,1.37,2.10
2015.05.28 08:16:18.270,1.30714,1.30733,1.00,2.10
2015.05.28 08:16:18.373,1.3071,1.30731,1.87,1.00
2015.05.28 08:16:18.476,1.3071,1.30731,1.87,1.00
2015.05.28 08:16:18.578,1.3071,1.30735,2.25,1.50
2015.05.28 08:16:19.090,1.30714,1.30737,1.37,1.50
2015.05.28 08:16:19.141,1.30714,1.30737,2.25,1.50
2015.05.28 08:16:19.455,1.30721,1.30737,1.00,1.50
2015.05.28 08:16:19.813,1.30723,1.30737,1.00,1.00
2015.05.28 08:16:20.416,1.30727,1.30737,1.00,1.00
2015.05.28 08:16:20.468,1.30727,1.30742,1.00,2.85
2015.05.28 08:16:20.855,1.30727,1.30746,1.00,2.10
2015.05.28 08:16:20.957,1.30728,1.30742,1.00,2.10
2015.05.28 08:16:21.008,1.30723,1.30742,1.00,2.10
2015.05.28 08:16:21.161,1.30721,1.30738,1.00,2.10
2015.05.28 08:16:21.812,1.30719,1.30738,1.37,2.10
2015.05.28 08:16:23.198,1.30715,1.30733,1.00,1.00
2015.05.28 08:16:23.249,1.30712,1.30733,1.12,2.25
2015.05.28 08:16:23.351,1.30712,1.30735,1.87,1.35
2015.05.28 08:16:23.939,1.30712,1.30734,1.37,1.00
2015.05.28 08:16:23.990,1.30712,1.30733,1.12,1.00
2015.05.28 08:16:24.041,1.30712,1.30731,1.12,2.10
2015.05.28 08:16:24.560,1.30715,1.30734,1.37,1.00
2015.05.28 08:16:25.084,1.30715,1.30733,1.37,1.00
2015.05.28 08:16:25.186,1.30713,1.30737,1.37,2.10
2015.05.28 08:16:25.237,1.30713,1.30734,1.37,2.10
2015.05.28 08:16:25.855,1.30716,1.30734,1.37,3.97
2015.05.28 08:16:25.907,1.30716,1.30738,1.37,2.10
2015.05.28 08:16:26.161,1.30718,1.30738,1.37,2.10
2015.05.28 08:16:26.439,1.30718,1.3074,1.37,1.50
2015.05.28 08:16:27.756,1.30719,1.3074,1.37,1.50
2015.05.28 08:16:29.593,1.3072,1.30742,1.37,2.85
2015.05.28 08:16:30.099,1.3072,1.30742,1.37,2.85
2015.05.28 08:16:33.254,1.3072,1.30739,1.37,1.00
2015.05.28 08:16:33.458,1.30718,1.30738,1.37,2.10
2015.05.28 08:16:33.764,1.30718,1.30741,1.37,1.35
2015.05.28 08:16:33.867,1.30718,1.30741,1.37,1.00
2015.05.28 08:16:33.918,1.30719,1.30743,1.37,1.00
2015.05.28 08:16:34.020,1.30721,1.30744,1.37,1.50
2015.05.28 08:16:34.590,1.30722,1.30744,1.37,1.00
2015.05.28 08:16:35.560,1.3072,1.30743,1.37,1.00
2015.05.28 08:16:39.515,1.30721,1.30746,1.37,1.60
2015.05.28 08:16:42.573,1.30722,1.30742,1.37,2.10
2015.05.28 08:16:43.006,1.30724,1.30742,1.37,2.10
2015.05.28 08:16:47.721,1.30726,1.30742,1.37,2.10
2015.05.28 08:16:55.444,1.30725,1.30742,1.00,2.10
2015.05.28 08:16:55.547,1.30725,1.30744,1.37,1.35
2015.05.28 08:16:55.650,1.30725,1.30739,1.12,1.00
2015.05.28 08:16:55.905,1.30725,1.30744,1.00,1.35
2015.05.28 08:16:56.506,1.30725,1.30741,1.00,1.50
2015.05.28 08:16:56.561,1.30725,1.30744,1.00,1.50
2015.05.28 08:16:56.968,1.30725,1.30742,1.00,1.00
2015.05.28 08:16:57.274,1.30725,1.30734,1.00,1.00
2015.05.28 08:16:57.948,1.30716,1.30741,1.00,1.50
2015.05.28 08:16:59.649,1.30716,1.30742,1.00,1.00
2015.05.28 08:17:00.611,1.30716,1.30738,1.00,2.10
2015.05.28 08:17:02.977,1.30716,1.30739,1.87,1.00
2015.05.28 08:17:03.559,1.30717,1.30739,1.00,1.00
2015.05.28 08:17:06.999,1.3072,1.30742,1.00,1.00
2015.05.28 08:17:13.234,1.3072,1.30744,1.50,1.00
2015.05.28 08:17:13.387,1.30722,1.30745,1.00,1.00
2015.05.28 08:17:13.694,1.30739,1.30756,1.00,2.10
2015.05.28 08:17:14.148,1.30735,1.30757,1.12,2.10
2015.05.28 08:17:14.573,1.30738,1.30757,1.00,2.10
2015.05.28 08:17:15.031,1.30736,1.30757,1.00,2.10
2015.05.28 08:17:15.579,1.30737,1.30757,1.00,2.10
2015.05.28 08:17:16.570,1.30738,1.30757,1.00,2.10
2015.05.28 08:17:17.435,1.30742,1.30757,1.00,2.10
2015.05.28 08:17:17.784,1.3074,1.30752,1.00,2.10
2015.05.28 08:17:17.886,1.30732,1.30752,1.37,2.10
2015.05.28 08:17:17.988,1.30731,1.30748,3.37,2.10
2015.05.28 08:17:18.192,1.30731,1.30754,1.00,1.97
2015.05.28 08:17:18.908,1.3073,1.30752,1.00,1.30
2015.05.28 08:17:19.328,1.3073,1.30749,1.50,2.10
2015.05.28 08:17:19.844,1.30732,1.30749,1.00,2.10
2015.05.28 08:17:20.539,1.30735,1.30749,1.00,2.10
2015.05.28 08:17:20.882,1.30739,1.30752,1.00,2.10
2015.05.28 08:17:23.504,1.3074,1.30752,1.00,2.10
2015.05.28 08:17:25.701,1.30734,1.30752,1.50,2.10
2015.05.28 08:17:26.233,1.30732,1.30752,1.00,2.10
2015.05.28 08:17:26.782,1.30731,1.30752,1.00,2.10
2015.05.28 08:17:29.135,1.3073,1.30752,1.00,2.10
2015.05.28 08:17:29.583,1.3073,1.30747,1.00,2.10
2015.05.28 08:17:33.174,1.30727,1.30747,1.87,2.85
2015.05.28 08:17:33.492,1.30729,1.30752,1.37,2.10
2015.05.28 08:17:33.593,1.30729,1.30752,1.37,2.10
2015.05.28 08:17:34.842,1.30735,1.30753,1.12,2.10
2015.05.28 08:17:36.122,1.30737,1.30753,1.00,2.10
2015.05.28 08:17:36.440,1.30739,1.30753,1.00,2.10
2015.05.28 08:17:36.802,1.30741,1.30753,1.00,2.10
2015.05.28 08:17:37.447,1.3074,1.30753,1.00,2.10
2015.05.28 08:17:37.558,1.30737,1.30753,1.00,2.10
2015.05.28 08:17:39.244,1.30735,1.30753,1.12,2.10
2015.05.28 08:17:40.888,1.30733,1.30753,1.37,2.10
2015.05.28 08:17:40.992,1.30732,1.30753,1.00,2.10
2015.05.28 08:17:41.095,1.30732,1.30747,1.00,2.10
2015.05.28 08:17:41.469,1.3073,1.30753,1.12,2.10
2015.05.28 08:17:42.189,1.3073,1.30753,1.37,2.10
2015.05.28 08:17:42.745,1.30731,1.30753,1.37,1.60
2015.05.28 08:17:45.636,1.30731,1.30755,1.87,1.00
2015.05.28 08:17:46.286,1.30731,1.30757,1.87,2.85
2015.05.28 08:17:47.761,1.30734,1.30757,1.87,2.10
2015.05.28 08:17:48.696,1.30734,1.30757,1.87,2.10
2015.05.28 08:17:51.343,1.30734,1.30757,1.50,2.10
2015.05.28 08:17:54.591,1.30735,1.30757,1.00,2.10
2015.05.28 08:17:54.930,1.30737,1.30757,1.37,2.10
2015.05.28 08:18:01.333,1.30735,1.30761,1.37,3.60
2015.05.28 08:18:01.435,1.30734,1.30757,1.37,1.00
2015.05.28 08:18:01.690,1.30733,1.30754,1.37,1.35
2015.05.28 08:18:05.845,1.30733,1.30751,1.00,1.00
2015.05.28 08:18:07.609,1.30733,1.30752,1.00,1.00
2015.05.28 08:18:13.526,1.30733,1.30753,1.00,1.00
2015.05.28 08:18:14.121,1.30733,1.30753,3.22,1.00
2015.05.28 08:18:14.384,1.30737,1.30758,1.37,1.35
2015.05.28 08:18:14.944,1.3074,1.3076,1.12,2.10
2015.05.28 08:18:16.634,1.30736,1.30759,1.37,1.60
2015.05.28 08:18:17.147,1.30735,1.3076,1.37,2.10
2015.05.28 08:18:17.609,1.30735,1.30758,1.37,1.35
2015.05.28 08:18:17.762,1.30734,1.3075,1.37,1.00
2015.05.28 08:18:17.864,1.30734,1.3075,1.00,1.00
2015.05.28 08:18:17.916,1.30731,1.3075,1.37,1.00
2015.05.28 08:18:18.222,1.30727,1.30741,2.47,1.00
2015.05.28 08:18:18.273,1.30729,1.30741,1.00,1.00
2015.05.28 08:18:18.325,1.30723,1.30741,1.50,1.00
2015.05.28 08:18:18.925,1.30724,1.30743,1.00,1.00
2015.05.28 08:18:19.078,1.30722,1.30738,1.30,1.00
2015.05.28 08:18:19.334,1.30719,1.30744,1.37,2.25
2015.05.28 08:18:20.766,1.30719,1.30743,1.87,1.00
2015.05.28 08:18:21.327,1.30721,1.30743,1.72,1.00
2015.05.28 08:18:21.531,1.30719,1.3074,2.47,1.00
2015.05.28 08:18:21.999,1.30719,1.30738,2.47,1.00
2015.05.28 08:18:22.363,1.30723,1.30738,1.37,1.00
2015.05.28 08:18:22.516,1.30723,1.30744,1.37,1.00
2015.05.28 08:18:23.337,1.30723,1.3074,1.37,1.00
2015.05.28 08:18:24.022,1.30723,1.30739,1.37,1.00
2015.05.28 08:18:24.327,1.3072,1.30734,1.37,1.00
2015.05.28 08:18:24.428,1.30719,1.30733,1.37,1.00
2015.05.28 08:18:25.433,1.30718,1.30737,1.00,1.00
2015.05.28 08:18:25.861,1.30721,1.30738,1.12,1.00
2015.05.28 08:18:26.208,1.30721,1.30741,1.12,1.00
2015.05.28 08:18:26.312,1.30723,1.30742,1.00,1.50
2015.05.28 08:18:26.415,1.30723,1.30745,1.00,1.00
2015.05.28 08:18:28.941,1.30722,1.30745,1.37,1.00
2015.05.28 08:18:29.810,1.30721,1.3073,1.00,2.10
2015.05.28 08:18:29.864,1.30712,1.30726,1.37,1.00
2015.05.28 08:18:29.966,1.30709,1.30726,1.87,1.00
2015.05.28 08:18:30.119,1.3071,1.30734,1.37,1.35
2015.05.28 08:18:30.170,1.3071,1.30734,1.37,1.35
2015.05.28 08:18:30.323,1.30709,1.30731,1.87,1.00
2015.05.28 08:18:31.023,1.30709,1.30729,1.87,1.00
2015.05.28 08:18:31.537,1.30706,1.30726,3.22,1.00
2015.05.28 08:18:33.162,1.30712,1.30733,1.00,1.00
2015.05.28 08:18:33.265,1.30713,1.3073,1.00,1.00
2015.05.28 08:18:33.418,1.30714,1.30733,1.00,1.00
2015.05.28 08:18:33.570,1.30714,1.30737,1.50,1.00
2015.05.28 08:18:34.036,1.3072,1.30741,1.00,1.00
2015.05.28 08:18:34.543,1.3072,1.30743,1.50,2.85
2015.05.28 08:18:35.448,1.3072,1.30739,1.00,1.00
2015.05.28 08:18:35.974,1.3072,1.30739,1.00,1.60
2015.05.28 08:18:37.291,1.30722,1.30739,1.00,1.00
2015.05.28 08:18:37.362,1.30721,1.30743,1.35,1.20
2015.05.28 08:18:37.781,1.30721,1.30746,1.35,1.00
2015.05.28 08:18:38.619,1.30722,1.30746,1.00,1.00
2015.05.28 08:18:39.505,1.30724,1.30746,1.12,1.00
2015.05.28 08:18:40.077,1.30723,1.30749,1.37,2.10
2015.05.28 08:18:40.180,1.30724,1.30749,2.47,2.25
2015.05.28 08:18:40.690,1.30727,1.30749,1.00,1.00
2015.05.28 08:18:40.996,1.30731,1.30749,1.00,1.00
2015.05.28 08:18:41.530,1.30735,1.30749,1.00,1.00
2015.05.28 08:18:41.581,1.30735,1.30756,1.37,1.00
2015.05.28 08:18:41.737,1.30734,1.30757,1.00,1.00
2015.05.28 08:18:41.840,1.30732,1.30755,1.50,2.10
2015.05.28 08:18:42.146,1.30732,1.30753,1.50,2.10
2015.05.28 08:18:43.221,1.30729,1.30753,1.00,2.10
2015.05.28 08:18:44.477,1.30732,1.30753,1.00,2.10
2015.05.28 08:18:44.680,1.30733,1.30756,1.87,2.10
2015.05.28 08:18:44.731,1.30738,1.30756,1.00,2.10
2015.05.28 08:18:45.278,1.30739,1.30756,1.00,2.10
2015.05.28 08:18:45.584,1.30741,1.30756,1.00,2.10
2015.05.28 08:18:46.042,1.30737,1.30756,1.00,2.10
2015.05.28 08:18:47.234,1.30737,1.3075,1.00,1.00
2015.05.28 08:18:47.834,1.30727,1.3075,1.37,1.00
2015.05.28 08:18:47.885,1.30727,1.30752,1.37,1.00
2015.05.28 08:18:48.038,1.30727,1.3075,1.00,1.00
2015.05.28 08:18:48.548,1.30727,1.30751,1.00,1.00
2015.05.28 08:18:48.884,1.30727,1.3075,1.00,2.85
2015.05.28 08:18:50.246,1.30727,1.30746,1.00,1.00
2015.05.28 08:18:50.552,1.30727,1.3075,1.00,3.60
2015.05.28 08:18:51.061,1.30727,1.3075,2.85,1.00
2015.05.28 08:18:51.529,1.3073,1.30752,1.87,1.00
2015.05.28 08:18:51.580,1.3073,1.30755,4.72,1.00
2015.05.28 08:18:52.953,1.30737,1.30756,1.30,1.00
2015.05.28 08:18:53.006,1.3074,1.30761,1.00,1.00
2015.05.28 08:18:53.413,1.30742,1.30761,1.00,1.00
2015.05.28 08:18:54.521,1.30736,1.30761,3.22,1.00
2015.05.28 08:18:56.001,1.30737,1.30761,1.35,1.00
2015.05.28 08:18:56.103,1.30737,1.30759,1.00,2.10
2015.05.28 08:18:56.206,1.30737,1.30762,1.50,2.85
2015.05.28 08:18:56.990,1.30742,1.30762,1.00,2.10
2015.05.28 08:18:57.042,1.30738,1.30762,1.00,2.10
2015.05.28 08:18:57.093,1.3074,1.30762,1.12,2.10
2015.05.28 08:18:57.601,1.3074,1.30762,1.12,1.50
2015.05.28 08:18:57.754,1.3074,1.30764,1.12,1.00
2015.05.28 08:18:58.273,1.30741,1.30764,1.00,1.00
2015.05.28 08:18:58.329,1.3075,1.30764,1.00,1.00
2015.05.28 08:18:58.532,1.30749,1.30768,1.00,2.85
2015.05.28 08:18:58.583,1.30752,1.30768,1.00,2.85
2015.05.28 08:18:58.786,1.30748,1.30767,1.00,2.10
2015.05.28 08:18:58.888,1.30748,1.30763,1.00,2.10
2015.05.28 08:18:58.940,1.30746,1.30763,1.00,2.10
2015.05.28 08:18:59.042,1.30744,1.30763,1.00,4.35
2015.05.28 08:18:59.592,1.30739,1.30763,1.00,5.85
2015.05.28 08:18:59.643,1.30738,1.30759,1.00,2.10
2015.05.28 08:18:59.847,1.30738,1.30763,1.00,4.50
2015.05.28 08:19:00.101,1.30741,1.30762,1.00,1.00
2015.05.28 08:19:01.408,1.30741,1.30761,1.00,2.85
2015.05.28 08:19:01.866,1.30735,1.30757,1.37,1.00
2015.05.28 08:19:01.968,1.30735,1.30756,1.00,2.10
2015.05.28 08:19:02.071,1.3073,1.30755,1.87,1.60
2015.05.28 08:19:02.598,1.3073,1.30752,1.12,2.10
2015.05.28 08:19:03.299,1.3073,1.30751,1.00,1.50
2015.05.28 08:19:03.867,1.3073,1.30751,1.50,1.00
2015.05.28 08:19:04.187,1.3073,1.30754,1.87,1.00
2015.05.28 08:19:05.108,1.30727,1.30751,1.87,2.25
2015.05.28 08:19:05.262,1.30726,1.30751,1.37,3.00
2015.05.28 08:19:05.567,1.30726,1.30751,1.37,2.25
2015.05.28 08:19:06.260,1.30732,1.30752,1.37,1.50
2015.05.28 08:19:06.581,1.30737,1.30755,1.30,1.00
2015.05.28 08:19:06.791,1.30733,1.30755,1.30,1.00
2015.05.28 08:19:06.893,1.30728,1.30755,1.37,2.85
2015.05.28 08:19:07.655,1.30731,1.30755,3.22,1.00
2015.05.28 08:19:07.808,1.30734,1.30755,2.25,1.00
2015.05.28 08:19:09.752,1.30734,1.30755,3.00,1.00
2015.05.28 08:19:11.284,1.30735,1.30755,1.37,1.00
2015.05.28 08:19:11.437,1.30734,1.30755,1.12,1.00
2015.05.28 08:19:12.070,1.30732,1.30755,1.37,1.50
2015.05.28 08:19:12.122,1.30732,1.30753,1.37,1.00
2015.05.28 08:19:12.655,1.30728,1.30753,1.87,1.00
2015.05.28 08:19:14.016,1.30728,1.3075,1.37,1.00
2015.05.28 08:19:15.823,1.30728,1.3075,1.00,2.25
2015.05.28 08:19:15.874,1.30728,1.30744,1.00,1.00
2015.05.28 08:19:16.180,1.30728,1.30742,1.00,1.00
2015.05.28 08:19:16.748,1.30728,1.30743,1.00,1.00
2015.05.28 08:19:17.352,1.30723,1.30743,1.50,1.00
2015.05.28 08:19:18.515,1.30723,1.30746,1.50,1.00
2015.05.28 08:19:19.228,1.30723,1.30747,1.50,1.00
2015.05.28 08:19:20.650,1.30726,1.30747,1.37,1.00
2015.05.28 08:19:21.676,1.30723,1.30745,1.50,1.00
2015.05.28 08:19:23.309,1.30722,1.30747,1.87,1.00
2015.05.28 08:19:26.798,1.30722,1.30747,1.37,1.50
2015.05.28 08:19:29.584,1.30722,1.30746,1.50,1.00
2015.05.28 08:19:33.597,1.30727,1.30747,1.37,1.00
2015.05.28 08:19:33.648,1.30727,1.3075,2.62,1.00
2015.05.28 08:19:33.903,1.30729,1.30752,1.37,1.35
2015.05.28 08:19:33.955,1.30731,1.30752,1.37,1.35
2015.05.28 08:19:34.967,1.30728,1.30751,1.87,1.00
2015.05.28 08:19:35.069,1.30729,1.30752,1.12,1.35
2015.05.28 08:19:35.377,1.30729,1.30752,1.37,1.35
2015.05.28 08:19:35.479,1.3073,1.30754,1.97,1.00
2015.05.28 08:19:35.632,1.3073,1.30755,3.60,1.00
2015.05.28 08:19:37.175,1.30729,1.30755,1.97,1.50
2015.05.28 08:19:37.479,1.30728,1.30753,5.10,1.00
2015.05.28 08:19:38.483,1.3073,1.30753,1.37,1.60
2015.05.28 08:19:38.585,1.3073,1.30752,1.00,1.35
2015.05.28 08:19:39.102,1.30729,1.30753,1.12,1.60
2015.05.28 08:19:39.562,1.30729,1.30754,1.37,3.22
2015.05.28 08:19:40.578,1.30734,1.30754,1.00,2.85
2015.05.28 08:19:40.884,1.30736,1.30754,1.00,2.85
2015.05.28 08:19:42.551,1.30733,1.30754,1.00,2.10
2015.05.28 08:19:43.773,1.30736,1.30754,1.00,2.10
2015.05.28 08:19:43.824,1.30736,1.30756,1.00,1.00
2015.05.28 08:19:43.875,1.30744,1.3076,1.00,1.50
2015.05.28 08:19:44.028,1.3074,1.30762,1.30,1.00
2015.05.28 08:19:44.080,1.30738,1.30762,3.97,1.00
2015.05.28 08:19:44.627,1.30738,1.30762,3.22,1.00
2015.05.28 08:19:45.993,1.30737,1.30757,1.37,1.00
2015.05.28 08:19:46.045,1.30734,1.30755,1.97,1.00
2015.05.28 08:19:46.299,1.30736,1.30757,1.37,1.00
2015.05.28 08:19:46.503,1.30734,1.30757,1.87,1.00
2015.05.28 08:19:46.554,1.30734,1.30755,1.87,1.00
2015.05.28 08:19:46.655,1.30734,1.30757,1.87,1.50
2015.05.28 08:19:46.706,1.30734,1.30757,1.37,1.50
2015.05.28 08:19:47.273,1.30732,1.30752,1.37,1.00
2015.05.28 08:19:47.476,1.30732,1.3075,1.00,1.00
2015.05.28 08:19:47.933,1.30732,1.30751,1.37,1.00
2015.05.28 08:19:48.035,1.30732,1.30752,1.12,1.00
2015.05.28 08:19:48.681,1.30734,1.30754,1.12,1.35
2015.05.28 08:19:48.834,1.30734,1.30757,1.37,1.00
2015.05.28 08:19:49.395,1.30737,1.30757,1.00,1.00
2015.05.28 08:19:51.403,1.30736,1.30757,1.87,1.00
2015.05.28 08:19:51.607,1.30732,1.30751,1.37,1.00
2015.05.28 08:19:51.658,1.30732,1.30751,1.37,1.00
2015.05.28 08:19:52.123,1.30732,1.30747,1.37,1.00
2015.05.28 08:19:52.278,1.3073,1.3075,1.00,2.10
2015.05.28 08:19:52.330,1.30726,1.30747,1.37,1.00
2015.05.28 08:19:52.639,1.30725,1.30744,1.00,1.60
2015.05.28 08:19:52.692,1.30722,1.30744,1.37,1.60
2015.05.28 08:19:53.389,1.30724,1.30745,1.00,2.10
2015.05.28 08:19:53.921,1.30725,1.30745,1.00,2.10
2015.05.28 08:19:55.064,1.30726,1.30745,1.00,2.10
2015.05.28 08:19:55.858,1.30727,1.30745,1.00,2.10
2015.05.28 08:19:56.642,1.30727,1.30747,1.00,1.00
2015.05.28 08:19:56.744,1.30727,1.3075,1.00,1.00
2015.05.28 08:19:56.897,1.30729,1.3075,1.00,1.00
2015.05.28 08:19:57.427,1.30728,1.3075,1.00,1.00
2015.05.28 08:19:58.417,1.30725,1.30749,2.62,1.00
2015.05.28 08:19:58.468,1.30725,1.30744,1.50,1.00
