2015.05.13 07:00:00.267,1.29499,1.29522,1.37,1.00
2015.05.13 07:00:00.472,1.29501,1.29524,1.37,1.00
2015.05.13 07:00:00.574,1.29503,1.29519,1.12,1.00
2015.05.13 07:00:00.676,1.29501,1.29523,1.37,1.00
2015.05.13 07:00:01.211,1.29501,1.29523,1.37,1.50
2015.05.13 07:00:01.378,1.29501,1.29522,1.37,1.00
2015.05.13 07:00:01.480,1.29501,1.29521,1.37,1.00
2015.05.13 07:00:01.582,1.29498,1.29521,1.37,1.00
2015.05.13 07:00:01.919,1.29498,1.29518,1.37,1.50
2015.05.13 07:00:02.326,1.29498,1.29516,1.37,1.00
2015.05.13 07:00:02.784,1.29498,1.29513,1.37,1.00
2015.05.13 07:00:02.893,1.29498,1.29517,1.37,1.00
2015.05.13 07:00:03.651,1.29498,1.29516,1.37,1.00
2015.05.13 07:00:03.702,1.29498,1.29516,1.00,1.00
2015.05.13 07:00:03.905,1.29498,1.29514,1.37,1.00
2015.05.13 07:00:04.025,1.29497,1.29516,1.37,1.00
2015.05.13 07:00:04.127,1.29497,1.29518,1.37,1.50
2015.05.13 07:00:04.229,1.29497,1.29518,1.37,1.50
2015.05.13 07:00:05.029,1.29497,1.29519,1.37,1.00
2015.05.13 07:00:05.080,1.29497,1.29521,1.37,1.00
2015.05.13 07:00:05.232,1.29497,1.29521,1.37,1.00
2015.05.13 07:00:05.435,1.29497,1.29517,1.37,1.00
2015.05.13 07:00:05.843,1.29488,1.29508,2.62,1.00
2015.05.13 07:00:05.894,1.29488,1.29508,1.37,1.00
2015.05.13 07:00:06.403,1.29486,1.29507,1.37,1.00
2015.05.13 07:00:06.556,1.29486,1.29507,1.00,1.00
2015.05.13 07:00:07.073,1.29482,1.29499,1.00,1.00
2015.05.13 07:00:07.379,1.29481,1.29497,1.00,1.00
2015.05.13 07:00:08.716,1.29479,1.29497,1.50,1.00
2015.05.13 07:00:09.231,1.29479,1.29496,1.00,1.00
2015.05.13 07:00:09.485,1.29479,1.29498,1.12,1.00
2015.05.13 07:00:09.840,1.29479,1.29501,1.12,1.00
2015.05.13 07:00:10.341,1.29479,1.295,1.00,1.00
2015.05.13 07:00:11.390,1.29479,1.29501,1.00,1.50
2015.05.13 07:00:12.746,1.29481,1.29501,1.00,1.00
2015.05.13 07:00:12.899,1.2948,1.29503,1.37,1.50
2015.05.13 07:00:13.430,1.29482,1.29503,1.00,1.00
2015.05.13 07:00:13.974,1.29483,1.29503,1.00,1.00
2015.05.13 07:00:14.502,1.29485,1.29504,1.00,1.00
2015.05.13 07:00:15.009,1.29485,1.29505,1.00,1.50
2015.05.13 07:00:15.517,1.29484,1.29504,1.00,1.00
2015.05.13 07:00:17.671,1.29483,1.29504,1.00,1.00
2015.05.13 07:00:17.975,1.29485,1.29505,1.00,1.00
2015.05.13 07:00:18.343,1.29487,1.29508,1.00,1.00
2015.05.13 07:00:18.546,1.29488,1.29508,2.62,1.00
2015.05.13 07:00:19.053,1.29489,1.29508,1.37,1.00
2015.05.13 07:00:19.256,1.29491,1.2951,1.00,1.00
2015.05.13 07:00:19.679,1.29489,1.29513,1.37,1.00
2015.05.13 07:00:20.219,1.29489,1.29512,1.00,1.00
2015.05.13 07:00:20.752,1.29489,1.29513,1.12,1.50
2015.05.13 07:00:21.110,1.29492,1.29512,1.00,1.00
2015.05.13 07:00:21.647,1.29493,1.29513,1.00,1.50
2015.05.13 07:00:27.585,1.29494,1.29513,1.00,1.00
2015.05.13 07:00:28.095,1.29494,1.29514,1.00,1.12
2015.05.13 07:00:28.750,1.29495,1.29514,1.00,1.00
2015.05.13 07:00:29.031,1.29496,1.29516,1.00,1.00
2015.05.13 07:00:29.336,1.29496,1.29513,1.00,1.00
2015.05.13 07:00:29.691,1.29493,1.29513,1.00,1.50
2015.05.13 07:00:30.342,1.29493,1.29512,1.00,1.00
2015.05.13 07:00:30.393,1.29493,1.2951,1.00,1.00
2015.05.13 07:00:30.771,1.29488,1.29498,1.37,1.00
2015.05.13 07:00:31.027,1.29482,1.29496,1.87,1.00
2015.05.13 07:00:31.129,1.29478,1.29496,1.00,1.00
2015.05.13 07:00:31.283,1.29478,1.29492,1.00,1.00
2015.05.13 07:00:31.334,1.29475,1.29492,1.00,1.00
2015.05.13 07:00:31.488,1.29475,1.29488,1.00,1.00
2015.05.13 07:00:31.539,1.29463,1.29477,1.00,1.00
2015.05.13 07:00:31.591,1.29463,1.29475,1.00,1.00
2015.05.13 07:00:31.692,1.29463,1.29479,1.00,1.00
2015.05.13 07:00:31.896,1.29461,1.29479,1.00,1.00
2015.05.13 07:00:31.947,1.29461,1.29477,1.00,1.00
2015.05.13 07:00:32.048,1.29463,1.29481,1.00,1.00
2015.05.13 07:00:32.099,1.2946,1.29481,1.12,1.00
2015.05.13 07:00:32.150,1.2946,1.29477,1.12,1.00
2015.05.13 07:00:32.366,1.2946,1.2948,1.12,1.00
2015.05.13 07:00:32.873,1.2946,1.29479,1.12,1.00
2015.05.13 07:00:33.408,1.2946,1.2948,1.37,1.00
2015.05.13 07:00:33.927,1.2946,1.2948,1.12,1.50
2015.05.13 07:00:34.444,1.29461,1.2948,1.00,1.00
2015.05.13 07:00:34.547,1.29461,1.29471,1.00,1.00
2015.05.13 07:00:34.649,1.29456,1.29471,1.00,1.00
2015.05.13 07:00:34.752,1.29452,1.29471,1.00,1.00
2015.05.13 07:00:34.908,1.29451,1.29467,1.00,1.00
2015.05.13 07:00:35.213,1.29452,1.29468,1.37,1.00
2015.05.13 07:00:35.473,1.29469,1.29485,1.00,1.00
2015.05.13 07:00:35.525,1.29469,1.29487,1.00,1.00
2015.05.13 07:00:35.829,1.29467,1.2949,1.50,1.00
2015.05.13 07:00:35.982,1.29464,1.2949,4.65,1.00
2015.05.13 07:00:36.286,1.29464,1.29488,1.00,1.00
2015.05.13 07:00:36.624,1.29463,1.29485,1.00,1.50
2015.05.13 07:00:36.929,1.29463,1.29485,1.37,1.00
2015.05.13 07:00:37.633,1.29463,1.29484,1.37,1.00
2015.05.13 07:00:37.684,1.29463,1.29484,1.00,1.00
2015.05.13 07:00:37.837,1.29461,1.29484,1.50,1.00
2015.05.13 07:00:37.990,1.29472,1.29484,1.87,1.00
2015.05.13 07:00:38.041,1.29472,1.29488,1.87,1.00
2015.05.13 07:00:38.092,1.29478,1.29493,1.87,1.00
2015.05.13 07:00:38.245,1.2947,1.29491,1.12,1.00
2015.05.13 07:00:39.820,1.29471,1.29491,1.00,1.00
2015.05.13 07:00:39.871,1.29471,1.29491,2.62,1.00
2015.05.13 07:00:40.436,1.29471,1.29491,1.37,1.00
2015.05.13 07:00:40.538,1.2947,1.29491,1.12,1.00
2015.05.13 07:00:40.994,1.29468,1.29491,1.00,1.00
2015.05.13 07:00:41.045,1.29466,1.29487,1.87,1.00
2015.05.13 07:00:41.147,1.29462,1.29486,1.00,2.25
2015.05.13 07:00:41.249,1.29458,1.29483,2.62,1.00
2015.05.13 07:00:41.560,1.29457,1.29479,1.37,1.87
2015.05.13 07:00:41.663,1.29451,1.29474,1.37,1.00
2015.05.13 07:00:41.766,1.29454,1.29474,1.87,1.00
2015.05.13 07:00:41.972,1.29451,1.29472,1.37,1.00
2015.05.13 07:00:42.178,1.29452,1.29469,1.37,1.00
2015.05.13 07:00:42.395,1.29444,1.29461,1.00,1.00
2015.05.13 07:00:42.497,1.29442,1.29461,1.00,1.00
2015.05.13 07:00:43.007,1.29441,1.29461,1.37,1.00
2015.05.13 07:00:43.853,1.2944,1.29461,1.37,1.00
2015.05.13 07:00:43.956,1.2944,1.29459,1.37,1.00
2015.05.13 07:00:44.550,1.29441,1.29458,1.00,1.00
2015.05.13 07:00:45.069,1.2944,1.29457,1.00,1.00
2015.05.13 07:00:45.689,1.29442,1.29456,1.00,1.00
2015.05.13 07:00:46.213,1.29442,1.29457,1.00,1.00
2015.05.13 07:00:46.722,1.29441,1.29457,1.00,1.00
2015.05.13 07:00:47.028,1.29442,1.29455,1.00,1.00
2015.05.13 07:00:47.231,1.29442,1.29457,1.00,1.00
2015.05.13 07:00:47.485,1.2944,1.29457,1.00,1.00
2015.05.13 07:00:49.643,1.2944,1.29455,1.00,1.00
2015.05.13 07:00:49.744,1.2944,1.29457,1.00,1.00
2015.05.13 07:00:50.202,1.29438,1.29457,1.00,1.00
2015.05.13 07:00:50.323,1.2944,1.29457,1.00,1.00
2015.05.13 07:00:50.628,1.29443,1.29457,1.00,1.00
2015.05.13 07:00:50.679,1.29443,1.29462,1.00,1.50
2015.05.13 07:00:51.796,1.29443,1.29463,1.00,1.00
2015.05.13 07:00:51.897,1.29442,1.2946,1.00,1.00
2015.05.13 07:00:52.100,1.29437,1.29456,1.00,1.00
2015.05.13 07:00:52.202,1.29433,1.29456,1.50,1.00
2015.05.13 07:00:52.309,1.29433,1.29458,1.50,1.50
2015.05.13 07:00:53.182,1.29433,1.29458,1.50,1.87
2015.05.13 07:00:53.722,1.29433,1.29458,1.50,1.50
2015.05.13 07:00:54.218,1.29433,1.29454,1.00,1.00
2015.05.13 07:00:54.472,1.29431,1.29454,1.00,1.00
2015.05.13 07:00:54.523,1.29431,1.29452,1.00,1.00
2015.05.13 07:00:56.127,1.29431,1.29453,1.00,1.00
2015.05.13 07:00:56.929,1.2943,1.29449,1.12,1.00
2015.05.13 07:00:57.233,1.29423,1.29441,1.12,1.00
2015.05.13 07:00:57.386,1.29416,1.29435,1.12,1.00
2015.05.13 07:00:57.693,1.29413,1.29435,1.00,1.00
2015.05.13 07:00:57.998,1.2941,1.29433,1.37,1.00
2015.05.13 07:00:58.353,1.29411,1.29434,1.05,1.50
2015.05.13 07:00:58.658,1.29419,1.29435,1.95,1.00
2015.05.13 07:00:58.709,1.29419,1.29438,1.95,1.00
2015.05.13 07:00:58.760,1.29423,1.29438,1.95,1.00
2015.05.13 07:01:00.411,1.29423,1.29439,3.90,1.50
2015.05.13 07:01:00.615,1.29423,1.29441,3.90,1.00
2015.05.13 07:01:00.717,1.29419,1.29436,2.70,1.00
2015.05.13 07:01:01.021,1.29401,1.29421,1.37,1.95
2015.05.13 07:01:01.423,1.29394,1.29416,1.37,2.70
2015.05.13 07:01:01.475,1.29394,1.2941,1.37,1.95
2015.05.13 07:01:01.679,1.29385,1.294,1.00,1.95
2015.05.13 07:01:01.730,1.29385,1.29395,1.00,1.00
2015.05.13 07:01:01.781,1.29375,1.29394,1.12,1.95
2015.05.13 07:01:01.832,1.29375,1.29388,1.12,1.00
2015.05.13 07:01:01.934,1.29375,1.29391,2.25,1.00
2015.05.13 07:01:02.035,1.29374,1.29385,1.12,1.67
2015.05.13 07:01:02.086,1.2936,1.29376,1.12,1.95
2015.05.13 07:01:02.298,1.29352,1.29375,1.87,1.95
2015.05.13 07:01:02.401,1.29357,1.29375,1.00,1.95
2015.05.13 07:01:02.707,1.29354,1.29368,1.87,1.00
2015.05.13 07:01:02.758,1.29349,1.29368,1.37,1.00
2015.05.13 07:01:02.809,1.29349,1.29363,1.37,1.00
2015.05.13 07:01:02.860,1.2934,1.29363,2.25,1.00
2015.05.13 07:01:02.912,1.2934,1.29353,2.25,1.00
2015.05.13 07:01:02.963,1.29334,1.29353,1.57,1.00
2015.05.13 07:01:03.065,1.29332,1.29351,1.00,1.00
2015.05.13 07:01:03.218,1.29328,1.29351,1.00,2.70
2015.05.13 07:01:03.322,1.29326,1.2935,1.50,1.95
2015.05.13 07:01:03.576,1.29322,1.29347,1.50,1.95
2015.05.13 07:01:03.627,1.29322,1.29347,1.12,1.95
2015.05.13 07:01:04.142,1.29323,1.29347,1.00,1.95
2015.05.13 07:01:04.352,1.29323,1.29345,1.00,1.00
2015.05.13 07:01:04.810,1.29324,1.29347,1.37,1.95
2015.05.13 07:01:05.114,1.29328,1.29351,1.00,3.45
2015.05.13 07:01:05.621,1.29327,1.2935,1.50,1.00
2015.05.13 07:01:05.926,1.29326,1.29348,1.00,1.00
2015.05.13 07:01:06.484,1.29327,1.29351,1.00,2.70
2015.05.13 07:01:07.604,1.29327,1.29354,1.87,1.50
2015.05.13 07:01:07.926,1.29327,1.29354,3.37,1.00
2015.05.13 07:01:08.231,1.29335,1.29357,1.37,1.00
2015.05.13 07:01:08.384,1.29342,1.29363,1.00,1.00
2015.05.13 07:01:08.435,1.29343,1.29365,1.00,2.70
2015.05.13 07:01:08.952,1.29342,1.29365,1.00,2.70
2015.05.13 07:01:09.162,1.29342,1.29361,1.00,1.00
2015.05.13 07:01:09.467,1.29342,1.29358,1.00,3.90
2015.05.13 07:01:09.518,1.29342,1.29362,1.00,1.00
2015.05.13 07:01:09.838,1.29342,1.29359,1.00,1.95
2015.05.13 07:01:10.038,1.29334,1.29359,1.00,2.70
2015.05.13 07:01:10.598,1.29336,1.29359,1.00,2.70
2015.05.13 07:01:11.266,1.29338,1.29359,1.00,2.70
2015.05.13 07:01:11.571,1.2934,1.29359,1.00,1.00
2015.05.13 07:01:12.029,1.29336,1.29359,1.00,1.00
2015.05.13 07:01:12.266,1.29339,1.29359,1.00,1.00
2015.05.13 07:01:12.674,1.29338,1.29361,1.00,1.00
2015.05.13 07:01:12.997,1.29336,1.29361,1.00,1.00
2015.05.13 07:01:13.464,1.29339,1.29361,1.00,1.00
2015.05.13 07:01:13.798,1.29346,1.29361,1.00,1.00
2015.05.13 07:01:13.849,1.29346,1.29368,1.00,1.00
2015.05.13 07:01:13.900,1.29348,1.29368,1.00,1.00
2015.05.13 07:01:14.002,1.29346,1.29368,1.00,3.45
2015.05.13 07:01:14.104,1.2935,1.29368,1.00,2.70
2015.05.13 07:01:14.460,1.29346,1.29368,1.00,1.95
2015.05.13 07:01:18.420,1.29346,1.29368,1.67,2.70
2015.05.13 07:01:18.472,1.29352,1.29373,4.65,1.00
2015.05.13 07:01:18.776,1.29368,1.29389,1.95,1.37
2015.05.13 07:01:19.083,1.29389,1.29393,1.00,1.00
2015.05.13 07:01:19.134,1.29389,1.29398,1.00,1.00
2015.05.13 07:01:19.185,1.29386,1.29398,3.90,1.00
2015.05.13 07:01:19.236,1.29386,1.29406,3.90,1.00
2015.05.13 07:01:19.287,1.29391,1.29409,1.00,1.00
2015.05.13 07:01:19.595,1.29394,1.29409,1.00,1.00
2015.05.13 07:01:19.697,1.29391,1.29411,1.00,1.00
2015.05.13 07:01:19.749,1.29391,1.29409,1.00,1.00
2015.05.13 07:01:20.107,1.29389,1.29409,1.00,1.50
2015.05.13 07:01:20.361,1.29391,1.29408,1.00,1.00
2015.05.13 07:01:20.666,1.29391,1.29404,1.00,1.95
2015.05.13 07:01:20.717,1.29387,1.29404,1.00,2.62
2015.05.13 07:01:20.768,1.29387,1.29399,1.00,2.70
2015.05.13 07:01:20.820,1.2938,1.29399,1.00,2.70
2015.05.13 07:01:20.871,1.29374,1.29395,1.00,4.65
2015.05.13 07:01:20.973,1.29374,1.29388,1.00,1.95
2015.05.13 07:01:21.149,1.2936,1.29379,1.00,1.95
2015.05.13 07:01:21.200,1.29356,1.29373,1.00,1.95
2015.05.13 07:01:21.251,1.29354,1.29373,1.00,1.95
2015.05.13 07:01:21.353,1.29352,1.29373,1.00,1.95
2015.05.13 07:01:23.726,1.29352,1.29373,1.00,2.62
2015.05.13 07:01:23.778,1.2935,1.29366,1.00,1.95
2015.05.13 07:01:23.829,1.29348,1.29366,1.00,3.30
2015.05.13 07:01:23.880,1.29348,1.2936,1.00,3.90
2015.05.13 07:01:24.693,1.29348,1.29359,1.00,1.00
2015.05.13 07:01:24.845,1.29332,1.29355,1.37,2.70
2015.05.13 07:01:24.896,1.29332,1.29355,1.37,4.65
2015.05.13 07:01:25.049,1.2933,1.29352,1.37,1.00
2015.05.13 07:01:25.572,1.2933,1.29352,1.37,1.00
2015.05.13 07:01:26.084,1.2933,1.29352,1.37,1.00
2015.05.13 07:01:26.488,1.2933,1.29355,1.37,4.65
2015.05.13 07:01:26.813,1.2933,1.29352,1.37,1.00
2015.05.13 07:01:27.132,1.2933,1.29354,1.50,1.00
2015.05.13 07:01:27.310,1.29331,1.29356,1.50,1.00
2015.05.13 07:01:27.463,1.29335,1.29359,1.37,1.00
2015.05.13 07:01:27.514,1.29337,1.29361,1.00,1.00
2015.05.13 07:01:28.035,1.29336,1.29362,1.87,1.00
2015.05.13 07:01:28.585,1.29336,1.29363,1.87,1.50
2015.05.13 07:01:28.788,1.29338,1.29363,1.00,1.00
2015.05.13 07:01:29.361,1.29338,1.29363,1.37,1.50
2015.05.13 07:01:29.824,1.29337,1.29362,1.12,1.00
2015.05.13 07:01:30.456,1.29339,1.29363,1.00,1.00
2015.05.13 07:01:30.558,1.29336,1.29363,1.50,1.00
2015.05.13 07:01:32.104,1.29336,1.29363,1.37,1.00
2015.05.13 07:01:32.611,1.29336,1.29363,1.00,1.00
2015.05.13 07:01:33.090,1.29338,1.29363,1.00,1.00
2015.05.13 07:01:33.958,1.2934,1.29363,1.00,1.00
2015.05.13 07:01:34.471,1.29341,1.29363,1.50,1.00
2015.05.13 07:01:35.525,1.29342,1.29363,1.00,1.00
2015.05.13 07:01:35.847,1.29345,1.29363,1.00,1.00
2015.05.13 07:01:38.056,1.29344,1.29363,1.00,1.00
2015.05.13 07:01:38.277,1.29342,1.29365,1.00,1.00
2015.05.13 07:01:38.480,1.29339,1.29365,1.87,1.00
2015.05.13 07:01:38.836,1.29347,1.29368,1.00,1.50
2015.05.13 07:01:39.185,1.29359,1.29368,2.70,1.00
2015.05.13 07:01:39.492,1.29371,1.29382,1.00,1.00
2015.05.13 07:01:40.000,1.29373,1.29385,1.00,1.00
2015.05.13 07:01:40.356,1.29372,1.29395,1.00,1.00
2015.05.13 07:01:40.561,1.29369,1.29391,1.00,1.00
2015.05.13 07:01:40.895,1.29366,1.29388,1.00,1.00
2015.05.13 07:01:41.313,1.29363,1.29388,1.00,1.00
2015.05.13 07:01:42.527,1.29363,1.29387,1.00,1.00
2015.05.13 07:01:42.883,1.29363,1.29385,1.00,1.00
2015.05.13 07:01:43.196,1.29363,1.29387,1.00,1.00
2015.05.13 07:01:44.298,1.29363,1.29386,1.00,1.00
2015.05.13 07:01:45.518,1.29363,1.29387,1.00,1.00
2015.05.13 07:01:46.481,1.2936,1.29387,1.00,1.87
2015.05.13 07:01:46.764,1.2936,1.29386,1.00,1.37
2015.05.13 07:01:47.173,1.2936,1.29387,1.00,1.00
2015.05.13 07:01:47.274,1.29364,1.29387,1.00,1.00
2015.05.13 07:01:47.636,1.29364,1.29389,2.62,1.00
2015.05.13 07:01:47.738,1.29366,1.29389,1.00,1.00
2015.05.13 07:01:47.891,1.29366,1.29391,1.50,1.00
2015.05.13 07:01:47.942,1.29368,1.29393,1.50,1.00
2015.05.13 07:01:48.345,1.29379,1.29394,1.00,1.00
2015.05.13 07:01:48.497,1.29376,1.29394,1.00,1.00
2015.05.13 07:01:48.548,1.29374,1.29394,1.00,1.00
2015.05.13 07:01:48.651,1.29376,1.29394,1.95,1.00
2015.05.13 07:01:48.956,1.29378,1.29394,1.00,1.00
2015.05.13 07:01:49.295,1.29381,1.29394,1.95,1.00
2015.05.13 07:01:50.380,1.29381,1.29404,1.95,1.00
2015.05.13 07:01:50.482,1.29385,1.29405,1.00,1.12
2015.05.13 07:01:50.587,1.29382,1.29405,1.00,1.12
2015.05.13 07:01:51.090,1.29381,1.29405,1.95,1.50
2015.05.13 07:01:51.639,1.2938,1.29405,1.00,1.50
2015.05.13 07:01:52.055,1.2938,1.29403,1.00,1.00
2015.05.13 07:01:52.207,1.29378,1.29404,1.00,1.12
2015.05.13 07:01:52.387,1.29378,1.29398,1.00,1.00
2015.05.13 07:01:53.805,1.29375,1.29393,1.00,1.00
2015.05.13 07:01:53.860,1.2937,1.29392,1.50,1.00
2015.05.13 07:01:54.114,1.2937,1.29388,1.00,1.00
2015.05.13 07:01:54.319,1.2937,1.29392,1.00,1.00
2015.05.13 07:01:54.863,1.2937,1.29393,1.00,1.00
2015.05.13 07:01:57.571,1.2937,1.29395,1.00,2.25
2015.05.13 07:01:58.621,1.2937,1.29393,1.00,1.00
2015.05.13 07:01:58.986,1.2937,1.29395,1.00,1.00
2015.05.13 07:02:01.394,1.29371,1.29395,1.00,1.00
2015.05.13 07:02:01.600,1.29374,1.29395,1.00,1.00
2015.05.13 07:02:02.450,1.29375,1.29395,1.00,1.00
2015.05.13 07:02:03.720,1.29375,1.29394,1.00,1.00
2015.05.13 07:02:04.249,1.29371,1.29393,1.50,1.00
2015.05.13 07:02:04.366,1.29371,1.29395,1.00,1.00
2015.05.13 07:02:05.136,1.29372,1.29395,1.00,1.00
2015.05.13 07:02:05.552,1.29374,1.29395,1.00,1.00
2015.05.13 07:02:06.418,1.29375,1.29395,1.00,1.00
2015.05.13 07:02:09.673,1.29375,1.29397,1.00,1.00
2015.05.13 07:02:09.889,1.29375,1.29393,1.00,1.00
2015.05.13 07:02:11.291,1.29375,1.29397,1.00,1.00
2015.05.13 07:02:11.696,1.29372,1.29397,1.50,1.00
2015.05.13 07:02:11.899,1.29372,1.29395,1.00,1.00
2015.05.13 07:02:12.440,1.29372,1.29394,1.00,1.00
2015.05.13 07:02:14.294,1.29372,1.29396,1.00,1.00
2015.05.13 07:02:14.845,1.29372,1.29397,1.00,1.00
2015.05.13 07:02:15.543,1.29373,1.29397,1.00,1.00
2015.05.13 07:02:16.094,1.29372,1.29397,1.00,1.00
2015.05.13 07:02:20.376,1.29373,1.29397,1.00,1.00
2015.05.13 07:02:20.528,1.29375,1.29397,1.00,1.00
2015.05.13 07:02:21.488,1.29372,1.29397,1.50,1.00
2015.05.13 07:02:21.641,1.29372,1.29388,1.50,1.00
2015.05.13 07:02:21.744,1.29372,1.29396,1.00,1.00
2015.05.13 07:02:21.947,1.29374,1.29397,1.00,1.00
2015.05.13 07:02:22.049,1.29372,1.29397,1.00,1.00
2015.05.13 07:02:23.421,1.29372,1.29396,1.00,1.00
2015.05.13 07:02:23.522,1.29372,1.29394,1.00,1.00
2015.05.13 07:02:23.838,1.2937,1.29392,1.00,1.00
2015.05.13 07:02:24.387,1.2937,1.29393,1.00,1.00
2015.05.13 07:02:25.121,1.2937,1.29393,1.00,1.37
2015.05.13 07:02:25.623,1.2937,1.29392,1.00,1.00
2015.05.13 07:02:25.775,1.29367,1.29392,1.00,1.37
2015.05.13 07:02:25.826,1.29367,1.29392,1.00,2.25
2015.05.13 07:02:25.979,1.29357,1.29379,1.50,1.00
2015.05.13 07:02:26.080,1.29357,1.29382,1.00,1.50
2015.05.13 07:02:27.508,1.29357,1.29381,1.00,1.00
2015.05.13 07:02:27.652,1.29352,1.29369,1.00,1.00
2015.05.13 07:02:27.755,1.29346,1.29367,1.00,1.00
2015.05.13 07:02:28.059,1.29345,1.2936,1.00,1.00
2015.05.13 07:02:28.161,1.29344,1.2937,1.00,1.00
2015.05.13 07:02:28.314,1.29343,1.29366,1.50,1.00
2015.05.13 07:02:28.620,1.29342,1.29362,1.00,1.00
2015.05.13 07:02:29.129,1.29341,1.29362,1.00,1.00
2015.05.13 07:02:29.984,1.29341,1.29364,1.00,1.00
2015.05.13 07:02:30.446,1.29341,1.29364,1.00,1.37
2015.05.13 07:02:30.961,1.29341,1.29363,1.00,1.00
2015.05.13 07:02:31.423,1.29337,1.29363,1.00,1.37
2015.05.13 07:02:31.474,1.29334,1.29359,1.50,1.00
2015.05.13 07:02:31.779,1.29332,1.29356,1.00,1.00
2015.05.13 07:02:32.134,1.29332,1.29359,1.00,2.25
2015.05.13 07:02:32.616,1.29334,1.29359,1.00,1.50
2015.05.13 07:02:32.921,1.29336,1.29359,1.00,1.00
2015.05.13 07:02:33.075,1.29341,1.29366,1.00,1.12
2015.05.13 07:02:33.126,1.29343,1.29366,1.50,1.12
2015.05.13 07:02:33.644,1.29342,1.29367,2.25,1.00
2015.05.13 07:02:34.288,1.29345,1.29367,1.00,1.00
2015.05.13 07:02:35.333,1.29345,1.29365,1.00,1.00
2015.05.13 07:02:35.885,1.29344,1.29365,1.00,1.00
2015.05.13 07:02:37.410,1.29342,1.29365,1.50,1.00
2015.05.13 07:02:42.163,1.29342,1.29364,1.00,1.00
2015.05.13 07:02:42.214,1.29339,1.29364,1.00,1.00
2015.05.13 07:02:42.417,1.2934,1.29365,1.87,1.50
2015.05.13 07:02:42.671,1.29342,1.29367,1.00,1.12
2015.05.13 07:02:43.622,1.29344,1.29368,1.00,1.00
2015.05.13 07:02:44.574,1.29345,1.29369,1.00,1.50
2015.05.13 07:02:45.436,1.29346,1.2937,1.00,1.00
2015.05.13 07:02:45.740,1.29349,1.29371,1.00,1.00
2015.05.13 07:02:46.432,1.29349,1.29374,1.50,1.00
2015.05.13 07:02:47.084,1.29349,1.29373,1.50,1.00
2015.05.13 07:02:47.586,1.29349,1.29374,1.50,1.00
2015.05.13 07:02:48.430,1.29351,1.29374,1.00,1.00
2015.05.13 07:02:48.740,1.29356,1.29376,1.00,1.00
2015.05.13 07:02:48.791,1.29356,1.29378,1.00,1.00
2015.05.13 07:02:48.842,1.29354,1.29379,1.00,2.25
2015.05.13 07:02:49.509,1.29354,1.29378,1.00,1.00
2015.05.13 07:02:50.028,1.29354,1.29379,1.00,1.87
2015.05.13 07:02:50.080,1.29352,1.29376,1.00,1.00
2015.05.13 07:02:50.597,1.29351,1.29375,1.00,1.00
2015.05.13 07:02:50.750,1.29348,1.29375,1.00,1.50
2015.05.13 07:02:51.268,1.29348,1.29374,1.00,1.00
2015.05.13 07:02:51.932,1.29351,1.29374,1.00,1.00
2015.05.13 07:02:52.034,1.29348,1.29374,1.00,1.00
2015.05.13 07:02:53.087,1.29347,1.29372,1.00,1.50
2015.05.13 07:02:55.525,1.29347,1.29371,1.00,1.00
2015.05.13 07:02:56.084,1.29347,1.29372,1.50,1.50
2015.05.13 07:02:57.331,1.29347,1.2937,1.00,1.00
2015.05.13 07:02:57.892,1.29347,1.29372,1.00,1.00
2015.05.13 07:02:58.044,1.29349,1.29374,1.37,1.50
2015.05.13 07:02:58.576,1.29349,1.29374,1.00,1.50
2015.05.13 07:03:00.292,1.29349,1.29373,1.00,1.00
2015.05.13 07:03:02.091,1.29349,1.29374,1.00,2.25
2015.05.13 07:03:06.231,1.29349,1.29374,1.37,1.00
2015.05.13 07:03:06.748,1.29349,1.29374,1.00,1.00
2015.05.13 07:03:08.161,1.29347,1.29371,1.00,1.00
2015.05.13 07:03:10.482,1.29347,1.29372,1.00,1.50
2015.05.13 07:03:11.276,1.29347,1.29371,1.00,1.00
2015.05.13 07:03:13.954,1.29347,1.29372,1.00,1.50
2015.05.13 07:03:14.608,1.29347,1.29371,1.00,1.00
2015.05.13 07:03:14.943,1.29344,1.29371,2.25,1.00
2015.05.13 07:03:15.045,1.29344,1.29368,1.00,1.00
2015.05.13 07:03:15.553,1.29344,1.29369,1.00,1.00
2015.05.13 07:03:15.873,1.29344,1.29367,1.00,1.00
2015.05.13 07:03:20.781,1.29344,1.29366,1.00,1.00
2015.05.13 07:03:21.288,1.29343,1.29367,1.00,1.00
2015.05.13 07:03:21.791,1.29343,1.29368,1.87,1.00
2015.05.13 07:03:22.096,1.29346,1.29368,1.00,1.00
2015.05.13 07:03:22.147,1.29343,1.29368,1.12,1.00
2015.05.13 07:03:22.248,1.29345,1.29368,1.87,1.00
2015.05.13 07:03:22.783,1.29344,1.29368,1.87,1.00
2015.05.13 07:03:23.397,1.29347,1.2937,1.00,1.00
2015.05.13 07:03:23.602,1.29348,1.29373,1.00,1.00
2015.05.13 07:03:24.133,1.29348,1.29372,1.00,1.50
2015.05.13 07:03:24.185,1.29348,1.29367,1.00,1.00
2015.05.13 07:03:24.236,1.29342,1.29367,2.62,1.00
2015.05.13 07:03:24.723,1.29342,1.29365,3.37,1.00
2015.05.13 07:03:25.277,1.29342,1.29366,2.62,1.00
2015.05.13 07:03:26.680,1.29342,1.29367,3.37,1.50
2015.05.13 07:03:26.731,1.29342,1.29366,1.87,1.00
2015.05.13 07:03:26.833,1.29341,1.29364,2.62,1.00
2015.05.13 07:03:27.238,1.29341,1.29366,2.62,2.25
2015.05.13 07:03:27.753,1.29341,1.29365,2.62,1.00
2015.05.13 07:03:28.405,1.29342,1.29366,1.12,1.50
2015.05.13 07:03:30.364,1.29343,1.29366,1.87,1.50
2015.05.13 07:03:33.547,1.29345,1.2937,1.87,1.50
2015.05.13 07:03:33.934,1.29348,1.2937,1.00,1.00
2015.05.13 07:03:34.137,1.29345,1.2937,1.87,1.00
2015.05.13 07:03:34.290,1.29347,1.2937,1.00,1.00
2015.05.13 07:03:36.046,1.29346,1.2937,2.62,1.00
2015.05.13 07:03:36.233,1.29349,1.29374,1.00,1.00
2015.05.13 07:03:39.256,1.29349,1.29373,1.00,1.00
2015.05.13 07:03:39.934,1.29349,1.29374,1.00,1.50
2015.05.13 07:03:41.484,1.29349,1.29373,1.00,1.00
2015.05.13 07:03:42.051,1.29349,1.29372,1.12,1.00
2015.05.13 07:03:42.906,1.29349,1.2937,1.00,1.00
2015.05.13 07:03:44.573,1.29349,1.29372,1.00,1.00
2015.05.13 07:03:45.915,1.29349,1.29371,1.00,1.00
2015.05.13 07:03:46.124,1.29349,1.29368,1.00,1.00
2015.05.13 07:03:46.226,1.29349,1.2937,1.00,1.00
2015.05.13 07:03:49.961,1.29349,1.29372,1.00,1.00
2015.05.13 07:03:50.113,1.29349,1.29374,1.00,1.50
2015.05.13 07:03:51.323,1.29349,1.29372,1.00,1.00
2015.05.13 07:03:52.507,1.29349,1.29373,1.00,1.00
2015.05.13 07:03:53.422,1.2935,1.29373,1.00,1.00
2015.05.13 07:03:53.929,1.2935,1.29374,1.00,1.00
2015.05.13 07:03:54.566,1.2935,1.29374,1.37,1.50
2015.05.13 07:03:54.872,1.29362,1.29379,1.00,1.00
2015.05.13 07:03:55.027,1.29362,1.29382,1.00,1.00
2015.05.13 07:03:55.129,1.29366,1.29382,1.00,1.00
2015.05.13 07:03:55.330,1.29366,1.29386,1.00,1.50
2015.05.13 07:03:55.787,1.29371,1.29394,1.00,1.00
2015.05.13 07:03:55.838,1.29371,1.29396,1.00,1.87
2015.05.13 07:03:55.991,1.29377,1.29396,1.00,1.87
2015.05.13 07:03:56.370,1.29377,1.29389,1.00,1.00
2015.05.13 07:03:56.476,1.29377,1.29394,1.00,1.00
2015.05.13 07:03:56.685,1.29375,1.29394,1.00,1.00
2015.05.13 07:03:56.864,1.29372,1.29393,1.00,1.00
2015.05.13 07:03:57.372,1.29372,1.29394,1.00,1.00
2015.05.13 07:03:58.008,1.29374,1.29394,1.00,1.00
2015.05.13 07:03:59.465,1.29374,1.29395,1.00,1.00
2015.05.13 07:04:00.442,1.29375,1.29395,1.00,1.00
2015.05.13 07:04:00.973,1.29371,1.29395,1.00,1.00
2015.05.13 07:04:01.074,1.29375,1.29398,1.00,1.50
2015.05.13 07:04:01.379,1.29377,1.29398,1.00,1.00
2015.05.13 07:04:01.616,1.29373,1.29398,1.00,1.50
2015.05.13 07:04:03.193,1.29374,1.29398,1.00,1.50
2015.05.13 07:04:03.953,1.29373,1.29398,1.00,1.50
2015.05.13 07:04:04.848,1.29374,1.29398,1.00,1.00
2015.05.13 07:04:06.463,1.29373,1.29398,1.00,1.00
2015.05.13 07:04:06.873,1.29371,1.29395,1.00,1.12
2015.05.13 07:04:06.924,1.29368,1.29395,4.57,1.12
2015.05.13 07:04:06.975,1.29368,1.29389,2.62,1.87
2015.05.13 07:04:07.127,1.29365,1.2939,1.00,1.00
2015.05.13 07:04:07.280,1.29363,1.29389,1.50,1.00
2015.05.13 07:04:07.786,1.29363,1.29388,1.50,1.00
2015.05.13 07:04:10.130,1.29363,1.29386,1.00,1.00
2015.05.13 07:04:10.650,1.29364,1.29386,1.00,1.00
2015.05.13 07:04:13.108,1.29363,1.29386,1.00,1.00
2015.05.13 07:04:13.827,1.29365,1.29386,1.87,1.00
2015.05.13 07:04:14.048,1.29363,1.29386,3.00,1.00
2015.05.13 07:04:14.673,1.29366,1.29388,1.00,1.00
2015.05.13 07:04:14.725,1.29367,1.2939,1.00,1.00
2015.05.13 07:04:14.776,1.29373,1.29394,1.00,1.00
2015.05.13 07:04:14.827,1.29373,1.29396,1.00,1.00
2015.05.13 07:04:14.878,1.29386,1.29396,1.00,1.00
2015.05.13 07:04:14.980,1.29386,1.29403,1.00,1.00
2015.05.13 07:04:15.082,1.29391,1.29407,1.00,1.00
2015.05.13 07:04:15.133,1.29391,1.29411,1.00,1.00
2015.05.13 07:04:15.282,1.29391,1.29418,1.00,1.87
2015.05.13 07:04:15.334,1.29391,1.29414,1.00,1.00
2015.05.13 07:04:15.841,1.29392,1.29414,1.00,1.00
2015.05.13 07:04:16.366,1.29391,1.29413,1.00,1.00
2015.05.13 07:04:16.731,1.29387,1.29413,1.50,1.00
2015.05.13 07:04:17.086,1.29387,1.2941,1.50,1.00
2015.05.13 07:04:17.616,1.29385,1.2941,1.00,1.00
2015.05.13 07:04:18.151,1.29386,1.2941,1.00,1.00
2015.05.13 07:04:18.836,1.29385,1.2941,1.00,1.00
2015.05.13 07:04:19.380,1.29386,1.2941,1.00,1.00
2015.05.13 07:04:19.643,1.29384,1.29408,1.00,1.00
2015.05.13 07:04:20.105,1.29384,1.29404,1.00,1.00
2015.05.13 07:04:20.713,1.29377,1.29399,1.00,1.00
2015.05.13 07:04:20.916,1.29376,1.29395,1.00,1.00
2015.05.13 07:04:21.058,1.29372,1.29396,1.12,1.50
2015.05.13 07:04:21.160,1.29373,1.29393,1.00,1.00
2015.05.13 07:04:21.363,1.29366,1.29388,1.87,1.00
2015.05.13 07:04:21.465,1.29365,1.29385,1.50,1.00
2015.05.13 07:04:21.770,1.29367,1.29387,1.37,1.00
2015.05.13 07:04:21.821,1.29367,1.29389,1.37,1.50
2015.05.13 07:04:22.022,1.29367,1.29385,1.87,1.00
2015.05.13 07:04:22.471,1.29366,1.29381,1.00,1.00
2015.05.13 07:04:22.573,1.29366,1.29383,1.00,1.00
2015.05.13 07:04:22.776,1.29366,1.29386,1.00,1.00
2015.05.13 07:04:23.352,1.29366,1.29385,1.00,1.00
2015.05.13 07:04:23.454,1.29366,1.29388,1.00,1.00
2015.05.13 07:04:23.985,1.29366,1.2939,1.00,1.00
2015.05.13 07:04:24.036,1.29367,1.29392,1.50,1.00
2015.05.13 07:04:24.239,1.29367,1.29388,1.87,1.00
2015.05.13 07:04:24.452,1.29367,1.29391,1.50,1.00
2015.05.13 07:04:25.006,1.29367,1.2939,1.50,1.00
2015.05.13 07:04:25.108,1.2937,1.2939,1.00,1.00
2015.05.13 07:04:25.210,1.2937,1.29395,1.00,1.00
2015.05.13 07:04:25.435,1.29374,1.29399,1.50,1.00
2015.05.13 07:04:25.740,1.29382,1.294,1.00,1.00
2015.05.13 07:04:26.045,1.29391,1.29401,1.00,1.00
2015.05.13 07:04:26.349,1.29388,1.294,1.50,1.00
2015.05.13 07:04:26.714,1.29388,1.29404,1.00,1.00
2015.05.13 07:04:26.816,1.29395,1.29415,1.00,1.00
2015.05.13 07:04:26.918,1.29393,1.29415,1.00,1.00
2015.05.13 07:04:27.433,1.29393,1.29415,1.00,1.37
2015.05.13 07:04:27.968,1.29392,1.29415,1.00,1.37
2015.05.13 07:04:28.223,1.2939,1.29413,1.00,1.00
2015.05.13 07:04:28.476,1.29386,1.29413,1.00,1.00
2015.05.13 07:04:28.629,1.29386,1.29411,1.00,1.00
2015.05.13 07:04:30.842,1.29386,1.2941,1.00,1.00
2015.05.13 07:04:31.372,1.29386,1.29409,1.00,1.00
2015.05.13 07:04:31.902,1.29385,1.29407,1.00,1.00
2015.05.13 07:04:32.156,1.2938,1.29407,1.12,2.25
2015.05.13 07:04:34.670,1.29378,1.29403,1.00,1.50
2015.05.13 07:04:34.980,1.29378,1.29395,1.00,1.00
2015.05.13 07:04:35.285,1.29378,1.2939,1.00,1.00
2015.05.13 07:04:35.964,1.29366,1.2939,1.00,1.50
2015.05.13 07:04:37.079,1.29369,1.29393,1.00,1.50
2015.05.13 07:04:37.484,1.29369,1.2939,1.50,1.00
2015.05.13 07:04:37.586,1.29366,1.2939,1.00,1.00
2015.05.13 07:04:38.115,1.29366,1.29391,1.00,1.50
2015.05.13 07:04:41.485,1.29363,1.2939,1.00,1.50
2015.05.13 07:04:41.637,1.29363,1.2939,1.00,2.17
2015.05.13 07:04:41.840,1.29361,1.29388,1.87,1.87
2015.05.13 07:04:42.152,1.29361,1.29386,1.00,1.00
2015.05.13 07:04:42.458,1.29359,1.2938,1.50,1.00
2015.05.13 07:04:43.173,1.29359,1.29382,1.00,1.00
2015.05.13 07:04:44.285,1.29359,1.29379,1.00,1.00
2015.05.13 07:04:44.336,1.29357,1.29379,1.00,1.00
2015.05.13 07:04:44.489,1.29355,1.29378,1.00,1.00
2015.05.13 07:04:44.539,1.29355,1.29376,1.00,1.00
2015.05.13 07:04:44.844,1.29357,1.29376,1.00,1.00
2015.05.13 07:04:45.270,1.29357,1.29378,1.00,1.00
2015.05.13 07:04:46.311,1.29356,1.29378,1.00,1.00
2015.05.13 07:04:46.362,1.29358,1.29378,1.00,1.00
2015.05.13 07:04:46.675,1.29366,1.2938,1.50,1.00
2015.05.13 07:04:46.777,1.29372,1.29389,1.00,1.50
2015.05.13 07:04:46.930,1.29373,1.29396,1.00,1.50
2015.05.13 07:04:47.133,1.29378,1.29396,1.00,1.00
2015.05.13 07:04:47.234,1.29378,1.29398,1.00,1.00
2015.05.13 07:04:47.285,1.29381,1.29398,1.00,1.00
2015.05.13 07:04:47.336,1.29381,1.29401,1.00,1.00
2015.05.13 07:04:47.387,1.29384,1.29401,1.00,1.00
2015.05.13 07:04:47.825,1.29384,1.29407,1.00,1.00
2015.05.13 07:04:47.876,1.29385,1.29409,1.00,1.00
2015.05.13 07:04:48.130,1.29384,1.29407,1.00,1.00
2015.05.13 07:04:48.715,1.29383,1.29407,1.00,1.00
2015.05.13 07:04:49.969,1.29386,1.29407,1.00,1.00
2015.05.13 07:04:50.296,1.29392,1.2941,1.00,1.00
2015.05.13 07:04:50.398,1.29386,1.2941,1.00,1.00
2015.05.13 07:04:50.856,1.29391,1.29411,1.00,1.00
2015.05.13 07:04:51.060,1.29387,1.29411,1.00,1.00
2015.05.13 07:04:51.411,1.29392,1.29411,1.00,1.00
2015.05.13 07:04:54.124,1.29393,1.29411,1.00,1.00
2015.05.13 07:04:55.030,1.29392,1.29411,1.00,1.00
2015.05.13 07:04:55.368,1.29394,1.29414,1.00,1.00
2015.05.13 07:04:55.471,1.29392,1.29414,1.00,1.87
2015.05.13 07:04:55.573,1.29389,1.29413,1.00,1.87
2015.05.13 07:04:55.676,1.29392,1.29413,1.00,1.87
2015.05.13 07:04:56.034,1.29392,1.29411,1.00,1.00
2015.05.13 07:04:56.546,1.29391,1.2941,1.00,1.00
2015.05.13 07:04:56.774,1.29391,1.29412,1.00,1.00
2015.05.13 07:04:56.877,1.29396,1.29412,1.00,1.00
2015.05.13 07:04:57.030,1.29396,1.2942,1.00,1.00
2015.05.13 07:04:57.081,1.29394,1.2942,1.00,1.00
2015.05.13 07:04:57.539,1.29397,1.2942,1.00,1.00
2015.05.13 07:04:57.742,1.29393,1.2942,1.00,1.00
2015.05.13 07:04:58.293,1.29393,1.29419,1.00,1.50
2015.05.13 07:04:58.640,1.29391,1.29418,1.50,1.00
2015.05.13 07:04:59.161,1.29391,1.29417,1.00,1.00
2015.05.13 07:04:59.732,1.29391,1.29416,1.00,1.00
2015.05.13 07:05:00.142,1.29391,1.29414,1.00,1.00
2015.05.13 07:05:00.446,1.29386,1.29408,1.00,1.00
2015.05.13 07:05:00.824,1.29382,1.29407,1.12,1.00
2015.05.13 07:05:01.027,1.29382,1.29404,1.00,1.00
2015.05.13 07:05:01.484,1.29379,1.29401,1.00,1.00
2015.05.13 07:05:01.535,1.29376,1.29401,1.50,1.00
2015.05.13 07:05:01.739,1.29377,1.29398,1.00,1.50
2015.05.13 07:05:02.252,1.29376,1.29398,1.00,1.00
2015.05.13 07:05:02.763,1.29377,1.29398,1.00,1.00
2015.05.13 07:05:04.010,1.29377,1.29399,1.00,1.00
2015.05.13 07:05:04.151,1.29372,1.29398,1.37,1.00
2015.05.13 07:05:04.253,1.29376,1.29398,1.00,1.00
2015.05.13 07:05:04.722,1.29372,1.29399,1.87,1.00
2015.05.13 07:05:05.372,1.29371,1.29397,1.00,1.00
2015.05.13 07:05:05.673,1.29371,1.29394,1.00,1.00
2015.05.13 07:05:06.181,1.29372,1.29394,1.00,1.00
2015.05.13 07:05:06.232,1.2937,1.29394,1.00,1.00
2015.05.13 07:05:06.547,1.2937,1.29392,1.00,1.00
2015.05.13 07:05:07.258,1.2937,1.29391,1.00,1.00
2015.05.13 07:05:07.399,1.2937,1.29394,1.00,1.50
2015.05.13 07:05:09.957,1.29371,1.29394,1.00,1.00
2015.05.13 07:05:10.110,1.29371,1.29397,1.00,1.50
2015.05.13 07:05:10.313,1.29373,1.29397,1.00,1.50
2015.05.13 07:05:11.083,1.29371,1.29397,1.50,1.00
2015.05.13 07:05:11.337,1.29373,1.29397,1.00,1.00
2015.05.13 07:05:11.643,1.29376,1.29398,1.00,1.00
2015.05.13 07:05:13.453,1.29376,1.294,1.12,1.00
2015.05.13 07:05:13.506,1.29386,1.29402,1.00,1.00
2015.05.13 07:05:13.659,1.29386,1.29404,1.00,1.00
2015.05.13 07:05:13.761,1.29382,1.29404,1.00,1.50
2015.05.13 07:05:13.812,1.29379,1.29404,1.50,1.50
2015.05.13 07:05:17.688,1.29381,1.29404,1.00,1.12
2015.05.13 07:05:17.790,1.29382,1.29406,1.00,1.00
2015.05.13 07:05:18.786,1.29381,1.29406,2.25,1.87
2015.05.13 07:05:18.938,1.29381,1.29406,2.25,1.87
2015.05.13 07:05:19.345,1.29383,1.29406,1.00,1.00
2015.05.13 07:05:19.862,1.29384,1.29405,1.00,1.00
2015.05.13 07:05:20.186,1.29386,1.29406,1.00,1.00
2015.05.13 07:05:20.490,1.29388,1.29409,1.00,1.50
2015.05.13 07:05:20.643,1.29391,1.2941,1.00,1.00
2015.05.13 07:05:21.727,1.29391,1.29413,1.50,1.00
2015.05.13 07:05:21.778,1.29391,1.29415,1.50,1.50
2015.05.13 07:05:22.082,1.29391,1.29411,1.00,1.00
2015.05.13 07:05:22.296,1.29386,1.2941,1.50,1.00
2015.05.13 07:05:22.526,1.29386,1.29408,1.50,1.00
2015.05.13 07:05:22.830,1.29386,1.29403,1.00,1.00
2015.05.13 07:05:22.982,1.29382,1.29403,1.00,1.00
2015.05.13 07:05:23.750,1.29386,1.29405,1.00,1.00
2015.05.13 07:05:23.855,1.29383,1.29406,1.00,1.00
2015.05.13 07:05:24.210,1.29382,1.29404,1.00,1.00
2015.05.13 07:05:24.746,1.29386,1.29406,1.00,1.00
2015.05.13 07:05:24.848,1.29383,1.29406,1.00,1.00
2015.05.13 07:05:24.949,1.29387,1.29406,1.00,1.00
2015.05.13 07:05:25.254,1.29391,1.29409,1.00,1.00
2015.05.13 07:05:25.874,1.29391,1.29413,1.00,1.00
2015.05.13 07:05:25.925,1.29394,1.29415,1.00,1.00
2015.05.13 07:05:26.230,1.29397,1.29415,1.00,1.00
2015.05.13 07:05:26.737,1.29397,1.29416,1.00,1.00
2015.05.13 07:05:27.451,1.29396,1.29416,1.00,1.00
2015.05.13 07:05:27.969,1.29397,1.29416,1.00,1.00
2015.05.13 07:05:28.020,1.29392,1.29416,1.00,1.00
2015.05.13 07:05:28.523,1.29391,1.29416,1.50,1.00
2015.05.13 07:05:28.777,1.29392,1.29414,1.00,1.00
2015.05.13 07:05:30.002,1.29391,1.29414,1.00,1.00
2015.05.13 07:05:30.520,1.29391,1.29413,1.00,1.00
2015.05.13 07:05:32.334,1.29392,1.29413,1.00,1.00
2015.05.13 07:05:32.436,1.29389,1.29412,1.00,1.00
2015.05.13 07:05:32.669,1.29386,1.29413,1.50,2.62
2015.05.13 07:05:32.872,1.29387,1.29409,1.00,1.00
2015.05.13 07:05:33.177,1.29381,1.29407,1.50,1.00
2015.05.13 07:05:34.644,1.29381,1.29407,1.00,1.87
2015.05.13 07:05:34.989,1.29381,1.29407,1.00,1.50
2015.05.13 07:05:35.040,1.29387,1.29407,1.00,1.50
2015.05.13 07:05:35.554,1.29386,1.29407,1.00,1.00
2015.05.13 07:05:37.685,1.29382,1.29407,1.00,1.00
2015.05.13 07:05:37.736,1.29382,1.29407,1.00,1.37
2015.05.13 07:05:38.270,1.29381,1.29407,2.25,1.37
2015.05.13 07:05:38.321,1.29381,1.29407,2.25,1.12
2015.05.13 07:05:38.751,1.29381,1.29404,1.50,1.00
2015.05.13 07:05:41.641,1.29382,1.29404,1.00,1.00
2015.05.13 07:05:42.338,1.29381,1.29404,1.00,1.00
2015.05.13 07:05:42.887,1.29382,1.29404,1.00,1.00
2015.05.13 07:05:43.409,1.29383,1.29404,1.00,1.00
2015.05.13 07:05:44.697,1.29381,1.29404,1.00,1.00
2015.05.13 07:05:45.200,1.29379,1.29404,1.00,1.00
2015.05.13 07:05:45.865,1.29381,1.29404,1.00,1.00
2015.05.13 07:05:45.967,1.29379,1.29403,1.00,1.00
2015.05.13 07:05:46.120,1.29379,1.29401,1.00,1.00
2015.05.13 07:05:46.222,1.29376,1.29402,1.00,1.00
2015.05.13 07:05:46.477,1.29376,1.29399,1.00,1.00
2015.05.13 07:05:46.528,1.29373,1.29399,1.00,1.00
2015.05.13 07:05:46.655,1.29372,1.29397,1.00,1.00
2015.05.13 07:05:46.960,1.29374,1.29397,1.00,1.00
2015.05.13 07:05:48.369,1.29372,1.29397,1.50,1.00
2015.05.13 07:05:48.825,1.29374,1.29397,1.00,1.00
2015.05.13 07:05:48.927,1.29372,1.29397,1.00,1.00
2015.05.13 07:05:50.894,1.29372,1.29395,1.00,1.00
2015.05.13 07:05:50.945,1.29369,1.29395,1.00,1.00
2015.05.13 07:05:50.996,1.29368,1.29393,1.50,1.00
2015.05.13 07:05:51.301,1.2937,1.29389,1.00,1.00
2015.05.13 07:05:51.352,1.29367,1.29389,1.00,1.00
2015.05.13 07:05:51.403,1.29367,1.29386,1.00,1.37
2015.05.13 07:05:51.454,1.29362,1.29386,2.25,1.37
2015.05.13 07:05:51.993,1.29362,1.29386,2.25,1.37
2015.05.13 07:05:52.274,1.29362,1.29386,2.25,1.37
2015.05.13 07:05:52.578,1.29365,1.29387,1.00,1.12
2015.05.13 07:05:53.988,1.29367,1.29391,1.00,1.37
2015.05.13 07:05:54.369,1.29367,1.29391,1.00,1.37
2015.05.13 07:05:54.421,1.29365,1.29391,1.00,1.37
2015.05.13 07:05:54.683,1.29365,1.29391,1.00,1.00
2015.05.13 07:05:55.986,1.29365,1.29391,1.00,1.37
2015.05.13 07:05:56.493,1.29365,1.2939,1.50,1.37
2015.05.13 07:05:57.624,1.29364,1.2939,3.00,1.37
2015.05.13 07:05:58.644,1.29364,1.29391,2.25,1.87
2015.05.13 07:05:58.695,1.29366,1.29391,1.00,1.87
2015.05.13 07:05:59.456,1.29367,1.29391,1.00,1.00
2015.05.13 07:06:00.365,1.29365,1.29391,2.25,1.00
2015.05.13 07:06:00.648,1.29365,1.29391,2.25,1.37
2015.05.13 07:06:03.423,1.29367,1.29391,1.00,1.37
2015.05.13 07:06:03.474,1.29367,1.29391,1.00,1.12
2015.05.13 07:06:03.903,1.29367,1.29391,1.00,1.37
2015.05.13 07:06:04.929,1.29367,1.29391,1.00,1.00
2015.05.13 07:06:05.081,1.29365,1.29391,1.50,1.00
2015.05.13 07:06:05.605,1.29366,1.29391,1.00,1.00
2015.05.13 07:06:06.229,1.29368,1.29391,1.00,1.00
2015.05.13 07:06:06.534,1.29372,1.29397,1.00,1.87
2015.05.13 07:06:07.246,1.2937,1.29397,1.50,1.87
2015.05.13 07:06:07.804,1.29369,1.29395,1.00,1.12
2015.05.13 07:06:08.073,1.29371,1.29395,1.00,1.00
2015.05.13 07:06:08.378,1.29374,1.29399,1.00,1.37
2015.05.13 07:06:09.734,1.29371,1.29398,1.50,1.37
2015.05.13 07:06:10.139,1.29376,1.29399,1.00,1.37
2015.05.13 07:06:10.190,1.29376,1.29399,1.00,1.37
2015.05.13 07:06:10.241,1.29392,1.29399,1.00,1.37
2015.05.13 07:06:10.450,1.29404,1.29419,1.00,1.00
2015.05.13 07:06:10.501,1.29404,1.29426,1.00,1.87
2015.05.13 07:06:10.552,1.29404,1.29427,1.00,1.00
2015.05.13 07:06:10.654,1.29408,1.29427,1.00,1.00
2015.05.13 07:06:11.131,1.29402,1.29424,1.00,1.50
2015.05.13 07:06:11.233,1.29399,1.29424,1.00,1.50
2015.05.13 07:06:11.284,1.29396,1.29421,1.00,1.50
2015.05.13 07:06:11.612,1.29392,1.29417,1.00,1.00
2015.05.13 07:06:11.816,1.2939,1.29417,1.00,1.00
2015.05.13 07:06:11.868,1.2939,1.29415,1.00,1.00
2015.05.13 07:06:12.370,1.29392,1.29415,1.00,1.50
2015.05.13 07:06:12.917,1.29392,1.29416,1.00,1.00
2015.05.13 07:06:13.606,1.29393,1.29416,1.00,1.00
2015.05.13 07:06:13.912,1.29396,1.29416,1.00,1.00
2015.05.13 07:06:14.329,1.29393,1.29416,1.00,1.00
2015.05.13 07:06:14.663,1.29393,1.29418,1.00,1.50
2015.05.13 07:06:14.867,1.29393,1.29416,1.00,1.00
2015.05.13 07:06:15.172,1.29388,1.29392,1.00,1.00
2015.05.13 07:06:15.365,1.29371,1.29388,1.00,1.00
2015.05.13 07:06:15.872,1.29372,1.29386,1.00,1.00
2015.05.13 07:06:16.400,1.29371,1.29386,1.00,1.00
2015.05.13 07:06:16.451,1.29371,1.29388,1.00,1.00
2015.05.13 07:06:16.979,1.2937,1.29388,1.00,1.00
2015.05.13 07:06:17.131,1.29367,1.29387,1.50,1.00
2015.05.13 07:06:17.182,1.29367,1.29381,1.00,1.00
2015.05.13 07:06:17.334,1.29358,1.29374,1.00,1.00
2015.05.13 07:06:17.654,1.29356,1.29375,1.50,1.00
2015.05.13 07:06:18.161,1.29357,1.29376,1.00,1.00
2015.05.13 07:06:19.632,1.29361,1.29376,1.00,1.00
2015.05.13 07:06:19.684,1.29361,1.29378,1.00,1.00
2015.05.13 07:06:19.735,1.29367,1.29378,1.00,1.00
2015.05.13 07:06:20.293,1.29381,1.29386,1.00,1.00
2015.05.13 07:06:20.701,1.29387,1.29406,1.00,1.00
2015.05.13 07:06:20.752,1.29387,1.29409,1.00,1.00
2015.05.13 07:06:20.803,1.29385,1.29412,1.50,1.00
2015.05.13 07:06:21.220,1.29382,1.29403,1.00,1.00
2015.05.13 07:06:21.271,1.29377,1.29402,1.00,1.00
2015.05.13 07:06:21.423,1.29377,1.294,1.00,1.00
2015.05.13 07:06:21.576,1.29374,1.29399,1.00,1.50
2015.05.13 07:06:22.233,1.29372,1.29397,1.00,1.00
2015.05.13 07:06:22.548,1.29369,1.29385,1.00,1.00
2015.05.13 07:06:22.600,1.29366,1.29385,1.00,1.00
2015.05.13 07:06:22.652,1.29366,1.29382,1.00,1.00
2015.05.13 07:06:22.703,1.29364,1.29382,1.00,1.00
2015.05.13 07:06:22.755,1.29364,1.29378,1.00,1.00
2015.05.13 07:06:22.806,1.29362,1.29378,1.00,1.00
2015.05.13 07:06:22.908,1.29357,1.29379,1.00,1.00
2015.05.13 07:06:23.011,1.29361,1.29379,1.00,1.00
2015.05.13 07:06:23.316,1.29361,1.29376,1.00,1.00
2015.05.13 07:06:23.500,1.29362,1.29378,1.00,1.00
2015.05.13 07:06:23.958,1.29362,1.29372,1.00,1.00
2015.05.13 07:06:24.010,1.29356,1.29372,1.00,1.00
2015.05.13 07:06:24.062,1.29356,1.29375,1.00,1.00
2015.05.13 07:06:24.164,1.29359,1.29379,1.00,1.00
2015.05.13 07:06:24.266,1.29357,1.29381,1.00,1.00
2015.05.13 07:06:24.575,1.29361,1.29381,1.00,1.00
2015.05.13 07:06:24.881,1.29366,1.29386,1.00,1.00
2015.05.13 07:06:24.933,1.29368,1.29389,1.00,1.00
2015.05.13 07:06:25.035,1.29368,1.29392,1.00,1.00
2015.05.13 07:06:25.290,1.29367,1.29392,1.50,1.87
2015.05.13 07:06:25.804,1.29368,1.29392,1.00,1.87
2015.05.13 07:06:26.708,1.29367,1.29392,1.50,1.00
2015.05.13 07:06:26.810,1.29371,1.29392,1.00,1.00
2015.05.13 07:06:26.912,1.29369,1.29392,1.00,1.12
2015.05.13 07:06:27.426,1.29369,1.29392,1.00,1.37
2015.05.13 07:06:27.969,1.2937,1.29392,1.00,1.37
2015.05.13 07:06:28.720,1.2937,1.29392,1.00,1.00
2015.05.13 07:06:30.836,1.29369,1.29392,1.00,1.00
2015.05.13 07:06:31.415,1.29367,1.29392,2.25,1.12
2015.05.13 07:06:31.740,1.29367,1.29392,1.00,1.87
2015.05.13 07:06:33.502,1.29367,1.29392,1.50,1.12
2015.05.13 07:06:35.351,1.29368,1.29392,1.00,1.87
2015.05.13 07:06:35.901,1.29367,1.29392,1.50,1.87
2015.05.13 07:06:39.129,1.29367,1.29392,1.00,1.87
2015.05.13 07:06:41.978,1.29367,1.29392,1.00,1.12
2015.05.13 07:06:42.452,1.29367,1.29391,1.00,1.37
2015.05.13 07:06:42.757,1.29367,1.29387,1.00,1.37
2015.05.13 07:06:42.859,1.29367,1.29387,1.00,1.12
2015.05.13 07:06:43.011,1.29365,1.29388,1.00,1.37
2015.05.13 07:06:43.113,1.29366,1.29388,1.00,1.00
2015.05.13 07:06:43.557,1.29365,1.29386,1.00,1.00
2015.05.13 07:06:43.608,1.2936,1.29386,1.00,1.00
2015.05.13 07:06:44.188,1.2936,1.29386,1.00,1.37
2015.05.13 07:06:44.492,1.2936,1.29387,1.00,1.00
2015.05.13 07:06:46.456,1.2936,1.29386,1.00,1.00
2015.05.13 07:06:46.710,1.2936,1.29384,1.00,1.37
2015.05.13 07:06:47.016,1.29351,1.29371,1.00,1.00
2015.05.13 07:06:47.073,1.29351,1.29375,1.00,1.00
2015.05.13 07:06:47.544,1.29351,1.29371,1.00,1.00
2015.05.13 07:06:48.473,1.29348,1.29367,1.00,1.00
2015.05.13 07:06:48.792,1.29348,1.29369,1.00,1.00
2015.05.13 07:06:49.004,1.29345,1.29372,1.00,1.37
2015.05.13 07:06:49.519,1.29345,1.29372,1.00,2.25
2015.05.13 07:06:49.876,1.29347,1.29372,1.00,1.00
2015.05.13 07:06:50.434,1.29346,1.29372,1.50,1.00
2015.05.13 07:06:52.481,1.29357,1.29372,1.00,1.00
2015.05.13 07:06:52.635,1.29357,1.29375,1.00,1.00
2015.05.13 07:06:52.737,1.29357,1.29377,1.00,1.00
2015.05.13 07:06:52.788,1.29357,1.29379,1.00,1.50
2015.05.13 07:06:53.093,1.2936,1.29379,1.00,1.00
2015.05.13 07:06:53.144,1.2936,1.29384,1.00,1.50
2015.05.13 07:06:53.651,1.29359,1.29384,1.00,1.50
2015.05.13 07:06:54.071,1.29357,1.29382,1.00,1.00
2015.05.13 07:06:58.449,1.29359,1.29383,1.00,1.00
2015.05.13 07:06:58.926,1.29357,1.29382,1.00,1.50
2015.05.13 07:06:59.029,1.29357,1.2938,1.00,1.00
2015.05.13 07:06:59.334,1.29348,1.29371,1.00,1.00
2015.05.13 07:06:59.638,1.29348,1.29366,1.00,1.00
2015.05.13 07:07:00.572,1.29348,1.29368,1.00,1.00
2015.05.13 07:07:01.538,1.29346,1.29368,1.00,1.00
2015.05.13 07:07:01.640,1.29342,1.29365,1.00,2.25
2015.05.13 07:07:01.692,1.2934,1.2935,1.00,1.00
2015.05.13 07:07:01.847,1.2934,1.29352,1.00,1.00
2015.05.13 07:07:01.900,1.29325,1.29352,1.00,2.25
2015.05.13 07:07:02.003,1.29327,1.29352,1.00,1.00
2015.05.13 07:07:02.105,1.29325,1.29352,1.50,1.00
2015.05.13 07:07:02.258,1.29325,1.29342,1.50,1.00
2015.05.13 07:07:02.485,1.29325,1.29345,1.50,1.00
2015.05.13 07:07:02.994,1.29325,1.29346,1.50,1.00
2015.05.13 07:07:03.556,1.29324,1.29344,1.00,1.00
2015.05.13 07:07:03.878,1.29324,1.2934,1.00,1.00
2015.05.13 07:07:03.929,1.29324,1.29342,1.00,1.00
2015.05.13 07:07:04.387,1.29326,1.29342,1.00,1.00
2015.05.13 07:07:04.438,1.29326,1.29345,1.00,1.00
2015.05.13 07:07:04.879,1.29326,1.29343,1.00,1.00
2015.05.13 07:07:05.032,1.29326,1.29345,1.00,1.00
2015.05.13 07:07:05.236,1.29324,1.29346,1.00,1.00
2015.05.13 07:07:05.541,1.29324,1.29349,1.00,1.00
2015.05.13 07:07:05.770,1.29324,1.29347,1.00,1.00
2015.05.13 07:07:07.861,1.29324,1.2935,1.00,1.00
2015.05.13 07:07:07.912,1.29327,1.2935,1.00,1.00
2015.05.13 07:07:07.964,1.29327,1.29353,1.00,1.50
2015.05.13 07:07:09.075,1.29327,1.29352,1.50,1.00
2015.05.13 07:07:09.154,1.29327,1.2935,1.50,1.00
2015.05.13 07:07:09.965,1.29332,1.29353,1.00,1.00
2015.05.13 07:07:10.169,1.29332,1.29355,1.00,1.00
2015.05.13 07:07:10.372,1.29332,1.29353,1.00,1.00
2015.05.13 07:07:11.802,1.29332,1.29354,1.00,1.00
2015.05.13 07:07:12.194,1.29328,1.29354,1.50,1.00
2015.05.13 07:07:12.346,1.29328,1.29351,1.00,1.00
2015.05.13 07:07:12.989,1.2933,1.29351,1.00,1.00
2015.05.13 07:07:13.040,1.2933,1.29355,1.00,1.00
2015.05.13 07:07:13.369,1.2933,1.29353,1.00,1.12
2015.05.13 07:07:13.421,1.29326,1.2935,1.00,1.00
2015.05.13 07:07:13.472,1.29325,1.29346,1.00,1.00
2015.05.13 07:07:13.575,1.29322,1.29346,1.00,1.00
2015.05.13 07:07:13.677,1.29322,1.29348,1.50,1.00
2015.05.13 07:07:13.779,1.29323,1.2935,1.00,1.50
2015.05.13 07:07:15.112,1.29325,1.2935,1.00,1.00
2015.05.13 07:07:15.242,1.29323,1.2935,1.50,1.00
2015.05.13 07:07:16.464,1.29324,1.2935,1.00,1.00
2015.05.13 07:07:16.659,1.29326,1.2935,1.00,1.00
2015.05.13 07:07:16.863,1.29326,1.29352,1.87,1.00
2015.05.13 07:07:16.914,1.2933,1.29352,1.00,1.00
2015.05.13 07:07:17.119,1.29326,1.29351,1.00,1.00
2015.05.13 07:07:17.171,1.29326,1.29347,1.00,1.00
2015.05.13 07:07:17.273,1.29322,1.29347,1.50,1.00
2015.05.13 07:07:17.324,1.29319,1.29346,1.50,1.00
2015.05.13 07:07:17.376,1.29319,1.29343,1.50,1.00
2015.05.13 07:07:17.636,1.29319,1.29346,1.00,1.00
2015.05.13 07:07:17.690,1.29324,1.29346,1.00,1.00
2015.05.13 07:07:17.995,1.29326,1.29346,1.00,1.00
2015.05.13 07:07:18.097,1.29323,1.29346,1.00,1.00
2015.05.13 07:07:18.198,1.29321,1.29346,1.50,1.50
2015.05.13 07:07:18.659,1.29319,1.29345,1.00,1.00
2015.05.13 07:07:18.710,1.29319,1.29343,1.00,1.00
2015.05.13 07:07:19.284,1.2932,1.29343,1.00,1.00
2015.05.13 07:07:19.957,1.29319,1.29343,1.50,1.00
2015.05.13 07:07:20.262,1.29319,1.29345,1.00,1.00
2015.05.13 07:07:20.791,1.29319,1.29346,1.50,1.50
2015.05.13 07:07:21.374,1.29321,1.29346,1.00,1.50
2015.05.13 07:07:22.592,1.29322,1.29346,1.00,1.50
2015.05.13 07:07:23.867,1.29319,1.29346,1.00,1.50
2015.05.13 07:07:25.869,1.2932,1.29346,1.00,1.00
2015.05.13 07:07:26.391,1.29319,1.29346,1.50,1.50
2015.05.13 07:07:27.982,1.29322,1.29346,1.00,2.25
2015.05.13 07:07:28.185,1.29319,1.29344,1.50,1.00
2015.05.13 07:07:28.287,1.29321,1.29346,1.00,1.50
2015.05.13 07:07:28.945,1.29325,1.29346,1.00,1.00
2015.05.13 07:07:29.098,1.29325,1.29348,1.00,1.00
2015.05.13 07:07:29.250,1.29327,1.29348,1.00,1.00
2015.05.13 07:07:29.555,1.29324,1.29348,1.00,1.00
2015.05.13 07:07:30.063,1.29323,1.29348,1.50,1.00
2015.05.13 07:07:30.589,1.29323,1.29347,1.00,1.00
2015.05.13 07:07:30.640,1.2932,1.29346,1.00,1.00
2015.05.13 07:07:30.693,1.29319,1.29344,1.00,1.00
2015.05.13 07:07:30.795,1.29317,1.29343,1.00,1.00
2015.05.13 07:07:30.896,1.29317,1.29341,1.00,1.00
2015.05.13 07:07:31.406,1.29315,1.29342,1.00,1.50
2015.05.13 07:07:31.923,1.29315,1.29342,3.00,1.00
2015.05.13 07:07:32.278,1.29319,1.29344,1.00,1.00
2015.05.13 07:07:33.975,1.2932,1.29344,1.00,1.00
2015.05.13 07:07:34.484,1.29319,1.29344,1.00,1.00
2015.05.13 07:07:35.434,1.29316,1.29343,2.62,1.00
2015.05.13 07:07:35.942,1.29317,1.29343,1.00,1.00
2015.05.13 07:07:37.103,1.29316,1.29343,1.50,1.87
2015.05.13 07:07:37.626,1.29316,1.29342,1.00,1.50
2015.05.13 07:07:38.132,1.29316,1.29343,1.00,1.87
2015.05.13 07:07:38.693,1.29316,1.29342,1.00,1.00
2015.05.13 07:07:39.243,1.29316,1.29342,1.00,1.37
2015.05.13 07:07:39.706,1.29316,1.29343,1.87,2.25
2015.05.13 07:07:40.804,1.29316,1.29338,1.00,1.00
2015.05.13 07:07:41.111,1.2931,1.29325,1.00,1.00
2015.05.13 07:07:41.365,1.29312,1.29334,1.00,1.12
2015.05.13 07:07:41.568,1.29312,1.29338,1.00,2.25
2015.05.13 07:07:43.792,1.29311,1.29338,1.50,1.50
2015.05.13 07:07:44.274,1.29315,1.2934,1.00,2.25
2015.05.13 07:07:44.325,1.29316,1.29343,1.00,1.12
2015.05.13 07:07:44.427,1.29322,1.29343,1.00,1.00
2015.05.13 07:07:46.283,1.29324,1.29343,1.00,1.00
2015.05.13 07:07:46.791,1.29323,1.29342,1.00,1.00
2015.05.13 07:07:47.315,1.29326,1.29342,1.00,1.00
2015.05.13 07:07:47.639,1.29333,1.29343,1.00,1.00
2015.05.13 07:07:47.742,1.29333,1.29351,1.00,1.50
2015.05.13 07:07:48.047,1.29329,1.29351,1.00,1.50
2015.05.13 07:07:48.201,1.29327,1.2935,1.12,1.00
2015.05.13 07:07:48.525,1.29326,1.29348,1.12,1.00
2015.05.13 07:07:49.610,1.29321,1.29348,1.37,1.50
2015.05.13 07:07:50.148,1.29321,1.29344,1.37,1.00
2015.05.13 07:07:50.199,1.29321,1.29344,1.00,1.00
2015.05.13 07:07:50.563,1.29317,1.29342,1.37,1.00
2015.05.13 07:07:51.108,1.29317,1.29342,1.37,1.50
2015.05.13 07:07:53.004,1.29318,1.29342,1.00,1.00
2015.05.13 07:07:53.506,1.29317,1.29341,1.00,1.00
2015.05.13 07:07:53.958,1.29317,1.29339,1.00,1.00
2015.05.13 07:07:54.379,1.29317,1.29341,1.00,1.00
2015.05.13 07:07:55.141,1.29314,1.29338,1.00,1.00
2015.05.13 07:07:55.394,1.29312,1.29337,2.25,1.00
2015.05.13 07:07:55.496,1.29317,1.29337,1.00,1.00
2015.05.13 07:07:56.340,1.29317,1.29339,1.00,2.25
2015.05.13 07:07:56.795,1.29314,1.29339,1.00,1.50
2015.05.13 07:07:58.234,1.29317,1.29339,1.00,1.00
2015.05.13 07:07:58.821,1.29316,1.29339,1.00,1.00
2015.05.13 07:08:00.314,1.29317,1.29339,1.00,1.00
2015.05.13 07:08:00.835,1.29316,1.29339,1.00,1.00
2015.05.13 07:08:01.141,1.29312,1.29333,1.00,1.00
2015.05.13 07:08:01.351,1.29308,1.29331,1.00,1.00
2015.05.13 07:08:01.406,1.29308,1.29322,1.00,1.00
2015.05.13 07:08:01.811,1.29308,1.29318,1.00,1.00
2015.05.13 07:08:02.166,1.29308,1.29324,1.00,1.00
2015.05.13 07:08:02.268,1.29308,1.2932,1.00,1.00
2015.05.13 07:08:02.605,1.29308,1.29324,1.00,1.00
2015.05.13 07:08:02.706,1.29308,1.29318,1.00,1.00
2015.05.13 07:08:02.758,1.29304,1.29318,1.00,1.00
2015.05.13 07:08:02.911,1.29302,1.29316,1.00,1.00
2015.05.13 07:08:03.165,1.29303,1.29318,1.00,1.00
2015.05.13 07:08:03.267,1.29303,1.29323,1.00,1.00
2015.05.13 07:08:03.368,1.29304,1.29325,1.00,1.12
2015.05.13 07:08:03.571,1.29304,1.29328,1.00,2.62
2015.05.13 07:08:03.879,1.29307,1.29328,1.00,1.37
2015.05.13 07:08:06.333,1.29307,1.29329,1.00,1.12
2015.05.13 07:08:09.249,1.29307,1.29332,1.00,1.00
2015.05.13 07:08:10.233,1.29307,1.29329,1.00,1.00
2015.05.13 07:08:14.718,1.29307,1.29331,1.00,1.12
2015.05.13 07:08:15.184,1.29307,1.29329,1.00,1.00
2015.05.13 07:08:15.691,1.29307,1.29328,1.00,1.00
2015.05.13 07:08:16.513,1.29309,1.29328,1.00,1.00
2015.05.13 07:08:17.814,1.29309,1.29329,1.00,1.00
2015.05.13 07:08:18.444,1.29309,1.29332,1.00,1.37
2015.05.13 07:08:18.546,1.29312,1.29332,1.00,1.00
2015.05.13 07:08:18.699,1.29315,1.29336,1.50,1.00
2015.05.13 07:08:18.800,1.29317,1.29336,1.00,1.00
2015.05.13 07:08:18.902,1.29315,1.2934,1.00,1.87
2015.05.13 07:08:19.059,1.2932,1.2934,1.00,1.37
2015.05.13 07:08:19.571,1.29316,1.2934,1.00,1.00
2015.05.13 07:08:20.580,1.29315,1.2934,1.00,1.00
2015.05.13 07:08:21.640,1.29315,1.29337,1.00,1.00
2015.05.13 07:08:22.147,1.29315,1.29336,1.00,1.00
2015.05.13 07:08:22.198,1.29315,1.29338,1.50,1.00
2015.05.13 07:08:22.387,1.29315,1.29334,1.00,1.00
2015.05.13 07:08:22.692,1.29313,1.29329,1.00,1.00
2015.05.13 07:08:22.845,1.29313,1.29331,1.00,1.00
2015.05.13 07:08:23.048,1.29313,1.29329,1.00,1.00
2015.05.13 07:08:23.579,1.29313,1.29328,1.00,1.00
2015.05.13 07:08:23.681,1.2931,1.29328,1.00,1.00
2015.05.13 07:08:24.292,1.2931,1.2933,1.00,1.00
2015.05.13 07:08:24.596,1.2931,1.29327,1.00,1.00
2015.05.13 07:08:26.159,1.2931,1.29329,1.00,1.00
2015.05.13 07:08:26.710,1.2931,1.29328,1.00,1.00
2015.05.13 07:08:27.646,1.2931,1.29331,1.00,1.12
2015.05.13 07:08:28.484,1.2931,1.29333,1.00,1.00
2015.05.13 07:08:29.003,1.2931,1.29332,1.00,1.00
2015.05.13 07:08:29.456,1.2931,1.29334,1.00,1.12
2015.05.13 07:08:30.422,1.2931,1.29332,1.00,1.37
2015.05.13 07:08:31.726,1.2931,1.29329,1.00,1.00
2015.05.13 07:08:33.960,1.29311,1.29329,1.00,1.00
2015.05.13 07:08:34.062,1.29311,1.29332,1.00,1.00
2015.05.13 07:08:34.569,1.29312,1.29332,1.00,1.00
2015.05.13 07:08:34.772,1.29317,1.29332,1.00,1.00
2015.05.13 07:08:35.026,1.29317,1.29337,1.00,1.00
2015.05.13 07:08:35.186,1.29314,1.29337,1.00,1.00
2015.05.13 07:08:35.241,1.29317,1.29337,1.00,1.00
2015.05.13 07:08:35.292,1.29317,1.29339,1.00,1.00
2015.05.13 07:08:35.548,1.29317,1.29341,1.00,1.00
2015.05.13 07:08:35.751,1.29322,1.29341,1.00,1.00
2015.05.13 07:08:35.954,1.29317,1.29341,1.50,1.00
2015.05.13 07:08:36.476,1.29316,1.29341,1.00,1.00
2015.05.13 07:08:36.997,1.29317,1.29341,1.00,1.00
2015.05.13 07:08:38.410,1.29318,1.29341,1.00,1.00
2015.05.13 07:08:40.609,1.29317,1.29341,1.00,1.00
2015.05.13 07:08:41.417,1.29319,1.29341,1.00,1.00
2015.05.13 07:08:41.728,1.29322,1.29343,1.00,1.00
2015.05.13 07:08:42.272,1.29323,1.29343,1.00,1.00
2015.05.13 07:08:42.823,1.29322,1.29343,1.00,1.00
2015.05.13 07:08:43.370,1.29321,1.29343,1.00,1.00
2015.05.13 07:08:43.882,1.29318,1.29343,1.50,1.00
2015.05.13 07:08:44.436,1.29325,1.29343,1.00,1.00
2015.05.13 07:08:44.487,1.29325,1.29347,1.00,1.00
2015.05.13 07:08:44.855,1.29327,1.29348,1.00,1.37
2015.05.13 07:08:45.177,1.2933,1.29348,1.00,1.37
2015.05.13 07:08:45.747,1.29331,1.29348,1.00,1.12
2015.05.13 07:08:45.900,1.29332,1.29351,1.00,1.87
2015.05.13 07:08:46.984,1.29327,1.29352,1.00,1.37
2015.05.13 07:08:47.187,1.29327,1.29354,1.00,1.87
2015.05.13 07:08:47.395,1.29327,1.29354,1.50,1.87
2015.05.13 07:08:48.270,1.29329,1.29354,1.00,1.37
2015.05.13 07:08:48.604,1.29327,1.29353,1.50,1.37
2015.05.13 07:08:48.917,1.29329,1.29353,1.00,1.37
2015.05.13 07:08:50.114,1.29327,1.29354,2.25,1.87
2015.05.13 07:08:50.266,1.29327,1.29354,2.25,1.87
2015.05.13 07:08:50.895,1.29327,1.29352,1.50,1.00
2015.05.13 07:08:51.099,1.29327,1.29354,1.00,1.87
2015.05.13 07:08:51.150,1.29331,1.29354,1.00,1.87
2015.05.13 07:08:51.353,1.29327,1.29354,1.50,1.00
2015.05.13 07:08:51.877,1.29327,1.29352,1.50,1.00
2015.05.13 07:08:52.182,1.29332,1.29352,1.00,1.00
2015.05.13 07:08:52.696,1.29332,1.29353,1.00,1.00
2015.05.13 07:08:53.239,1.29332,1.29354,1.00,2.25
2015.05.13 07:08:53.797,1.2933,1.29354,1.00,2.25
2015.05.13 07:08:53.848,1.29327,1.29354,1.50,2.25
2015.05.13 07:08:54.387,1.29327,1.29353,1.50,1.00
2015.05.13 07:08:54.929,1.29328,1.29353,1.00,1.00
2015.05.13 07:08:55.491,1.29328,1.29354,1.00,1.12
2015.05.13 07:08:55.542,1.29331,1.29354,1.00,1.12
2015.05.13 07:08:56.084,1.29332,1.29354,1.00,1.00
2015.05.13 07:08:56.840,1.29332,1.29355,1.00,1.00
2015.05.13 07:08:57.347,1.29331,1.29355,1.50,1.12
2015.05.13 07:08:57.880,1.29332,1.29355,1.00,1.12
2015.05.13 07:08:59.149,1.29331,1.29355,1.50,1.12
2015.05.13 07:09:00.890,1.29331,1.29355,1.00,1.37
2015.05.13 07:09:01.461,1.29331,1.29355,1.00,1.12
2015.05.13 07:09:03.966,1.29331,1.29355,1.87,1.00
2015.05.13 07:09:04.712,1.29331,1.29355,2.25,1.00
2015.05.13 07:09:05.219,1.29332,1.29357,1.00,1.87
2015.05.13 07:09:07.185,1.29331,1.29355,1.00,1.00
2015.05.13 07:09:07.693,1.29332,1.29355,1.50,1.00
2015.05.13 07:09:07.745,1.29332,1.29358,1.00,1.00
2015.05.13 07:09:07.847,1.29336,1.29358,1.00,1.00
2015.05.13 07:09:07.898,1.29336,1.29361,3.82,1.50
2015.05.13 07:09:07.949,1.29345,1.29367,1.00,1.50
2015.05.13 07:09:08.307,1.29347,1.29367,1.00,1.00
2015.05.13 07:09:08.655,1.29349,1.29368,1.00,1.00
2015.05.13 07:09:08.959,1.29352,1.29368,1.00,1.00
2015.05.13 07:09:09.061,1.29352,1.29371,1.00,1.00
2015.05.13 07:09:09.264,1.29348,1.29371,1.00,1.00
2015.05.13 07:09:09.833,1.29347,1.29372,1.50,1.00
2015.05.13 07:09:09.935,1.29352,1.29375,1.00,1.50
2015.05.13 07:09:10.242,1.29354,1.29375,1.00,1.00
2015.05.13 07:09:10.448,1.29351,1.29375,2.70,1.00
2015.05.13 07:09:10.702,1.2935,1.29373,1.00,1.00
2015.05.13 07:09:11.263,1.29346,1.2937,1.00,1.00
2015.05.13 07:09:11.314,1.29344,1.29369,1.00,1.00
2015.05.13 07:09:11.365,1.29347,1.29368,1.00,1.00
2015.05.13 07:09:11.916,1.29347,1.29369,1.00,1.00
2015.05.13 07:09:13.249,1.29342,1.29369,2.25,1.00
2015.05.13 07:09:13.766,1.29342,1.29367,1.50,1.00
2015.05.13 07:09:13.970,1.29342,1.29369,1.50,1.50
2015.05.13 07:09:14.123,1.29342,1.29367,1.00,1.37
2015.05.13 07:09:14.445,1.29331,1.29351,1.00,1.00
2015.05.13 07:09:15.107,1.29332,1.29351,1.00,1.00
2015.05.13 07:09:15.707,1.29331,1.29351,1.00,1.00
2015.05.13 07:09:16.248,1.29331,1.2935,1.00,1.00
2015.05.13 07:09:16.401,1.29331,1.29352,1.00,1.00
2015.05.13 07:09:18.285,1.29331,1.29353,1.87,1.00
2015.05.13 07:09:18.386,1.29331,1.29355,1.87,1.50
2015.05.13 07:09:18.727,1.29331,1.29353,1.50,1.00
2015.05.13 07:09:19.147,1.29331,1.29355,2.25,1.00
2015.05.13 07:09:19.503,1.29331,1.29351,1.00,1.00
2015.05.13 07:09:19.606,1.29331,1.29353,1.00,1.00
2015.05.13 07:09:19.813,1.29331,1.29355,1.00,1.50
2015.05.13 07:09:20.757,1.29332,1.29355,1.00,1.00
2015.05.13 07:09:21.264,1.29331,1.29355,2.70,1.00
2015.05.13 07:09:23.030,1.29332,1.29355,1.00,1.00
2015.05.13 07:09:30.507,1.29333,1.29358,1.00,1.00
2015.05.13 07:09:32.258,1.29334,1.29358,1.00,1.00
2015.05.13 07:09:32.766,1.29336,1.29358,1.00,1.00
2015.05.13 07:09:34.115,1.29333,1.29358,1.50,1.00
2015.05.13 07:09:39.264,1.29333,1.29355,1.00,1.00
2015.05.13 07:09:39.417,1.29331,1.29355,1.50,1.00
2015.05.13 07:09:39.627,1.29331,1.29352,1.00,1.00
2015.05.13 07:09:39.678,1.29328,1.29352,1.00,1.00
2015.05.13 07:09:39.831,1.29328,1.2935,1.00,1.00
2015.05.13 07:09:39.932,1.29328,1.29354,1.00,1.00
2015.05.13 07:09:40.623,1.29328,1.29345,1.00,1.00
2015.05.13 07:09:40.675,1.29326,1.29345,1.00,1.00
2015.05.13 07:09:40.879,1.29323,1.29345,1.00,1.00
2015.05.13 07:09:40.930,1.29323,1.29343,1.00,1.00
2015.05.13 07:09:41.032,1.29321,1.29343,2.25,1.00
2015.05.13 07:09:41.287,1.29323,1.29347,1.00,1.00
2015.05.13 07:09:41.440,1.29326,1.29347,1.00,1.00
2015.05.13 07:09:41.854,1.29323,1.29348,1.00,1.00
2015.05.13 07:09:41.956,1.29326,1.29348,1.00,1.00
2015.05.13 07:09:42.472,1.29327,1.29348,1.00,1.00
2015.05.13 07:09:43.021,1.29326,1.29348,1.00,1.00
2015.05.13 07:09:43.073,1.29326,1.2935,1.00,1.00
2015.05.13 07:09:43.124,1.29328,1.29352,1.00,1.00
2015.05.13 07:09:43.429,1.29332,1.29355,1.00,1.00
2015.05.13 07:09:43.696,1.29329,1.29355,1.00,1.00
2015.05.13 07:09:45.439,1.29328,1.29355,1.00,2.25
2015.05.13 07:09:46.098,1.29328,1.29355,1.00,2.25
2015.05.13 07:09:46.452,1.29327,1.29351,1.00,1.00
2015.05.13 07:09:46.757,1.29323,1.2935,1.00,4.57
2015.05.13 07:09:47.295,1.29324,1.2935,1.00,2.70
2015.05.13 07:09:47.549,1.29325,1.29347,1.00,1.00
2015.05.13 07:09:47.806,1.29325,1.2935,1.00,1.00
2015.05.13 07:09:47.908,1.29326,1.29352,1.00,1.87
2015.05.13 07:09:48.448,1.29326,1.2935,1.50,1.00
2015.05.13 07:09:48.965,1.29327,1.2935,1.00,1.00
2015.05.13 07:09:50.049,1.29328,1.2935,1.00,1.00
2015.05.13 07:09:50.599,1.29328,1.29351,1.00,1.00
2015.05.13 07:09:53.041,1.29327,1.29351,1.00,1.00
2015.05.13 07:09:53.397,1.29331,1.29351,1.00,1.00
2015.05.13 07:09:53.499,1.29329,1.29351,1.00,1.00
2015.05.13 07:09:53.702,1.29327,1.29351,1.00,1.00
2015.05.13 07:09:53.939,1.29327,1.29349,1.00,1.00
2015.05.13 07:09:54.448,1.29326,1.29349,1.00,1.00
2015.05.13 07:09:54.971,1.29327,1.29349,1.00,1.00
2015.05.13 07:09:56.049,1.29326,1.29349,1.00,1.00
2015.05.13 07:09:56.715,1.29327,1.29349,1.00,1.00
2015.05.13 07:09:57.455,1.29326,1.29349,1.00,1.00
2015.05.13 07:09:58.227,1.29332,1.29349,1.00,1.00
2015.05.13 07:09:58.329,1.29332,1.29352,1.00,1.00
2015.05.13 07:09:58.380,1.29337,1.29353,1.00,1.00
2015.05.13 07:09:58.533,1.29336,1.29357,1.00,1.00
2015.05.13 07:09:59.073,1.29337,1.29357,1.00,1.00
2015.05.13 07:09:59.811,1.29336,1.29357,1.00,1.00
2015.05.13 07:10:00.201,1.29342,1.29357,1.00,1.00
2015.05.13 07:10:00.303,1.29336,1.29357,1.50,1.00
2015.05.13 07:10:02.619,1.29337,1.29357,1.00,1.00
2015.05.13 07:10:03.034,1.29338,1.29359,1.00,1.00
2015.05.13 07:10:03.197,1.29338,1.29361,1.00,1.50
2015.05.13 07:10:03.502,1.29341,1.29361,1.50,1.50
2015.05.13 07:10:09.005,1.29341,1.29363,1.00,1.00
2015.05.13 07:10:09.208,1.29343,1.29366,1.00,1.50
2015.05.13 07:10:10.412,1.29346,1.29366,1.00,1.50
2015.05.13 07:10:10.861,1.29343,1.29366,1.00,1.50
2015.05.13 07:10:12.075,1.29342,1.29366,1.00,1.50
2015.05.13 07:10:12.531,1.29346,1.29364,1.00,1.00
2015.05.13 07:10:12.685,1.29342,1.29362,1.00,1.00
2015.05.13 07:10:13.977,1.29345,1.29365,1.00,1.00
2015.05.13 07:10:14.290,1.29347,1.2937,1.00,1.00
2015.05.13 07:10:14.392,1.29349,1.2937,1.00,1.00
2015.05.13 07:10:14.696,1.29352,1.29372,1.00,1.50
2015.05.13 07:10:14.849,1.29349,1.29372,1.00,1.50
2015.05.13 07:10:16.401,1.29354,1.29372,1.00,1.50
2015.05.13 07:10:18.590,1.29349,1.29372,1.50,1.00
2015.05.13 07:10:18.950,1.29347,1.29372,1.00,1.50
2015.05.13 07:10:19.001,1.29347,1.29369,1.00,1.00
2015.05.13 07:10:19.357,1.29347,1.29371,1.00,1.00
2015.05.13 07:10:19.864,1.29348,1.29371,1.00,1.00
2015.05.13 07:10:22.579,1.29349,1.29371,1.00,1.00
2015.05.13 07:10:23.087,1.29349,1.29372,1.00,1.00
2015.05.13 07:10:24.857,1.29348,1.29372,1.00,1.00
2015.05.13 07:10:25.385,1.29347,1.29372,1.00,1.00
2015.05.13 07:10:25.851,1.29346,1.29366,1.00,1.00
2015.05.13 07:10:26.188,1.29342,1.2936,1.00,1.00
2015.05.13 07:10:26.391,1.29338,1.2936,1.00,1.00
2015.05.13 07:10:26.596,1.29338,1.29357,1.00,1.00
2015.05.13 07:10:27.516,1.29338,1.29359,1.00,1.00
2015.05.13 07:10:31.380,1.29338,1.29358,1.00,1.00
2015.05.13 07:10:31.820,1.29338,1.2936,1.00,1.00
2015.05.13 07:10:32.374,1.29338,1.29359,1.00,1.00
2015.05.13 07:10:32.476,1.29336,1.29359,1.00,1.00
2015.05.13 07:10:32.628,1.29336,1.29361,1.00,1.00
2015.05.13 07:10:32.679,1.29336,1.29359,1.00,1.00
2015.05.13 07:10:33.194,1.29336,1.2936,1.00,1.00
2015.05.13 07:10:33.759,1.29336,1.2936,1.37,1.00
2015.05.13 07:10:34.706,1.29341,1.2936,1.00,1.00
2015.05.13 07:10:35.384,1.29337,1.29361,1.37,1.00
2015.05.13 07:10:35.435,1.29337,1.29362,3.37,1.00
2015.05.13 07:10:36.060,1.29353,1.29372,1.00,1.00
2015.05.13 07:10:36.112,1.29351,1.29372,1.50,1.00
2015.05.13 07:10:37.243,1.29352,1.29372,1.00,1.00
2015.05.13 07:10:37.806,1.29355,1.29372,1.00,1.00
2015.05.13 07:10:37.857,1.29355,1.29375,1.00,1.50
2015.05.13 07:10:37.958,1.29355,1.29378,1.00,1.00
2015.05.13 07:10:38.009,1.29363,1.29378,1.00,1.00
2015.05.13 07:10:38.060,1.29363,1.2938,1.00,1.00
2015.05.13 07:10:39.146,1.29363,1.29378,1.00,1.00
2015.05.13 07:10:39.350,1.29355,1.29378,1.00,1.00
2015.05.13 07:10:39.451,1.29355,1.29376,1.00,1.00
2015.05.13 07:10:39.756,1.29352,1.29374,1.00,1.00
2015.05.13 07:10:40.037,1.29347,1.29371,1.50,1.00
2015.05.13 07:10:41.370,1.29345,1.29368,1.12,1.00
2015.05.13 07:10:42.568,1.29345,1.29365,1.00,1.00
2015.05.13 07:10:42.620,1.2934,1.29365,1.00,1.50
2015.05.13 07:10:42.671,1.2934,1.29362,1.00,1.00
2015.05.13 07:10:48.273,1.29336,1.29362,2.25,1.00
2015.05.13 07:10:48.324,1.29336,1.29357,1.50,1.00
2015.05.13 07:10:48.476,1.29331,1.29354,1.00,1.00
2015.05.13 07:10:48.578,1.29333,1.29354,1.00,1.00
2015.05.13 07:10:48.630,1.29333,1.29356,1.00,1.00
2015.05.13 07:10:49.163,1.29333,1.29357,1.50,1.00
2015.05.13 07:10:49.221,1.29336,1.29357,1.00,1.00
2015.05.13 07:10:50.807,1.29333,1.29357,1.50,1.00
2015.05.13 07:10:51.764,1.29336,1.29357,1.00,1.00
2015.05.13 07:10:54.337,1.29336,1.29358,1.00,1.50
2015.05.13 07:10:54.973,1.29336,1.2936,1.37,1.50
2015.05.13 07:10:55.227,1.29352,1.29375,1.00,1.50
2015.05.13 07:10:55.380,1.29357,1.29376,1.00,1.00
2015.05.13 07:10:55.583,1.29351,1.29374,1.00,1.00
2015.05.13 07:10:55.796,1.29348,1.29374,1.50,1.00
2015.05.13 07:10:56.000,1.29348,1.29371,1.00,1.00
2015.05.13 07:10:57.960,1.29351,1.29373,1.00,1.00
2015.05.13 07:10:58.062,1.29348,1.29373,2.25,1.00
2015.05.13 07:10:58.163,1.29348,1.29374,1.37,1.00
2015.05.13 07:10:58.761,1.29353,1.29375,1.00,1.50
2015.05.13 07:10:59.223,1.29351,1.29375,1.00,1.50
2015.05.13 07:11:00.629,1.2935,1.29375,1.12,1.50
2015.05.13 07:11:01.012,1.29352,1.29375,1.00,1.50
2015.05.13 07:11:01.317,1.29359,1.29376,1.00,1.00
2015.05.13 07:11:01.368,1.29359,1.29378,1.00,1.00
2015.05.13 07:11:01.419,1.29363,1.29378,1.00,1.00
2015.05.13 07:11:01.470,1.29363,1.29382,1.00,1.00
2015.05.13 07:11:01.846,1.29357,1.29381,1.50,1.00
2015.05.13 07:11:01.899,1.29357,1.29379,1.00,1.00
2015.05.13 07:11:02.364,1.29357,1.29375,1.00,1.00
2015.05.13 07:11:02.415,1.29355,1.29375,1.00,1.00
2015.05.13 07:11:02.567,1.29351,1.29375,1.00,1.00
2015.05.13 07:11:02.669,1.29351,1.29372,1.00,1.00
2015.05.13 07:11:02.884,1.29348,1.29372,1.00,1.00
2015.05.13 07:11:03.393,1.29347,1.29372,1.00,1.50
2015.05.13 07:11:03.444,1.29352,1.29372,1.00,1.50
2015.05.13 07:11:03.868,1.29349,1.29372,1.00,1.00
2015.05.13 07:11:04.121,1.29351,1.29372,1.00,1.00
2015.05.13 07:11:04.426,1.29351,1.29375,1.87,1.00
2015.05.13 07:11:04.683,1.29352,1.29373,1.00,1.00
2015.05.13 07:11:07.474,1.29352,1.29374,1.00,1.00
2015.05.13 07:11:08.011,1.29352,1.29374,1.37,1.00
2015.05.13 07:11:08.420,1.29351,1.29374,1.12,1.00
2015.05.13 07:11:08.611,1.29347,1.29371,1.87,1.00
2015.05.13 07:11:08.916,1.29352,1.29371,1.00,1.00
2015.05.13 07:11:09.068,1.29352,1.29374,1.00,2.25
2015.05.13 07:11:10.518,1.29351,1.29374,1.12,1.50
2015.05.13 07:11:10.620,1.29353,1.29376,1.37,1.00
2015.05.13 07:11:11.166,1.29353,1.29376,1.50,1.00
2015.05.13 07:11:11.828,1.29352,1.29376,1.12,1.00
2015.05.13 07:11:12.130,1.2935,1.29372,2.62,1.00
2015.05.13 07:11:12.438,1.29348,1.29364,1.00,1.00
2015.05.13 07:11:13.690,1.29347,1.29364,1.00,1.00
2015.05.13 07:11:14.198,1.29351,1.29364,1.00,1.00
2015.05.13 07:11:14.250,1.29351,1.29369,1.00,1.00
2015.05.13 07:11:14.353,1.29359,1.29369,1.00,1.00
2015.05.13 07:11:14.456,1.29362,1.29377,1.00,1.00
2015.05.13 07:11:14.558,1.29364,1.29377,1.00,1.00
2015.05.13 07:11:14.698,1.29364,1.2938,1.00,1.00
2015.05.13 07:11:14.801,1.29362,1.2938,1.50,1.00
2015.05.13 07:11:15.258,1.29365,1.2938,1.00,1.00
2015.05.13 07:11:16.128,1.29366,1.29384,1.00,1.50
2015.05.13 07:11:16.229,1.2937,1.29384,1.00,1.00
2015.05.13 07:11:16.432,1.29372,1.29387,1.00,1.50
2015.05.13 07:11:16.941,1.29371,1.29388,1.00,1.00
2015.05.13 07:11:17.515,1.29371,1.2939,1.00,1.00
2015.05.13 07:11:17.567,1.29375,1.29392,1.00,1.00
2015.05.13 07:11:17.770,1.29371,1.29392,1.00,1.00
2015.05.13 07:11:17.872,1.29374,1.29392,1.00,1.00
2015.05.13 07:11:17.923,1.29374,1.29395,1.00,1.00
2015.05.13 07:11:20.063,1.29372,1.29395,1.00,1.00
2015.05.13 07:11:20.164,1.29378,1.29395,1.00,1.00
2015.05.13 07:11:20.215,1.29378,1.29398,1.00,1.50
2015.05.13 07:11:20.317,1.29382,1.29398,1.00,1.00
2015.05.13 07:11:20.368,1.29382,1.294,1.00,1.00
2015.05.13 07:11:20.420,1.29382,1.29403,1.00,1.50
2015.05.13 07:11:22.449,1.29383,1.29403,1.00,1.00
2015.05.13 07:11:23.064,1.29384,1.29403,1.00,1.00
2015.05.13 07:11:24.959,1.29378,1.29403,1.00,1.00
2015.05.13 07:11:25.486,1.29378,1.29402,1.00,1.00
2015.05.13 07:11:26.992,1.29376,1.294,1.50,1.00
2015.05.13 07:11:27.501,1.29376,1.29401,1.00,1.50
2015.05.13 07:11:28.758,1.29377,1.29401,1.00,1.50
2015.05.13 07:11:30.172,1.29376,1.29401,1.50,1.00
2015.05.13 07:11:38.296,1.29378,1.29401,1.00,1.00
2015.05.13 07:11:39.933,1.29381,1.29403,1.00,1.00
2015.05.13 07:11:40.442,1.2938,1.29403,1.00,1.00
2015.05.13 07:11:44.772,1.29383,1.29403,1.00,1.00
2015.05.13 07:11:45.876,1.29382,1.29403,1.00,1.00
2015.05.13 07:11:46.915,1.29379,1.29403,1.00,1.00
2015.05.13 07:11:47.709,1.29381,1.29403,1.00,1.00
2015.05.13 07:11:48.244,1.29381,1.29403,1.37,1.00
2015.05.13 07:11:48.753,1.29381,1.29403,1.00,1.00
2015.05.13 07:11:49.273,1.29381,1.29403,1.37,1.00
2015.05.13 07:11:49.803,1.29381,1.29403,1.12,1.00
2015.05.13 07:11:50.895,1.29379,1.29403,1.37,1.00
2015.05.13 07:11:51.422,1.29379,1.29403,1.12,1.00
2015.05.13 07:11:51.986,1.29379,1.29403,1.37,1.00
2015.05.13 07:11:52.490,1.29381,1.29403,1.00,1.00
2015.05.13 07:11:53.275,1.2938,1.29403,1.50,1.00
2015.05.13 07:11:53.666,1.29382,1.29403,1.00,1.00
2015.05.13 07:11:53.934,1.29382,1.29406,1.12,1.00
2015.05.13 07:12:00.817,1.29381,1.29406,1.00,1.50
2015.05.13 07:12:01.353,1.29382,1.29406,1.00,1.50
2015.05.13 07:12:01.894,1.29381,1.29406,1.00,1.50
2015.05.13 07:12:06.637,1.29378,1.29405,1.50,1.00
2015.05.13 07:12:09.700,1.2938,1.29405,1.00,1.00
2015.05.13 07:12:11.018,1.29382,1.29405,1.00,1.00
2015.05.13 07:12:14.558,1.29384,1.29405,1.00,1.00
2015.05.13 07:12:14.864,1.29392,1.29413,1.00,1.00
2015.05.13 07:12:14.965,1.29392,1.29416,1.00,1.00
2015.05.13 07:12:15.486,1.29392,1.29417,1.50,1.00
2015.05.13 07:12:18.840,1.29392,1.29415,1.00,1.00
2015.05.13 07:12:18.892,1.29389,1.29413,1.00,1.00
2015.05.13 07:12:19.146,1.29389,1.29411,1.00,1.00
2015.05.13 07:12:19.349,1.29384,1.2941,1.00,1.00
2015.05.13 07:12:20.188,1.29382,1.29407,3.37,1.00
2015.05.13 07:12:20.392,1.29382,1.29407,2.25,1.00
2015.05.13 07:12:20.544,1.29382,1.29403,1.00,1.00
2015.05.13 07:12:20.597,1.29379,1.29403,2.25,1.00
2015.05.13 07:12:20.649,1.29379,1.29406,2.25,1.50
2015.05.13 07:12:20.801,1.29379,1.29405,1.87,1.37
2015.05.13 07:12:21.114,1.29379,1.29401,1.00,1.00
2015.05.13 07:12:21.625,1.29378,1.29401,1.00,1.00
2015.05.13 07:12:21.882,1.29378,1.29403,1.50,1.00
2015.05.13 07:12:22.740,1.29379,1.29403,1.00,1.00
2015.05.13 07:12:23.325,1.29378,1.29403,2.25,1.00
2015.05.13 07:12:24.850,1.29379,1.29403,1.00,1.00
2015.05.13 07:12:24.901,1.2938,1.29405,1.00,1.00
2015.05.13 07:12:29.701,1.29382,1.29405,1.00,1.00
2015.05.13 07:12:30.410,1.29381,1.29405,1.00,1.00
2015.05.13 07:12:30.759,1.29377,1.29398,1.00,1.00
2015.05.13 07:12:30.810,1.29377,1.29401,2.25,1.00
2015.05.13 07:12:30.912,1.29377,1.29404,1.50,1.00
2015.05.13 07:12:31.043,1.29379,1.29406,1.50,2.70
2015.05.13 07:12:31.560,1.2938,1.29406,1.00,1.00
2015.05.13 07:12:33.160,1.29379,1.29406,1.50,1.50
2015.05.13 07:12:37.877,1.29375,1.29399,1.00,1.00
2015.05.13 07:12:38.184,1.29373,1.29398,1.00,1.50
2015.05.13 07:12:44.486,1.29373,1.29397,1.00,1.00
2015.05.13 07:12:44.943,1.29371,1.29395,1.00,1.00
2015.05.13 07:12:46.171,1.29371,1.29396,1.00,1.50
2015.05.13 07:12:49.386,1.29373,1.29396,1.00,1.00
2015.05.13 07:12:49.690,1.29371,1.29396,1.50,1.00
2015.05.13 07:12:50.216,1.29372,1.29396,1.00,1.00
2015.05.13 07:12:50.267,1.29375,1.29396,1.00,1.00
2015.05.13 07:12:50.572,1.29372,1.29396,1.00,1.00
2015.05.13 07:12:50.877,1.29374,1.29396,1.00,1.00
2015.05.13 07:12:52.045,1.29375,1.29396,1.00,1.00
2015.05.13 07:12:52.149,1.29375,1.29398,1.00,1.00
2015.05.13 07:12:52.506,1.29373,1.29398,2.25,1.00
2015.05.13 07:12:52.811,1.29375,1.29398,1.00,1.00
2015.05.13 07:12:53.272,1.29375,1.29401,1.00,1.00
2015.05.13 07:12:54.158,1.29377,1.29401,1.00,1.00
2015.05.13 07:12:54.601,1.29379,1.29401,1.00,1.00
2015.05.13 07:12:54.916,1.29381,1.29401,1.00,1.00
2015.05.13 07:12:55.514,1.2938,1.29401,1.00,1.00
2015.05.13 07:12:58.935,1.2938,1.29403,1.00,1.00
2015.05.13 07:12:59.467,1.29379,1.29403,1.00,1.00
2015.05.13 07:13:00.128,1.29378,1.29403,1.50,1.00
2015.05.13 07:13:08.969,1.29379,1.29403,1.00,1.00
2015.05.13 07:13:09.529,1.2938,1.29403,1.00,1.00
2015.05.13 07:13:09.692,1.2938,1.29406,1.00,1.00
2015.05.13 07:13:10.200,1.29379,1.29406,1.50,1.00
2015.05.13 07:13:10.861,1.2938,1.29406,1.00,1.00
2015.05.13 07:13:11.387,1.29379,1.29406,1.50,1.00
2015.05.13 07:13:13.134,1.2938,1.29406,1.00,1.00
2015.05.13 07:13:14.689,1.2938,1.29405,1.00,1.00
2015.05.13 07:13:15.220,1.29381,1.29405,1.00,1.00
2015.05.13 07:13:15.770,1.29381,1.29406,1.00,1.00
2015.05.13 07:13:19.053,1.2938,1.29406,1.00,1.50
2015.05.13 07:13:19.307,1.29384,1.29408,1.00,1.00
2015.05.13 07:13:19.852,1.29389,1.29408,1.00,1.50
2015.05.13 07:13:20.157,1.2939,1.29413,1.00,1.00
2015.05.13 07:13:20.697,1.29391,1.29413,1.00,1.00
2015.05.13 07:13:21.198,1.29392,1.29414,1.00,1.00
2015.05.13 07:13:22.155,1.29392,1.29415,1.00,1.00
2015.05.13 07:13:25.115,1.29391,1.29415,1.00,1.00
2015.05.13 07:13:25.573,1.29393,1.29415,1.00,1.00
2015.05.13 07:13:28.467,1.29391,1.29415,1.00,1.00
2015.05.13 07:13:28.979,1.29392,1.29415,1.00,1.00
2015.05.13 07:13:29.496,1.29391,1.29415,1.00,1.00
2015.05.13 07:13:30.579,1.29392,1.29415,1.00,1.00
2015.05.13 07:13:31.092,1.29391,1.29415,1.00,1.00
2015.05.13 07:13:31.742,1.2939,1.29415,1.50,1.00
2015.05.13 07:13:31.996,1.2939,1.29408,1.00,1.00
2015.05.13 07:13:32.301,1.2939,1.2941,1.00,1.00
2015.05.13 07:13:32.542,1.29387,1.2941,1.00,1.00
2015.05.13 07:13:32.594,1.29387,1.29407,1.00,1.00
2015.05.13 07:13:32.802,1.29383,1.29407,1.00,1.00
2015.05.13 07:13:32.853,1.29381,1.29402,1.12,1.00
2015.05.13 07:13:34.525,1.29381,1.29403,1.00,1.00
2015.05.13 07:13:35.231,1.29381,1.29402,1.00,1.00
2015.05.13 07:13:35.579,1.29378,1.29402,1.00,1.00
2015.05.13 07:13:36.111,1.29378,1.29401,1.00,1.00
2015.05.13 07:13:36.664,1.29378,1.294,1.00,1.00
2015.05.13 07:13:37.120,1.29378,1.29396,1.00,1.00
2015.05.13 07:13:37.222,1.29375,1.29396,2.70,1.50
2015.05.13 07:13:37.324,1.29375,1.29394,1.00,1.00
2015.05.13 07:13:38.076,1.29371,1.29394,1.00,1.00
2015.05.13 07:13:38.577,1.2937,1.29394,1.00,1.00
2015.05.13 07:13:44.038,1.2937,1.29393,1.00,1.00
2015.05.13 07:13:44.726,1.29368,1.29391,1.00,1.00
2015.05.13 07:13:45.268,1.29368,1.29392,1.00,1.00
2015.05.13 07:13:48.843,1.29369,1.29392,1.95,1.00
2015.05.13 07:13:49.417,1.29369,1.29393,2.32,1.00
2015.05.13 07:13:49.468,1.29371,1.29395,1.12,1.00
2015.05.13 07:13:50.040,1.29372,1.29395,1.95,1.00
2015.05.13 07:13:50.294,1.29377,1.29398,1.00,1.00
2015.05.13 07:13:51.655,1.29377,1.29399,1.00,1.00
2015.05.13 07:13:53.402,1.29377,1.294,1.00,1.00
2015.05.13 07:13:53.826,1.29379,1.29401,1.00,1.00
2015.05.13 07:13:54.341,1.29377,1.29401,1.00,1.00
2015.05.13 07:13:54.393,1.29377,1.29399,1.00,1.00
2015.05.13 07:13:55.178,1.29376,1.29399,1.00,1.00
2015.05.13 07:13:55.685,1.29376,1.294,1.00,1.00
2015.05.13 07:13:56.382,1.29377,1.294,1.00,1.00
2015.05.13 07:13:56.484,1.29378,1.29402,1.00,1.00
2015.05.13 07:13:56.944,1.29378,1.294,1.00,1.00
2015.05.13 07:13:58.464,1.29378,1.29402,1.50,1.00
2015.05.13 07:13:59.658,1.29378,1.29405,1.00,1.00
2015.05.13 07:14:00.174,1.29379,1.29405,1.00,1.00
2015.05.13 07:14:00.327,1.29381,1.29404,1.00,1.00
2015.05.13 07:14:00.530,1.29381,1.29406,1.00,1.00
2015.05.13 07:14:01.969,1.29381,1.29402,1.12,1.00
2015.05.13 07:14:02.020,1.29377,1.29401,2.70,1.42
2015.05.13 07:14:02.072,1.29377,1.29391,1.00,1.00
2015.05.13 07:14:02.447,1.29377,1.29399,1.00,1.00
2015.05.13 07:14:02.550,1.29377,1.29402,1.00,1.00
2015.05.13 07:14:03.007,1.29382,1.29402,1.00,1.50
2015.05.13 07:14:03.109,1.29377,1.29402,1.00,1.00
2015.05.13 07:14:03.679,1.29378,1.29403,1.95,1.50
2015.05.13 07:14:05.301,1.29377,1.29403,1.00,1.50
2015.05.13 07:14:05.883,1.29376,1.29403,1.50,1.50
2015.05.13 07:14:06.797,1.29378,1.29404,1.00,1.50
2015.05.13 07:14:07.203,1.29382,1.29404,1.00,1.00
2015.05.13 07:14:10.931,1.29378,1.29404,1.50,1.00
2015.05.13 07:14:11.413,1.2938,1.29404,1.00,1.00
2015.05.13 07:14:11.718,1.29392,1.29415,1.00,1.00
2015.05.13 07:14:12.022,1.29392,1.29413,1.00,1.00
2015.05.13 07:14:12.124,1.29389,1.29415,1.00,1.00
2015.05.13 07:14:12.226,1.29394,1.29415,1.00,1.00
2015.05.13 07:14:12.429,1.29391,1.29415,4.65,1.00
2015.05.13 07:14:12.992,1.29391,1.29416,3.90,1.50
2015.05.13 07:14:13.511,1.29392,1.29416,1.00,1.50
2015.05.13 07:14:13.663,1.29391,1.29413,1.95,1.00
2015.05.13 07:14:13.715,1.29389,1.29413,1.00,1.00
2015.05.13 07:14:14.238,1.29389,1.29412,1.00,1.00
2015.05.13 07:14:14.649,1.29389,1.29414,1.00,1.00
2015.05.13 07:14:15.154,1.29391,1.29413,1.95,1.00
2015.05.13 07:14:15.307,1.29392,1.29415,1.95,1.00
2015.05.13 07:14:15.408,1.29392,1.29418,1.95,2.25
2015.05.13 07:14:15.460,1.29394,1.29418,1.95,2.25
2015.05.13 07:14:15.764,1.29397,1.29421,1.50,1.00
2015.05.13 07:14:18.256,1.29398,1.29421,1.00,1.00
2015.05.13 07:14:19.231,1.29397,1.29421,1.00,1.00
2015.05.13 07:14:19.536,1.29408,1.29425,4.65,1.00
2015.05.13 07:14:19.587,1.29408,1.29429,4.65,1.00
2015.05.13 07:14:20.116,1.29408,1.2943,5.40,1.00
2015.05.13 07:14:20.684,1.29408,1.29429,4.65,1.00
2015.05.13 07:14:21.221,1.29408,1.2943,4.65,1.00
2015.05.13 07:14:23.020,1.2941,1.2943,1.00,1.00
2015.05.13 07:14:23.189,1.29411,1.29435,1.95,1.50
2015.05.13 07:14:23.240,1.29412,1.29435,2.32,1.00
2015.05.13 07:14:24.655,1.29412,1.29435,2.32,1.00
2015.05.13 07:14:25.177,1.29412,1.29434,1.95,1.00
2015.05.13 07:14:25.754,1.29413,1.29437,1.00,1.37
2015.05.13 07:14:25.809,1.29413,1.29434,1.00,1.00
2015.05.13 07:14:26.114,1.29416,1.29433,2.70,1.00
2015.05.13 07:14:26.317,1.29416,1.29438,2.70,2.25
2015.05.13 07:14:26.521,1.29421,1.29438,1.95,1.00
2015.05.13 07:14:26.967,1.29421,1.2944,1.95,1.00
2015.05.13 07:14:27.490,1.29421,1.29439,1.95,1.50
2015.05.13 07:14:27.591,1.29421,1.29441,1.95,1.00
2015.05.13 07:14:28.112,1.29421,1.29442,1.95,1.50
2015.05.13 07:14:28.463,1.29421,1.2944,1.95,1.00
2015.05.13 07:14:30.082,1.29421,1.29442,1.95,1.50
2015.05.13 07:14:30.235,1.29424,1.29441,1.95,1.00
2015.05.13 07:14:30.490,1.29424,1.29446,1.95,1.12
2015.05.13 07:14:30.730,1.29428,1.29446,1.95,1.87
2015.05.13 07:14:31.036,1.29433,1.29447,1.95,1.00
2015.05.13 07:14:31.413,1.29436,1.29448,1.95,1.00
2015.05.13 07:14:32.008,1.29436,1.29449,1.95,1.00
2015.05.13 07:14:32.160,1.29436,1.29455,1.95,1.00
2015.05.13 07:14:32.211,1.2944,1.29456,1.95,1.00
2015.05.13 07:14:32.364,1.29442,1.29462,2.70,1.12
2015.05.13 07:14:32.872,1.29442,1.29461,2.70,1.00
2015.05.13 07:14:34.345,1.29442,1.29462,2.70,1.00
2015.05.13 07:14:34.549,1.29442,1.29464,2.70,1.50
2015.05.13 07:14:34.753,1.29442,1.29462,2.70,1.00
2015.05.13 07:14:35.058,1.29445,1.29464,1.95,1.50
2015.05.13 07:14:35.594,1.29445,1.29463,1.95,1.00
2015.05.13 07:14:37.933,1.29445,1.29461,1.00,1.00
2015.05.13 07:14:38.035,1.29437,1.29459,1.00,1.50
2015.05.13 07:14:38.086,1.29437,1.29453,1.00,1.00
2015.05.13 07:14:38.138,1.29434,1.29451,1.00,1.12
2015.05.13 07:14:38.189,1.29431,1.29449,1.95,1.00
2015.05.13 07:14:38.240,1.29433,1.29449,1.95,1.00
2015.05.13 07:14:38.443,1.29433,1.29451,3.90,1.00
2015.05.13 07:14:41.345,1.29429,1.29453,2.70,1.00
2015.05.13 07:14:41.447,1.29433,1.29453,3.90,1.00
2015.05.13 07:14:41.751,1.2944,1.29459,1.00,1.00
2015.05.13 07:14:43.644,1.2944,1.29458,1.00,1.00
2015.05.13 07:14:44.168,1.2944,1.29459,1.00,1.00
2015.05.13 07:14:44.669,1.29441,1.2946,3.90,1.00
2015.05.13 07:14:45.523,1.29441,1.29459,3.90,1.00
2015.05.13 07:14:46.284,1.29441,1.29457,3.90,1.00
2015.05.13 07:14:46.791,1.2944,1.29457,1.00,1.00
2015.05.13 07:14:52.792,1.2944,1.29456,1.00,1.00
2015.05.13 07:14:57.397,1.2944,1.29458,1.00,1.00
2015.05.13 07:14:58.929,1.2944,1.29456,1.00,1.00
2015.05.13 07:14:59.031,1.29438,1.29456,1.95,1.00
2015.05.13 07:14:59.082,1.29434,1.29445,1.00,1.00
2015.05.13 07:14:59.402,1.29433,1.29449,1.00,1.50
2015.05.13 07:14:59.657,1.2943,1.29449,1.00,1.00
2015.05.13 07:14:59.809,1.29428,1.29449,1.00,1.00
2015.05.13 07:15:00.535,1.29428,1.29448,1.00,1.00
2015.05.13 07:15:00.809,1.29428,1.29446,1.00,1.00
2015.05.13 07:15:01.115,1.29428,1.29444,1.00,1.00
2015.05.13 07:15:01.166,1.29428,1.29446,1.00,1.50
2015.05.13 07:15:03.037,1.29428,1.29447,1.00,1.00
2015.05.13 07:15:03.552,1.29428,1.29446,1.00,1.00
2015.05.13 07:15:03.855,1.29428,1.29442,1.00,1.00
2015.05.13 07:15:04.059,1.29428,1.29444,1.00,1.00
2015.05.13 07:15:04.262,1.29428,1.29439,1.00,1.00
2015.05.13 07:15:04.589,1.29428,1.29444,1.00,1.00
2015.05.13 07:15:06.914,1.29428,1.29446,1.00,1.00
2015.05.13 07:15:07.067,1.29428,1.29448,1.00,1.00
2015.05.13 07:15:07.851,1.29428,1.29446,1.00,1.00
2015.05.13 07:15:08.370,1.29427,1.29445,1.00,1.00
2015.05.13 07:15:08.709,1.29427,1.29447,1.00,1.00
2015.05.13 07:15:09.250,1.29427,1.29446,1.00,1.00
2015.05.13 07:15:09.786,1.29427,1.29447,1.00,1.00
2015.05.13 07:15:12.252,1.29427,1.29444,1.00,1.00
2015.05.13 07:15:12.303,1.29424,1.29444,1.00,1.00
2015.05.13 07:15:13.473,1.29424,1.29443,1.00,1.00
2015.05.13 07:15:13.800,1.29424,1.29437,1.00,1.00
2015.05.13 07:15:13.853,1.29417,1.29437,2.70,1.00
2015.05.13 07:15:14.008,1.29417,1.29434,1.95,1.00
2015.05.13 07:15:14.059,1.29413,1.29431,2.70,1.00
2015.05.13 07:15:14.211,1.2941,1.29431,1.00,1.00
2015.05.13 07:15:14.363,1.29408,1.29428,1.00,1.00
2015.05.13 07:15:15.145,1.29408,1.29427,1.00,1.00
2015.05.13 07:15:15.449,1.29403,1.29418,1.00,1.00
2015.05.13 07:15:15.500,1.29401,1.29418,1.50,1.00
2015.05.13 07:15:15.704,1.29402,1.29421,1.00,1.50
2015.05.13 07:15:16.109,1.29401,1.29423,3.45,1.00
2015.05.13 07:15:17.457,1.29402,1.29423,1.00,1.00
2015.05.13 07:15:17.577,1.29401,1.29421,3.45,1.00
2015.05.13 07:15:17.883,1.29401,1.29425,2.70,1.00
2015.05.13 07:15:17.984,1.29402,1.29425,1.37,1.00
2015.05.13 07:15:18.188,1.29411,1.29434,2.70,1.00
2015.05.13 07:15:18.626,1.29411,1.29431,1.00,1.00
2015.05.13 07:15:18.938,1.29411,1.29428,1.00,1.00
2015.05.13 07:15:20.883,1.29407,1.29428,1.00,1.00
2015.05.13 07:15:21.398,1.29406,1.29428,1.95,1.50
2015.05.13 07:15:22.008,1.29406,1.29426,1.95,1.00
2015.05.13 07:15:22.457,1.29402,1.29425,1.95,1.00
2015.05.13 07:15:22.557,1.29402,1.29427,1.95,1.00
2015.05.13 07:15:23.681,1.29402,1.29424,1.95,1.00
2015.05.13 07:15:23.890,1.29402,1.29426,2.70,1.00
2015.05.13 07:15:25.432,1.29402,1.29427,2.70,1.50
2015.05.13 07:15:25.935,1.29402,1.29426,2.70,1.00
2015.05.13 07:15:26.440,1.29402,1.29427,2.70,1.50
2015.05.13 07:15:27.091,1.29402,1.29427,3.07,1.00
2015.05.13 07:15:27.142,1.29406,1.29427,1.00,1.00
2015.05.13 07:15:28.146,1.29402,1.29427,2.70,1.50
2015.05.13 07:15:28.338,1.29406,1.29427,1.00,1.50
2015.05.13 07:15:28.490,1.29402,1.29427,2.32,1.50
2015.05.13 07:15:29.016,1.29402,1.29427,2.32,1.00
2015.05.13 07:15:30.672,1.29402,1.29426,2.32,1.00
2015.05.13 07:15:31.195,1.29402,1.29425,2.32,1.00
2015.05.13 07:15:31.428,1.29406,1.29425,1.00,1.00
2015.05.13 07:15:31.581,1.29403,1.29425,1.37,1.00
2015.05.13 07:15:31.632,1.29408,1.29429,1.00,1.00
2015.05.13 07:15:31.734,1.29406,1.29429,3.45,1.00
2015.05.13 07:15:31.891,1.29409,1.29429,1.00,1.00
2015.05.13 07:15:32.043,1.29407,1.29428,1.95,1.00
2015.05.13 07:15:32.449,1.29404,1.29427,1.95,1.00
2015.05.13 07:15:32.501,1.29404,1.29429,1.95,1.50
2015.05.13 07:15:33.183,1.29404,1.29428,1.95,1.00
2015.05.13 07:15:33.843,1.29404,1.29429,1.95,1.00
2015.05.13 07:15:34.188,1.29404,1.29427,1.95,1.00
2015.05.13 07:15:34.691,1.29404,1.29426,1.95,1.00
2015.05.13 07:15:36.603,1.29404,1.29427,1.95,1.00
2015.05.13 07:15:37.136,1.29404,1.29428,2.70,1.00
2015.05.13 07:15:38.554,1.29407,1.29433,1.95,3.00
2015.05.13 07:15:41.822,1.29407,1.29432,3.90,1.00
2015.05.13 07:15:42.340,1.29407,1.29433,3.90,1.50
2015.05.13 07:15:43.028,1.29407,1.29432,3.90,1.00
2015.05.13 07:15:43.470,1.29412,1.29433,1.00,1.00
2015.05.13 07:15:43.674,1.29418,1.29442,1.00,1.00
2015.05.13 07:15:44.240,1.29418,1.29441,1.00,1.00
2015.05.13 07:15:44.771,1.29418,1.2944,1.00,1.50
2015.05.13 07:15:45.297,1.29418,1.29439,1.00,1.00
2015.05.13 07:15:46.373,1.29418,1.29437,1.00,1.00
2015.05.13 07:15:46.779,1.29415,1.29434,1.00,1.00
2015.05.13 07:15:46.831,1.29413,1.29434,2.70,1.00
2015.05.13 07:15:46.933,1.2941,1.29434,1.00,1.00
2015.05.13 07:15:47.573,1.2941,1.29435,1.00,1.00
2015.05.13 07:15:47.626,1.2941,1.29437,1.00,1.50
2015.05.13 07:15:50.704,1.29411,1.29437,1.00,1.00
2015.05.13 07:15:51.514,1.29412,1.29437,1.95,1.00
2015.05.13 07:15:57.184,1.2941,1.29437,1.50,1.00
2015.05.13 07:15:58.683,1.2941,1.29436,1.50,1.00
2015.05.13 07:16:01.450,1.2941,1.29437,1.50,1.50
2015.05.13 07:16:01.982,1.2941,1.29436,1.50,1.00
2015.05.13 07:16:03.555,1.2941,1.29435,1.00,1.00
2015.05.13 07:16:03.787,1.2941,1.29437,1.00,1.50
2015.05.13 07:16:04.296,1.2941,1.29437,1.87,1.00
2015.05.13 07:16:04.917,1.2941,1.29437,1.87,1.00
2015.05.13 07:16:05.018,1.29412,1.29439,1.37,1.50
2015.05.13 07:16:05.255,1.29414,1.29439,1.37,1.00
2015.05.13 07:16:05.779,1.29414,1.2944,1.37,1.00
2015.05.13 07:16:06.303,1.29414,1.29441,1.37,1.50
2015.05.13 07:16:06.903,1.29414,1.29441,1.12,1.50
2015.05.13 07:16:07.457,1.29415,1.29441,1.00,1.50
2015.05.13 07:16:08.675,1.29414,1.29441,1.12,1.50
2015.05.13 07:16:09.188,1.29414,1.2944,1.00,1.00
2015.05.13 07:16:10.825,1.29413,1.29439,1.00,1.00
2015.05.13 07:16:11.353,1.29414,1.29439,1.00,1.00
2015.05.13 07:16:11.772,1.29412,1.29439,1.50,1.50
2015.05.13 07:16:12.288,1.29412,1.29438,1.00,1.00
2015.05.13 07:16:12.990,1.29412,1.29437,1.00,1.00
2015.05.13 07:16:13.516,1.29411,1.29436,1.00,1.00
2015.05.13 07:16:14.027,1.29411,1.29435,1.00,1.00
2015.05.13 07:16:14.655,1.29411,1.29436,1.00,1.00
2015.05.13 07:16:20.010,1.29411,1.29434,1.00,1.00
2015.05.13 07:16:20.365,1.29411,1.29436,1.00,2.25
2015.05.13 07:16:20.670,1.29411,1.29434,1.00,1.00
2015.05.13 07:16:21.097,1.29411,1.29436,1.00,1.50
2015.05.13 07:16:21.606,1.29412,1.29436,1.00,1.00
2015.05.13 07:16:21.789,1.29414,1.29436,1.00,1.00
2015.05.13 07:16:22.096,1.29433,1.29452,1.00,1.00
2015.05.13 07:16:22.401,1.29436,1.29455,1.00,1.00
2015.05.13 07:16:22.716,1.29432,1.29455,1.50,1.00
2015.05.13 07:16:22.818,1.29436,1.29455,1.00,1.00
2015.05.13 07:16:23.072,1.29435,1.29459,1.00,1.50
2015.05.13 07:16:23.275,1.29437,1.29459,1.00,1.50
2015.05.13 07:16:23.377,1.29432,1.29459,1.00,2.25
2015.05.13 07:16:23.511,1.29432,1.29456,1.00,1.00
2015.05.13 07:16:23.816,1.29434,1.29454,1.00,1.00
2015.05.13 07:16:23.918,1.29431,1.29454,1.00,1.00
2015.05.13 07:16:23.970,1.29431,1.29451,1.00,1.00
2015.05.13 07:16:24.227,1.29422,1.29446,1.50,1.00
2015.05.13 07:16:24.481,1.29422,1.29444,1.50,1.00
2015.05.13 07:16:24.736,1.29422,1.29446,1.50,1.00
2015.05.13 07:16:25.622,1.29422,1.29445,1.50,1.00
2015.05.13 07:16:26.817,1.29422,1.29446,1.50,1.00
2015.05.13 07:16:28.157,1.29422,1.29446,1.87,1.00
2015.05.13 07:16:29.253,1.29422,1.29446,2.25,1.00
2015.05.13 07:16:29.511,1.29427,1.29447,1.00,1.00
2015.05.13 07:16:30.021,1.29426,1.29447,1.00,1.00
2015.05.13 07:16:30.315,1.29422,1.29447,2.25,1.00
2015.05.13 07:16:30.417,1.29427,1.29447,1.00,1.00
2015.05.13 07:16:30.733,1.29422,1.29443,1.00,1.00
2015.05.13 07:16:30.938,1.29422,1.29441,1.00,1.00
2015.05.13 07:16:31.566,1.29422,1.29442,1.00,1.00
2015.05.13 07:16:31.937,1.29422,1.29444,1.00,1.00
2015.05.13 07:16:32.657,1.29422,1.29445,1.00,1.00
2015.05.13 07:16:36.436,1.29422,1.29442,1.00,1.00
2015.05.13 07:16:36.897,1.29422,1.29439,1.00,1.00
2015.05.13 07:16:36.998,1.29417,1.29438,1.50,1.00
2015.05.13 07:16:38.227,1.29416,1.29437,1.00,1.00
2015.05.13 07:16:39.580,1.29416,1.29436,1.00,1.00
2015.05.13 07:16:40.418,1.29417,1.29436,1.00,1.00
2015.05.13 07:16:41.015,1.29417,1.29435,1.00,1.00
2015.05.13 07:16:44.056,1.29412,1.29435,1.00,1.00
2015.05.13 07:16:44.158,1.29417,1.29435,1.00,1.00
2015.05.13 07:16:44.260,1.29412,1.29435,1.00,1.00
2015.05.13 07:16:44.311,1.29412,1.29433,1.00,1.00
2015.05.13 07:16:44.846,1.29411,1.29433,1.00,1.00
2015.05.13 07:16:47.080,1.29411,1.29432,1.50,1.00
2015.05.13 07:16:47.588,1.29412,1.29433,1.00,1.00
2015.05.13 07:16:48.137,1.29411,1.29433,1.00,1.00
2015.05.13 07:16:48.862,1.29412,1.29433,1.00,1.00
2015.05.13 07:16:49.377,1.29411,1.29433,1.50,1.00
2015.05.13 07:16:49.479,1.29412,1.29435,1.00,1.00
2015.05.13 07:16:49.631,1.29416,1.29437,1.00,1.00
2015.05.13 07:16:49.784,1.29417,1.2944,1.00,1.50
2015.05.13 07:16:52.202,1.29418,1.2944,1.00,1.00
2015.05.13 07:16:52.254,1.29419,1.29444,1.00,1.00
2015.05.13 07:16:52.305,1.29426,1.29444,1.00,1.00
2015.05.13 07:16:52.834,1.29423,1.29444,1.00,1.00
2015.05.13 07:16:53.038,1.29427,1.29444,1.00,1.00
2015.05.13 07:16:53.241,1.29426,1.29449,1.50,1.00
2015.05.13 07:16:53.292,1.29429,1.29449,1.00,1.00
2015.05.13 07:16:53.394,1.29432,1.29453,1.00,1.00
2015.05.13 07:16:53.446,1.29432,1.29456,1.00,1.50
2015.05.13 07:16:53.702,1.29437,1.29456,1.00,1.00
2015.05.13 07:16:53.955,1.29431,1.29454,1.00,1.50
2015.05.13 07:16:54.107,1.29431,1.29452,1.00,1.00
2015.05.13 07:16:54.158,1.29427,1.29452,1.50,1.00
2015.05.13 07:16:55.378,1.29427,1.29451,1.50,1.00
2015.05.13 07:16:57.685,1.29427,1.29449,1.50,1.00
2015.05.13 07:16:58.122,1.29431,1.29449,1.00,1.00
2015.05.13 07:16:58.326,1.29426,1.29449,1.50,1.00
2015.05.13 07:16:58.478,1.29426,1.29451,1.00,2.25
2015.05.13 07:16:58.628,1.29427,1.29449,1.00,1.50
2015.05.13 07:16:59.459,1.29426,1.29449,1.00,1.50
2015.05.13 07:17:00.441,1.29427,1.29449,1.00,1.50
2015.05.13 07:17:02.200,1.29427,1.29451,1.50,1.50
2015.05.13 07:17:05.391,1.29431,1.29451,1.00,1.00
2015.05.13 07:17:05.541,1.29432,1.29455,1.00,1.00
2015.05.13 07:17:06.048,1.29433,1.29456,1.00,1.50
2015.05.13 07:17:07.886,1.29433,1.29457,1.00,1.00
2015.05.13 07:17:08.515,1.29436,1.29457,1.00,1.00
2015.05.13 07:17:10.350,1.29437,1.29457,1.00,1.00
2015.05.13 07:17:10.706,1.29436,1.29455,1.00,1.00
2015.05.13 07:17:11.320,1.29436,1.29456,1.00,1.00
2015.05.13 07:17:11.868,1.29437,1.29457,1.00,1.00
2015.05.13 07:17:12.410,1.29436,1.29457,1.50,1.00
2015.05.13 07:17:12.715,1.29442,1.29461,1.00,1.00
2015.05.13 07:17:12.969,1.29445,1.29468,1.00,1.00
2015.05.13 07:17:13.121,1.29446,1.2947,1.00,1.00
2015.05.13 07:17:13.633,1.29452,1.29471,1.00,1.50
2015.05.13 07:17:14.140,1.29451,1.29471,1.00,1.00
2015.05.13 07:17:14.969,1.29454,1.29472,1.00,1.00
2015.05.13 07:17:15.071,1.29454,1.29475,1.00,1.00
2015.05.13 07:17:15.607,1.29456,1.29476,1.87,1.00
2015.05.13 07:17:15.658,1.29456,1.29481,2.62,1.00
2015.05.13 07:17:15.760,1.29459,1.29481,1.00,1.00
2015.05.13 07:17:15.958,1.29457,1.2948,1.00,1.00
2015.05.13 07:17:17.091,1.29457,1.29481,1.00,1.50
2015.05.13 07:17:17.395,1.29459,1.29481,1.00,1.00
2015.05.13 07:17:17.768,1.29466,1.29484,1.00,1.00
2015.05.13 07:17:18.075,1.29472,1.29487,1.00,1.00
2015.05.13 07:17:18.126,1.29472,1.29491,1.00,1.00
2015.05.13 07:17:18.177,1.29477,1.29493,1.00,1.00
2015.05.13 07:17:18.279,1.29477,1.29496,1.00,1.00
2015.05.13 07:17:18.330,1.29477,1.29498,1.00,1.00
2015.05.13 07:17:18.381,1.29483,1.295,1.00,1.00
2015.05.13 07:17:18.689,1.29491,1.29502,1.00,1.00
2015.05.13 07:17:18.842,1.29486,1.29503,1.00,1.00
2015.05.13 07:17:18.994,1.29487,1.29506,1.00,1.00
2015.05.13 07:17:19.147,1.29489,1.29507,1.00,1.00
2015.05.13 07:17:19.249,1.29487,1.29507,1.00,1.00
2015.05.13 07:17:19.387,1.29492,1.29507,1.50,1.00
2015.05.13 07:17:19.438,1.29492,1.29511,1.50,1.00
2015.05.13 07:17:19.948,1.29493,1.29511,1.00,1.00
2015.05.13 07:17:20.153,1.2949,1.29511,1.00,1.50
2015.05.13 07:17:20.255,1.29487,1.29511,1.50,1.50
2015.05.13 07:17:20.643,1.29487,1.29505,1.00,1.00
2015.05.13 07:17:20.796,1.29479,1.295,1.12,1.00
2015.05.13 07:17:20.847,1.29479,1.29497,1.00,1.00
2015.05.13 07:17:20.949,1.29472,1.29493,1.00,1.00
2015.05.13 07:17:21.000,1.29468,1.29487,1.50,1.00
2015.05.13 07:17:21.152,1.29467,1.2949,1.00,1.00
2015.05.13 07:17:21.204,1.29471,1.29492,1.00,1.00
2015.05.13 07:17:21.571,1.29466,1.29492,1.00,1.00
2015.05.13 07:17:22.029,1.29467,1.29489,1.00,1.00
2015.05.13 07:17:22.232,1.29463,1.29489,1.00,1.00
2015.05.13 07:17:22.334,1.29466,1.29488,1.00,1.00
2015.05.13 07:17:22.551,1.29462,1.29489,1.50,1.00
2015.05.13 07:17:22.705,1.29464,1.29489,1.00,1.00
2015.05.13 07:17:23.010,1.29461,1.29486,1.00,1.00
2015.05.13 07:17:23.366,1.29463,1.29487,1.00,1.00
2015.05.13 07:17:23.625,1.29461,1.29486,1.50,1.00
2015.05.13 07:17:24.087,1.29467,1.29485,1.00,1.00
2015.05.13 07:17:24.290,1.29461,1.29485,1.87,1.00
2015.05.13 07:17:24.856,1.29462,1.29485,1.00,1.00
2015.05.13 07:17:25.269,1.2946,1.29486,1.00,2.70
2015.05.13 07:17:25.883,1.29461,1.29487,1.50,1.00
2015.05.13 07:17:28.211,1.29459,1.29485,1.00,1.00
2015.05.13 07:17:28.516,1.29459,1.29483,1.00,1.50
2015.05.13 07:17:28.824,1.29457,1.29475,1.50,1.00
2015.05.13 07:17:29.139,1.29456,1.29473,1.00,1.00
2015.05.13 07:17:29.445,1.29457,1.29471,1.00,1.00
2015.05.13 07:17:29.597,1.29451,1.29467,1.00,1.00
2015.05.13 07:17:29.648,1.29451,1.29464,1.00,1.00
2015.05.13 07:17:29.953,1.29456,1.2947,1.00,1.00
2015.05.13 07:17:30.622,1.29456,1.29471,1.00,1.00
2015.05.13 07:17:30.876,1.29451,1.29472,1.00,1.00
2015.05.13 07:17:31.398,1.29452,1.29472,1.00,1.00
2015.05.13 07:17:31.976,1.29456,1.29472,1.00,1.00
2015.05.13 07:17:32.345,1.29456,1.29475,1.00,1.50
2015.05.13 07:17:32.978,1.29451,1.29475,1.00,1.50
2015.05.13 07:17:33.232,1.29456,1.29475,1.00,1.50
2015.05.13 07:17:33.547,1.29452,1.29474,1.50,1.00
2015.05.13 07:17:33.599,1.29452,1.29477,1.50,1.50
2015.05.13 07:17:33.855,1.29452,1.29474,1.00,1.00
2015.05.13 07:17:35.719,1.29451,1.29474,1.00,1.00
2015.05.13 07:17:36.175,1.29451,1.29476,1.50,1.00
2015.05.13 07:17:36.709,1.29451,1.29474,1.00,1.12
2015.05.13 07:17:37.217,1.29452,1.29474,1.00,1.12
2015.05.13 07:17:37.370,1.2945,1.29474,1.00,1.12
2015.05.13 07:17:37.884,1.2945,1.29474,1.00,1.37
2015.05.13 07:17:38.037,1.29447,1.29472,1.00,1.00
2015.05.13 07:17:38.139,1.29452,1.29472,1.00,1.00
2015.05.13 07:17:38.595,1.29452,1.29474,1.00,1.50
2015.05.13 07:17:38.921,1.29447,1.29474,1.00,1.50
2015.05.13 07:17:39.074,1.29448,1.29472,1.00,1.00
2015.05.13 07:17:39.581,1.29451,1.29473,1.00,1.00
2015.05.13 07:17:40.477,1.29447,1.29473,1.00,1.00
2015.05.13 07:17:40.680,1.29458,1.29476,1.00,1.37
2015.05.13 07:17:41.004,1.29485,1.29501,1.00,1.00
2015.05.13 07:17:41.055,1.29485,1.29504,1.00,3.90
2015.05.13 07:17:41.157,1.29485,1.29508,1.00,1.50
2015.05.13 07:17:41.466,1.29487,1.29508,1.00,1.00
2015.05.13 07:17:41.770,1.29488,1.29505,1.00,1.00
2015.05.13 07:17:41.998,1.29482,1.29505,1.00,1.00
2015.05.13 07:17:42.150,1.29479,1.29505,1.00,1.12
2015.05.13 07:17:42.658,1.29478,1.29505,1.50,1.12
2015.05.13 07:17:43.832,1.29479,1.29505,1.87,1.00
2015.05.13 07:17:51.118,1.29482,1.29505,1.87,1.00
2015.05.13 07:17:51.271,1.29482,1.29507,1.87,1.50
2015.05.13 07:17:51.322,1.29484,1.29505,1.87,1.00
2015.05.13 07:17:51.474,1.29484,1.29507,1.87,1.87
2015.05.13 07:17:51.677,1.29486,1.29507,1.87,1.12
2015.05.13 07:17:53.275,1.29486,1.29507,1.87,1.37
2015.05.13 07:17:53.890,1.29486,1.29507,1.87,1.12
2015.05.13 07:17:54.195,1.29486,1.29507,1.87,1.37
2015.05.13 07:17:54.299,1.29486,1.29507,1.87,1.00
2015.05.13 07:17:55.492,1.29483,1.29507,1.50,1.00
2015.05.13 07:17:56.194,1.29484,1.29509,1.00,1.37
2015.05.13 07:17:57.385,1.29484,1.29509,1.00,1.37
2015.05.13 07:17:58.053,1.29483,1.29498,1.00,1.00
2015.05.13 07:17:58.155,1.29479,1.29498,1.00,1.00
2015.05.13 07:17:58.206,1.29475,1.29498,1.00,1.00
2015.05.13 07:17:58.358,1.29472,1.29497,1.00,1.00
2015.05.13 07:17:58.409,1.29472,1.29492,1.00,1.00
2015.05.13 07:17:58.671,1.29469,1.29492,1.00,1.00
2015.05.13 07:17:58.825,1.29471,1.29494,1.00,1.50
2015.05.13 07:17:59.131,1.29474,1.29494,1.00,1.00
2015.05.13 07:18:00.579,1.29473,1.29494,1.00,1.00
2015.05.13 07:18:01.111,1.29474,1.29494,1.00,1.00
2015.05.13 07:18:01.424,1.29477,1.29494,1.00,1.00
2015.05.13 07:18:01.917,1.29479,1.29494,1.80,1.00
2015.05.13 07:18:02.224,1.29502,1.29517,1.00,1.00
2015.05.13 07:18:02.530,1.29505,1.2952,1.00,1.00
2015.05.13 07:18:02.911,1.29503,1.2952,1.00,1.00
2015.05.13 07:18:03.216,1.29496,1.2952,1.00,1.00
2015.05.13 07:18:03.369,1.29501,1.29519,1.00,1.00
2015.05.13 07:18:03.572,1.29499,1.2952,1.00,1.00
2015.05.13 07:18:03.880,1.29496,1.29518,1.00,1.00
2015.05.13 07:18:04.084,1.29496,1.29521,1.00,1.00
2015.05.13 07:18:04.391,1.29496,1.29518,1.00,1.12
2015.05.13 07:18:04.442,1.29494,1.29518,1.00,1.12
2015.05.13 07:18:04.493,1.29494,1.29518,1.00,1.37
2015.05.13 07:18:04.595,1.29492,1.29516,1.50,1.37
2015.05.13 07:18:05.061,1.29489,1.29512,1.00,1.00
2015.05.13 07:18:05.844,1.29489,1.2951,1.00,1.00
2015.05.13 07:18:06.254,1.29489,1.29512,1.00,1.00
2015.05.13 07:18:07.045,1.29489,1.2951,1.00,1.00
2015.05.13 07:18:07.413,1.29487,1.2951,1.00,1.00
2015.05.13 07:18:07.465,1.29484,1.2951,1.00,1.00
2015.05.13 07:18:07.516,1.29484,1.2951,1.00,1.37
2015.05.13 07:18:07.821,1.29487,1.29505,1.87,1.00
2015.05.13 07:18:07.924,1.29493,1.29517,1.00,1.00
2015.05.13 07:18:08.026,1.29491,1.29513,1.00,1.00
2015.05.13 07:18:08.128,1.29491,1.29516,1.00,1.50
2015.05.13 07:18:08.658,1.29491,1.29515,1.12,1.00
2015.05.13 07:18:14.976,1.29491,1.29513,1.00,1.00
2015.05.13 07:18:15.229,1.29488,1.29513,1.50,1.00
2015.05.13 07:18:16.302,1.29489,1.29513,1.00,1.00
2015.05.13 07:18:16.817,1.29488,1.29513,1.50,1.00
2015.05.13 07:18:17.134,1.29483,1.29508,1.00,1.37
2015.05.13 07:18:17.186,1.29481,1.29506,1.00,1.00
2015.05.13 07:18:17.288,1.29481,1.29504,1.00,1.00
2015.05.13 07:18:20.917,1.29481,1.29502,1.12,1.00
2015.05.13 07:18:24.694,1.29479,1.29502,1.12,1.00
2015.05.13 07:18:24.901,1.29475,1.29496,1.00,1.00
2015.05.13 07:18:25.258,1.29474,1.29491,1.00,1.00
2015.05.13 07:18:25.413,1.29467,1.29487,2.25,1.00
2015.05.13 07:18:25.465,1.29467,1.29482,1.50,1.00
2015.05.13 07:18:25.670,1.29461,1.2948,1.50,1.00
2015.05.13 07:18:26.134,1.29461,1.29478,1.50,1.00
2015.05.13 07:18:26.447,1.29466,1.29482,1.00,1.00
2015.05.13 07:18:26.903,1.29466,1.29477,1.00,1.00
2015.05.13 07:18:26.954,1.29461,1.29477,1.00,1.00
2015.05.13 07:18:27.470,1.29461,1.29478,1.00,1.00
2015.05.13 07:18:28.425,1.29461,1.29479,1.00,1.00
2015.05.13 07:18:28.628,1.29461,1.29485,1.50,1.00
2015.05.13 07:18:28.901,1.29466,1.29486,1.00,2.25
2015.05.13 07:18:29.898,1.29471,1.29486,1.00,1.00
2015.05.13 07:18:29.999,1.29467,1.2949,1.00,1.00
2015.05.13 07:18:30.507,1.29466,1.2949,1.00,1.50
2015.05.13 07:18:31.033,1.29466,1.29489,1.00,1.00
2015.05.13 07:18:32.232,1.29466,1.29487,1.00,1.00
2015.05.13 07:18:32.758,1.29466,1.29486,1.00,1.00
2015.05.13 07:18:34.743,1.29467,1.29486,1.00,1.00
2015.05.13 07:18:35.431,1.29467,1.29485,1.00,1.00
2015.05.13 07:18:36.856,1.29467,1.29483,1.00,1.00
2015.05.13 07:18:37.161,1.29461,1.29483,1.00,1.50
2015.05.13 07:18:37.701,1.29461,1.29482,1.00,1.00
2015.05.13 07:18:38.387,1.29462,1.29482,1.00,1.00
2015.05.13 07:18:38.693,1.29456,1.29482,1.87,1.00
2015.05.13 07:18:39.884,1.29456,1.29481,1.00,1.00
2015.05.13 07:18:40.307,1.29456,1.29479,1.00,1.00
2015.05.13 07:18:40.359,1.29453,1.29479,1.00,1.00
2015.05.13 07:18:40.410,1.29453,1.29477,1.12,1.00
2015.05.13 07:18:40.715,1.29457,1.29477,1.00,1.00
2015.05.13 07:18:40.970,1.29456,1.29479,1.00,1.00
2015.05.13 07:18:41.384,1.29459,1.29484,1.87,1.00
2015.05.13 07:18:41.436,1.29468,1.29484,1.00,1.00
2015.05.13 07:18:41.487,1.29468,1.29488,1.00,1.00
2015.05.13 07:18:41.741,1.29466,1.29488,1.00,1.00
2015.05.13 07:18:42.306,1.29464,1.29488,1.00,1.00
2015.05.13 07:18:43.292,1.29466,1.29488,1.00,1.00
2015.05.13 07:18:44.064,1.29464,1.29488,1.00,1.00
2015.05.13 07:18:44.216,1.29464,1.29491,1.50,1.50
2015.05.13 07:18:44.318,1.29467,1.29491,1.00,1.50
2015.05.13 07:18:44.623,1.29474,1.29493,1.00,1.50
2015.05.13 07:18:45.054,1.29469,1.29493,1.00,1.50
2015.05.13 07:18:45.574,1.29468,1.29492,1.00,1.00
2015.05.13 07:18:48.321,1.29466,1.29492,1.00,1.50
2015.05.13 07:18:48.423,1.29466,1.2949,1.00,1.00
2015.05.13 07:18:48.933,1.29467,1.2949,1.00,1.50
2015.05.13 07:18:49.035,1.29465,1.2949,1.00,1.50
2015.05.13 07:18:49.459,1.29463,1.2949,1.50,2.25
2015.05.13 07:18:49.946,1.29467,1.2949,1.00,1.50
2015.05.13 07:18:50.585,1.29472,1.2949,1.00,1.00
2015.05.13 07:18:51.008,1.29466,1.2949,1.00,1.00
2015.05.13 07:18:51.682,1.29467,1.2949,1.00,1.50
2015.05.13 07:18:51.910,1.29463,1.2949,1.00,1.50
2015.05.13 07:18:53.376,1.29463,1.29489,1.00,1.00
2015.05.13 07:18:53.477,1.29463,1.29487,1.00,1.00
2015.05.13 07:18:55.048,1.29463,1.29489,1.00,1.50
2015.05.13 07:18:55.371,1.29463,1.29487,1.00,1.00
2015.05.13 07:18:55.675,1.29463,1.29489,1.00,2.25
2015.05.13 07:18:56.140,1.29463,1.29487,1.00,1.00
2015.05.13 07:18:56.677,1.29463,1.29489,1.00,2.25
2015.05.13 07:18:57.336,1.29463,1.29488,1.00,1.00
2015.05.13 07:18:57.889,1.29463,1.29487,1.00,1.00
2015.05.13 07:18:58.253,1.29461,1.29486,1.00,1.00
2015.05.13 07:19:00.847,1.29461,1.29484,1.00,1.00
2015.05.13 07:19:01.376,1.29461,1.29484,1.00,1.37
2015.05.13 07:19:01.570,1.29457,1.2948,1.00,1.00
2015.05.13 07:19:02.031,1.29467,1.29481,1.00,1.00
2015.05.13 07:19:02.083,1.29467,1.29484,1.00,1.50
2015.05.13 07:19:02.134,1.29472,1.29484,1.00,1.00
2015.05.13 07:19:02.453,1.29476,1.29485,2.70,1.00
2015.05.13 07:19:02.758,1.29479,1.2949,1.00,1.00
2015.05.13 07:19:03.554,1.2948,1.29504,1.00,1.50
