2015.05.29 13:00:00.268,1.31806,1.31822,1.00,1.00
2015.05.29 13:00:00.600,1.31804,1.31817,1.00,1.00
2015.05.29 13:00:00.651,1.31802,1.31817,1.35,1.00
2015.05.29 13:00:00.957,1.31808,1.31819,2.10,1.00
2015.05.29 13:00:01.060,1.31808,1.31823,2.10,1.00
2015.05.29 13:00:01.162,1.31808,1.31821,2.10,1.00
2015.05.29 13:00:01.278,1.31808,1.31824,2.10,1.00
2015.05.29 13:00:01.691,1.31808,1.31822,2.10,1.00
2015.05.29 13:00:01.743,1.31806,1.31822,1.35,1.00
2015.05.29 13:00:01.844,1.31805,1.31827,1.00,1.00
2015.05.29 13:00:01.946,1.31809,1.31829,2.85,1.00
2015.05.29 13:00:02.225,1.3181,1.31831,2.85,1.00
2015.05.29 13:00:02.738,1.3181,1.3183,1.00,1.50
2015.05.29 13:00:02.789,1.3181,1.31827,1.00,1.00
2015.05.29 13:00:02.891,1.318,1.3182,1.50,1.00
2015.05.29 13:00:03.053,1.318,1.31814,1.00,1.00
2015.05.29 13:00:03.156,1.31798,1.31813,1.50,1.00
2015.05.29 13:00:03.207,1.31796,1.31813,1.12,1.00
2015.05.29 13:00:03.411,1.31796,1.31813,1.37,1.00
2015.05.29 13:00:03.513,1.31793,1.31812,1.50,1.00
2015.05.29 13:00:03.818,1.31791,1.31811,1.50,1.00
2015.05.29 13:00:04.040,1.31791,1.31807,1.50,1.00
2015.05.29 13:00:04.345,1.31791,1.31805,1.00,1.00
2015.05.29 13:00:04.397,1.31789,1.31805,1.00,1.00
2015.05.29 13:00:04.448,1.31789,1.31808,1.00,1.00
2015.05.29 13:00:04.809,1.3179,1.3181,1.00,1.00
2015.05.29 13:00:05.065,1.31792,1.3181,1.00,1.00
2015.05.29 13:00:05.117,1.31792,1.31812,1.50,1.00
2015.05.29 13:00:05.220,1.31795,1.31811,1.00,1.00
2015.05.29 13:00:05.526,1.31792,1.31805,1.00,1.00
2015.05.29 13:00:05.900,1.31787,1.31808,1.00,1.00
2015.05.29 13:00:06.002,1.31787,1.31804,1.00,1.00
2015.05.29 13:00:06.543,1.31787,1.31805,1.00,1.00
2015.05.29 13:00:07.322,1.31786,1.31805,1.00,1.00
2015.05.29 13:00:07.630,1.31782,1.318,1.00,1.00
2015.05.29 13:00:08.140,1.31783,1.318,1.00,1.00
2015.05.29 13:00:08.461,1.31782,1.31794,1.00,1.00
2015.05.29 13:00:09.721,1.31782,1.31797,1.00,1.00
2015.05.29 13:00:10.252,1.31781,1.31797,1.00,1.00
2015.05.29 13:00:11.526,1.31781,1.31795,1.00,1.00
2015.05.29 13:00:12.948,1.31781,1.31792,1.00,1.00
2015.05.29 13:00:13.355,1.31781,1.3179,1.00,1.00
2015.05.29 13:00:13.508,1.31781,1.31793,1.00,1.00
2015.05.29 13:00:13.946,1.31781,1.31798,1.00,1.00
2015.05.29 13:00:14.457,1.31781,1.31801,1.00,1.87
2015.05.29 13:00:15.234,1.31781,1.318,1.35,1.00
2015.05.29 13:00:15.742,1.31781,1.31801,1.35,1.00
2015.05.29 13:00:16.238,1.31782,1.31804,1.00,1.00
2015.05.29 13:00:16.746,1.31784,1.31805,1.00,1.50
2015.05.29 13:00:17.220,1.31787,1.31805,1.60,1.50
2015.05.29 13:00:17.576,1.3179,1.31806,1.00,1.00
2015.05.29 13:00:17.896,1.31786,1.31805,2.85,1.00
2015.05.29 13:00:18.015,1.31795,1.3181,1.00,1.50
2015.05.29 13:00:18.066,1.31795,1.31812,1.00,1.00
2015.05.29 13:00:18.117,1.31798,1.31815,1.00,1.87
2015.05.29 13:00:18.219,1.31794,1.31815,1.00,1.12
2015.05.29 13:00:18.270,1.31794,1.3181,1.00,1.00
2015.05.29 13:00:18.785,1.31793,1.3181,1.00,1.00
2015.05.29 13:00:19.314,1.31793,1.31811,1.00,1.00
2015.05.29 13:00:19.951,1.31793,1.3181,1.00,1.00
2015.05.29 13:00:20.502,1.31793,1.31811,1.00,1.00
2015.05.29 13:00:21.611,1.31793,1.3181,1.00,1.00
2015.05.29 13:00:21.968,1.3179,1.3181,1.00,1.00
2015.05.29 13:00:22.241,1.3179,1.31806,1.00,1.00
2015.05.29 13:00:22.498,1.31781,1.31801,1.00,1.12
2015.05.29 13:00:22.550,1.31781,1.31801,1.00,1.37
2015.05.29 13:00:22.755,1.31787,1.31806,1.00,1.87
2015.05.29 13:00:23.280,1.31787,1.31806,1.00,1.12
2015.05.29 13:00:23.382,1.31789,1.31806,1.00,1.12
2015.05.29 13:00:23.585,1.31787,1.31806,1.35,1.12
2015.05.29 13:00:24.165,1.31787,1.318,1.00,1.00
2015.05.29 13:00:24.268,1.31781,1.31798,1.00,1.00
2015.05.29 13:00:24.473,1.31779,1.31795,1.50,1.00
2015.05.29 13:00:24.882,1.31775,1.31795,2.85,1.00
2015.05.29 13:00:24.999,1.31778,1.31798,1.00,1.37
2015.05.29 13:00:25.152,1.3178,1.318,1.00,1.50
2015.05.29 13:00:25.662,1.31782,1.31801,1.00,1.00
2015.05.29 13:00:25.713,1.31782,1.31804,1.00,2.62
2015.05.29 13:00:25.865,1.31785,1.31804,1.00,1.87
2015.05.29 13:00:26.169,1.3179,1.31808,1.00,1.37
2015.05.29 13:00:26.883,1.31788,1.31808,1.35,1.37
2015.05.29 13:00:27.447,1.31788,1.31806,1.35,1.00
2015.05.29 13:00:29.378,1.31788,1.31808,1.35,1.50
2015.05.29 13:00:29.670,1.31787,1.31805,1.60,1.00
2015.05.29 13:00:29.977,1.31785,1.318,1.00,1.00
2015.05.29 13:00:30.130,1.31781,1.31798,1.00,1.00
2015.05.29 13:00:30.884,1.31781,1.31799,1.00,1.12
2015.05.29 13:00:31.088,1.3178,1.31797,1.50,1.00
2015.05.29 13:00:31.638,1.3178,1.31801,1.50,1.87
2015.05.29 13:00:33.089,1.3178,1.31802,1.00,1.00
2015.05.29 13:00:33.141,1.31785,1.31802,1.00,1.00
2015.05.29 13:00:33.447,1.31791,1.3181,2.10,1.00
2015.05.29 13:00:33.498,1.31791,1.31813,2.10,1.00
2015.05.29 13:00:33.600,1.31793,1.31815,1.00,1.00
2015.05.29 13:00:33.702,1.31797,1.31816,1.00,1.00
2015.05.29 13:00:34.017,1.31797,1.31819,1.00,1.00
2015.05.29 13:00:34.171,1.318,1.31819,1.00,1.00
2015.05.29 13:00:34.375,1.31797,1.31819,1.50,1.00
2015.05.29 13:00:35.163,1.31796,1.31819,1.50,1.00
2015.05.29 13:00:35.266,1.31796,1.31814,1.50,1.00
2015.05.29 13:00:35.369,1.31793,1.31812,1.00,1.00
2015.05.29 13:00:35.472,1.318,1.31811,1.00,1.00
2015.05.29 13:00:35.574,1.31801,1.31819,1.00,1.87
2015.05.29 13:00:35.626,1.31801,1.31819,1.00,1.00
2015.05.29 13:00:35.746,1.31806,1.31819,1.00,1.00
2015.05.29 13:00:36.051,1.31834,1.3184,1.00,5.25
2015.05.29 13:00:36.103,1.31836,1.3184,1.00,1.00
2015.05.29 13:00:36.155,1.3184,1.31845,1.60,1.00
2015.05.29 13:00:36.520,1.31855,1.31872,1.50,1.00
2015.05.29 13:00:36.572,1.31862,1.31873,1.00,1.00
2015.05.29 13:00:36.777,1.31863,1.31879,1.00,1.87
2015.05.29 13:00:36.880,1.31856,1.31875,1.00,1.00
2015.05.29 13:00:36.932,1.31854,1.31873,1.00,1.00
2015.05.29 13:00:37.239,1.3185,1.31867,1.00,1.00
2015.05.29 13:00:37.545,1.31841,1.31859,1.00,1.00
2015.05.29 13:00:37.699,1.31841,1.31852,1.00,1.00
2015.05.29 13:00:37.752,1.31834,1.31852,1.00,1.50
2015.05.29 13:00:37.805,1.31834,1.31848,1.00,1.00
2015.05.29 13:00:38.112,1.31837,1.31849,1.00,1.00
2015.05.29 13:00:38.214,1.31837,1.31851,1.00,1.12
2015.05.29 13:00:38.437,1.31836,1.31845,1.00,1.00
2015.05.29 13:00:38.845,1.31833,1.31845,1.00,1.00
2015.05.29 13:00:38.896,1.31833,1.31847,1.00,1.00
2015.05.29 13:00:39.464,1.31833,1.31844,1.00,1.00
2015.05.29 13:00:39.515,1.31831,1.31844,1.00,1.00
2015.05.29 13:00:40.025,1.3183,1.31844,1.00,1.00
2015.05.29 13:00:40.490,1.31831,1.31847,1.00,1.00
2015.05.29 13:00:40.745,1.31831,1.31849,1.00,1.00
2015.05.29 13:00:41.638,1.31831,1.31851,1.00,1.12
2015.05.29 13:00:42.187,1.31831,1.3185,1.00,1.00
2015.05.29 13:00:43.058,1.31832,1.3185,1.00,1.00
2015.05.29 13:00:43.718,1.31834,1.31851,1.00,1.00
2015.05.29 13:00:44.069,1.31833,1.31849,1.00,1.00
2015.05.29 13:00:44.582,1.31834,1.31848,1.00,1.00
2015.05.29 13:00:45.149,1.31834,1.31849,1.00,1.00
2015.05.29 13:00:45.792,1.31832,1.31849,1.00,1.50
2015.05.29 13:00:46.046,1.31832,1.31847,1.00,1.00
2015.05.29 13:00:48.847,1.31833,1.31847,1.00,1.00
2015.05.29 13:00:48.898,1.31833,1.3185,1.00,1.00
2015.05.29 13:00:49.000,1.31835,1.31852,1.00,1.12
2015.05.29 13:00:49.416,1.31835,1.31848,1.00,1.00
2015.05.29 13:00:50.390,1.31835,1.31843,1.00,1.00
2015.05.29 13:00:51.845,1.31835,1.31844,1.00,1.00
2015.05.29 13:00:52.260,1.31837,1.31844,1.00,1.00
2015.05.29 13:00:52.831,1.31837,1.31843,1.00,1.00
2015.05.29 13:00:53.513,1.31836,1.31843,1.00,1.00
2015.05.29 13:00:53.920,1.31834,1.31844,1.00,1.00
2015.05.29 13:00:54.439,1.31834,1.31843,1.00,1.00
2015.05.29 13:00:55.055,1.31833,1.31843,1.00,1.00
2015.05.29 13:00:55.345,1.31831,1.31842,1.00,1.00
2015.05.29 13:00:55.600,1.31829,1.31842,1.00,1.00
2015.05.29 13:00:55.957,1.3183,1.31844,1.00,1.50
2015.05.29 13:00:57.156,1.3183,1.31843,1.00,1.00
2015.05.29 13:00:57.320,1.3183,1.31845,1.00,1.00
2015.05.29 13:00:58.997,1.31829,1.31843,1.00,1.00
2015.05.29 13:01:00.364,1.31829,1.31845,1.00,1.00
2015.05.29 13:01:00.887,1.31832,1.31846,1.00,1.00
2015.05.29 13:01:01.193,1.31831,1.31844,1.00,1.00
2015.05.29 13:01:01.579,1.31829,1.31844,1.00,1.50
2015.05.29 13:01:02.093,1.31828,1.31843,1.00,1.00
2015.05.29 13:01:04.157,1.31829,1.31843,1.00,1.00
2015.05.29 13:01:04.727,1.31829,1.3184,1.00,1.00
2015.05.29 13:01:05.133,1.31831,1.3184,1.00,1.00
2015.05.29 13:01:05.751,1.31831,1.31839,1.00,1.00
2015.05.29 13:01:06.177,1.31831,1.31842,1.00,1.00
2015.05.29 13:01:06.381,1.31831,1.3184,1.00,1.00
2015.05.29 13:01:06.945,1.3183,1.31839,1.00,1.00
2015.05.29 13:01:09.232,1.3183,1.31836,1.00,1.00
2015.05.29 13:01:09.317,1.31823,1.31836,1.00,1.00
2015.05.29 13:01:09.673,1.31826,1.31835,1.00,1.00
2015.05.29 13:01:10.024,1.31828,1.31836,1.00,1.00
2015.05.29 13:01:11.249,1.31828,1.31839,1.00,1.00
2015.05.29 13:01:11.980,1.31828,1.31837,1.00,1.00
2015.05.29 13:01:12.641,1.31828,1.31839,1.00,1.00
2015.05.29 13:01:13.037,1.31826,1.31838,1.00,1.00
2015.05.29 13:01:13.457,1.31826,1.31836,1.00,1.00
2015.05.29 13:01:13.824,1.31822,1.31837,1.00,1.00
2015.05.29 13:01:13.875,1.31822,1.31835,1.00,1.00
2015.05.29 13:01:13.927,1.31819,1.31835,1.00,1.00
2015.05.29 13:01:13.978,1.31819,1.31833,1.00,1.00
2015.05.29 13:01:14.316,1.31818,1.31831,1.00,1.00
2015.05.29 13:01:14.928,1.31819,1.31831,1.00,1.00
2015.05.29 13:01:14.979,1.31819,1.31834,1.00,1.00
2015.05.29 13:01:15.248,1.31821,1.31832,1.00,1.00
2015.05.29 13:01:15.299,1.31821,1.31835,1.00,1.00
2015.05.29 13:01:15.984,1.31821,1.31836,1.00,1.00
2015.05.29 13:01:16.036,1.31824,1.31836,1.00,1.00
2015.05.29 13:01:16.087,1.31824,1.31838,1.00,1.00
2015.05.29 13:01:16.377,1.31821,1.31837,1.00,1.00
2015.05.29 13:01:16.905,1.31822,1.31837,1.00,1.00
2015.05.29 13:01:17.057,1.3183,1.31837,1.50,1.00
2015.05.29 13:01:17.159,1.31845,1.31849,2.25,1.00
2015.05.29 13:01:17.274,1.31857,1.31866,1.00,1.00
2015.05.29 13:01:17.326,1.31857,1.31868,1.00,1.00
2015.05.29 13:01:17.378,1.31862,1.31874,1.00,1.00
2015.05.29 13:01:17.482,1.31862,1.31877,1.00,1.00
2015.05.29 13:01:17.584,1.31861,1.31873,1.00,1.00
2015.05.29 13:01:17.686,1.31859,1.31873,1.00,1.00
2015.05.29 13:01:17.789,1.3186,1.31878,1.00,1.00
2015.05.29 13:01:18.314,1.31861,1.31879,1.00,1.87
2015.05.29 13:01:18.824,1.31862,1.31879,1.00,1.00
2015.05.29 13:01:19.344,1.31861,1.31879,1.00,1.00
2015.05.29 13:01:19.802,1.31858,1.31878,1.00,1.35
2015.05.29 13:01:20.006,1.3186,1.31879,1.00,1.00
2015.05.29 13:01:20.507,1.31861,1.31879,1.60,1.00
2015.05.29 13:01:21.030,1.31864,1.31879,1.00,1.00
2015.05.29 13:01:21.467,1.31864,1.31883,1.00,1.00
2015.05.29 13:01:21.679,1.31864,1.31883,2.85,1.00
2015.05.29 13:01:22.910,1.31864,1.31885,2.10,1.00
2015.05.29 13:01:23.065,1.31869,1.31884,1.00,1.00
2015.05.29 13:01:23.269,1.31874,1.31893,2.10,1.50
2015.05.29 13:01:23.473,1.31874,1.31895,1.35,1.00
2015.05.29 13:01:23.735,1.31875,1.31899,1.50,1.72
2015.05.29 13:01:23.786,1.31876,1.31899,2.10,1.37
2015.05.29 13:01:24.194,1.3188,1.31899,1.00,1.37
2015.05.29 13:01:25.266,1.3188,1.31896,1.00,1.00
2015.05.29 13:01:25.317,1.31876,1.31896,2.10,1.00
2015.05.29 13:01:26.048,1.31876,1.31889,2.10,1.00
2015.05.29 13:01:26.150,1.3187,1.31882,1.35,1.00
2015.05.29 13:01:26.201,1.3187,1.31884,1.35,1.00
2015.05.29 13:01:26.303,1.3187,1.31882,1.35,1.00
2015.05.29 13:01:26.608,1.3187,1.3188,1.00,1.00
2015.05.29 13:01:29.040,1.3187,1.31879,1.00,1.00
2015.05.29 13:01:29.143,1.3187,1.31881,1.00,1.00
2015.05.29 13:01:29.359,1.31869,1.31883,1.00,1.00
2015.05.29 13:01:29.564,1.31872,1.31883,1.00,1.00
2015.05.29 13:01:30.113,1.31872,1.31892,1.00,2.10
2015.05.29 13:01:30.657,1.31871,1.31892,1.00,2.10
2015.05.29 13:01:30.960,1.31873,1.31885,1.00,1.00
2015.05.29 13:01:31.451,1.31871,1.31885,1.00,1.00
2015.05.29 13:01:31.604,1.31871,1.31889,1.00,1.00
2015.05.29 13:01:31.706,1.31871,1.31891,1.00,1.00
2015.05.29 13:01:32.208,1.31871,1.3189,1.00,1.00
2015.05.29 13:01:32.260,1.31871,1.31887,1.00,1.00
2015.05.29 13:01:32.779,1.31871,1.31889,1.60,1.00
2015.05.29 13:01:32.984,1.3187,1.31889,1.00,1.00
2015.05.29 13:01:33.535,1.31869,1.31889,1.00,1.00
2015.05.29 13:01:33.586,1.31869,1.31891,1.00,1.50
2015.05.29 13:01:33.740,1.31869,1.31888,1.00,1.00
2015.05.29 13:01:34.046,1.31865,1.31883,1.50,1.00
2015.05.29 13:01:34.200,1.31871,1.31892,1.00,1.00
2015.05.29 13:01:34.666,1.3187,1.3189,1.50,1.00
2015.05.29 13:01:35.282,1.31871,1.3189,1.00,1.00
2015.05.29 13:01:35.435,1.31871,1.31892,1.00,1.00
2015.05.29 13:01:36.127,1.31871,1.31894,1.50,1.00
2015.05.29 13:01:36.645,1.31872,1.31895,1.00,1.50
2015.05.29 13:01:36.950,1.31872,1.31893,1.00,1.00
2015.05.29 13:01:37.210,1.3187,1.31893,1.00,1.00
2015.05.29 13:01:37.262,1.31875,1.31893,1.00,1.00
2015.05.29 13:01:37.364,1.31876,1.31899,1.00,1.50
2015.05.29 13:01:37.415,1.31878,1.31899,1.00,1.50
2015.05.29 13:01:37.568,1.31876,1.31898,1.50,1.00
2015.05.29 13:01:37.938,1.31878,1.31899,1.00,1.00
2015.05.29 13:01:38.247,1.31878,1.31897,1.00,1.00
2015.05.29 13:01:38.401,1.31878,1.319,1.00,1.00
2015.05.29 13:01:38.453,1.31881,1.319,1.00,1.00
2015.05.29 13:01:38.767,1.31875,1.31897,1.50,1.00
2015.05.29 13:01:38.818,1.31875,1.31895,1.50,1.00
2015.05.29 13:01:38.973,1.31872,1.31894,1.50,1.50
2015.05.29 13:01:39.075,1.31872,1.3189,1.00,1.00
2015.05.29 13:01:39.178,1.31869,1.31889,1.00,1.00
2015.05.29 13:01:39.697,1.31869,1.3189,1.50,1.00
2015.05.29 13:01:40.245,1.31869,1.31889,1.50,1.00
2015.05.29 13:01:40.500,1.31871,1.31892,1.50,1.00
2015.05.29 13:01:40.779,1.31873,1.31892,1.00,1.00
2015.05.29 13:01:40.831,1.31873,1.31895,1.50,1.00
2015.05.29 13:01:41.560,1.31874,1.31897,1.50,1.00
2015.05.29 13:01:41.611,1.31876,1.31897,1.00,1.00
2015.05.29 13:01:41.918,1.3188,1.31899,1.00,1.50
2015.05.29 13:01:42.440,1.31879,1.31899,1.00,1.00
2015.05.29 13:01:42.748,1.31878,1.31897,1.00,1.00
2015.05.29 13:01:43.061,1.31877,1.31895,1.50,1.00
2015.05.29 13:01:44.975,1.31877,1.31896,1.50,1.00
2015.05.29 13:01:45.557,1.31878,1.31896,1.00,1.00
2015.05.29 13:01:46.666,1.31878,1.31894,1.00,1.00
2015.05.29 13:01:47.430,1.31878,1.31893,1.00,1.00
2015.05.29 13:01:47.936,1.31877,1.31894,1.00,1.50
2015.05.29 13:01:48.474,1.31878,1.31894,1.00,1.50
2015.05.29 13:01:48.892,1.31878,1.31896,1.00,1.00
2015.05.29 13:01:49.858,1.31876,1.31896,1.00,1.00
2015.05.29 13:01:50.113,1.31877,1.31894,1.00,1.00
2015.05.29 13:01:51.391,1.31877,1.31893,1.00,1.00
2015.05.29 13:01:51.923,1.31877,1.31894,1.00,1.00
2015.05.29 13:01:52.278,1.31873,1.31888,1.00,1.00
2015.05.29 13:01:52.381,1.31866,1.31888,1.50,1.00
2015.05.29 13:01:52.738,1.31868,1.31889,1.00,1.00
2015.05.29 13:01:53.246,1.31868,1.3189,1.00,1.00
2015.05.29 13:01:53.453,1.3187,1.31893,1.00,1.00
2015.05.29 13:01:53.505,1.31872,1.31893,1.00,1.00
2015.05.29 13:01:53.607,1.31873,1.31895,1.00,1.00
2015.05.29 13:01:53.709,1.31873,1.31893,1.00,1.00
2015.05.29 13:01:54.326,1.31873,1.31891,1.00,1.00
2015.05.29 13:01:54.429,1.3187,1.31891,1.50,1.00
2015.05.29 13:01:54.990,1.31878,1.31896,1.00,1.50
2015.05.29 13:01:55.041,1.31878,1.31898,1.00,1.00
2015.05.29 13:01:55.092,1.3188,1.31898,1.00,1.00
2015.05.29 13:01:55.402,1.3189,1.31899,1.00,1.12
2015.05.29 13:01:55.606,1.31893,1.31903,1.50,1.00
2015.05.29 13:01:55.657,1.31897,1.31903,1.00,1.00
2015.05.29 13:01:55.810,1.31901,1.31917,1.00,1.12
2015.05.29 13:01:55.912,1.31901,1.31921,1.50,1.72
2015.05.29 13:01:56.015,1.31911,1.31924,1.50,1.00
2015.05.29 13:01:56.066,1.31911,1.31929,1.50,1.97
2015.05.29 13:01:56.117,1.31913,1.31929,1.00,1.97
2015.05.29 13:01:56.270,1.31913,1.31929,1.00,1.60
2015.05.29 13:01:56.562,1.31909,1.31929,1.00,1.60
2015.05.29 13:01:57.090,1.3191,1.31929,1.00,1.60
2015.05.29 13:01:57.606,1.31909,1.31929,1.00,1.60
2015.05.29 13:01:58.146,1.31908,1.31929,1.00,1.60
2015.05.29 13:01:58.334,1.31905,1.31926,1.00,1.00
2015.05.29 13:01:58.741,1.31905,1.31924,1.00,1.00
2015.05.29 13:01:59.067,1.31904,1.3192,1.00,1.00
2015.05.29 13:01:59.221,1.31902,1.3192,1.00,1.00
2015.05.29 13:01:59.323,1.319,1.31919,1.00,1.12
2015.05.29 13:02:00.205,1.319,1.31918,1.00,1.00
2015.05.29 13:02:00.611,1.319,1.31916,1.00,1.00
2015.05.29 13:02:00.915,1.31899,1.31918,1.00,1.00
2015.05.29 13:02:00.967,1.31901,1.31914,1.00,1.00
2015.05.29 13:02:01.492,1.31901,1.31913,1.00,1.00
2015.05.29 13:02:01.543,1.31901,1.31919,1.00,1.00
2015.05.29 13:02:01.645,1.31904,1.31918,1.00,1.00
2015.05.29 13:02:02.211,1.31902,1.31918,1.00,1.00
2015.05.29 13:02:02.263,1.31902,1.31915,1.00,1.00
2015.05.29 13:02:02.314,1.319,1.31915,1.00,1.00
2015.05.29 13:02:02.366,1.319,1.31917,1.00,1.00
2015.05.29 13:02:02.723,1.31902,1.31919,1.00,1.00
2015.05.29 13:02:02.844,1.31902,1.31923,1.00,1.12
2015.05.29 13:02:02.899,1.31904,1.31923,1.00,1.50
2015.05.29 13:02:03.206,1.31909,1.31924,1.00,1.00
2015.05.29 13:02:03.722,1.31909,1.31923,1.00,1.00
2015.05.29 13:02:04.267,1.31909,1.31924,1.00,1.00
2015.05.29 13:02:04.626,1.31907,1.31924,1.00,1.00
2015.05.29 13:02:04.677,1.31907,1.31919,1.00,1.00
2015.05.29 13:02:04.728,1.31903,1.31919,1.00,1.00
2015.05.29 13:02:04.830,1.31901,1.31918,1.00,1.00
2015.05.29 13:02:04.943,1.31899,1.31917,1.00,1.00
2015.05.29 13:02:05.046,1.31899,1.31919,1.00,1.00
2015.05.29 13:02:05.149,1.31906,1.31919,1.00,1.00
2015.05.29 13:02:05.201,1.31906,1.31929,1.00,1.00
2015.05.29 13:02:05.252,1.31914,1.31929,1.00,1.00
2015.05.29 13:02:05.557,1.31921,1.31929,1.00,1.00
2015.05.29 13:02:05.609,1.3192,1.31933,1.00,1.00
2015.05.29 13:02:05.710,1.31921,1.31928,1.00,1.00
2015.05.29 13:02:05.825,1.31915,1.31928,1.50,1.00
2015.05.29 13:02:05.927,1.3191,1.3193,1.00,1.00
2015.05.29 13:02:06.131,1.3191,1.31928,1.00,1.00
2015.05.29 13:02:06.438,1.31907,1.31923,1.00,1.00
2015.05.29 13:02:06.679,1.31909,1.31928,1.00,1.00
2015.05.29 13:02:06.732,1.31911,1.31928,1.00,1.00
2015.05.29 13:02:07.243,1.31912,1.31929,1.00,1.00
2015.05.29 13:02:07.972,1.31912,1.31928,1.00,1.00
2015.05.29 13:02:08.493,1.31912,1.31927,1.00,1.00
2015.05.29 13:02:10.683,1.31911,1.31927,1.00,1.00
2015.05.29 13:02:11.281,1.31911,1.31928,1.00,1.00
2015.05.29 13:02:11.797,1.31911,1.31927,1.00,1.00
2015.05.29 13:02:12.186,1.31911,1.3193,1.00,1.00
2015.05.29 13:02:13.288,1.3191,1.31928,1.00,1.37
2015.05.29 13:02:13.595,1.31915,1.31923,1.00,1.00
2015.05.29 13:02:13.646,1.31914,1.31928,1.00,1.00
2015.05.29 13:02:13.748,1.31914,1.31937,1.00,2.25
2015.05.29 13:02:13.925,1.31914,1.31937,1.00,2.62
2015.05.29 13:02:14.428,1.31913,1.31936,1.00,1.12
2015.05.29 13:02:15.123,1.31913,1.31935,1.00,1.00
2015.05.29 13:02:16.191,1.31913,1.31923,1.00,1.00
2015.05.29 13:02:16.293,1.31911,1.31924,1.00,1.00
2015.05.29 13:02:16.592,1.3191,1.31919,1.00,1.00
2015.05.29 13:02:16.930,1.31909,1.31924,2.25,1.00
2015.05.29 13:02:17.185,1.31909,1.31919,2.25,1.00
2015.05.29 13:02:17.833,1.31909,1.31923,2.25,1.00
2015.05.29 13:02:20.325,1.31909,1.31919,2.25,1.00
2015.05.29 13:02:20.436,1.31909,1.31924,2.25,1.00
2015.05.29 13:02:20.998,1.31909,1.31918,2.25,1.00
2015.05.29 13:02:21.502,1.31908,1.31918,1.00,1.00
2015.05.29 13:02:21.757,1.31908,1.31923,1.00,1.00
2015.05.29 13:02:21.860,1.31913,1.31923,1.00,1.00
2015.05.29 13:02:21.912,1.31913,1.3193,1.00,1.00
2015.05.29 13:02:22.107,1.31913,1.31932,1.00,1.50
2015.05.29 13:02:22.159,1.31915,1.31932,1.00,1.00
2015.05.29 13:02:22.467,1.31915,1.3193,1.00,1.00
2015.05.29 13:02:22.619,1.31911,1.3193,1.00,1.00
2015.05.29 13:02:23.051,1.31915,1.3193,1.00,1.00
2015.05.29 13:02:23.103,1.31915,1.31933,1.00,1.00
2015.05.29 13:02:23.759,1.31915,1.31935,1.50,1.50
2015.05.29 13:02:23.810,1.31924,1.31935,1.00,1.50
2015.05.29 13:02:23.926,1.31925,1.31941,1.00,1.00
2015.05.29 13:02:24.029,1.31923,1.31941,1.00,1.00
2015.05.29 13:02:24.182,1.31928,1.31945,1.00,1.50
2015.05.29 13:02:24.505,1.31932,1.31945,1.00,1.00
2015.05.29 13:02:24.972,1.31933,1.31942,1.00,1.00
2015.05.29 13:02:25.023,1.31931,1.31942,1.00,1.00
2015.05.29 13:02:25.125,1.31929,1.31942,1.00,1.00
2015.05.29 13:02:25.176,1.31929,1.31939,1.00,1.00
2015.05.29 13:02:25.482,1.31933,1.31938,1.00,1.00
2015.05.29 13:02:26.029,1.31932,1.31938,1.00,1.00
2015.05.29 13:02:26.131,1.31927,1.31938,1.50,1.00
2015.05.29 13:02:26.335,1.31925,1.31938,1.00,1.00
2015.05.29 13:02:27.340,1.31925,1.31939,1.00,1.00
2015.05.29 13:02:27.894,1.31924,1.31938,1.00,1.00
2015.05.29 13:02:28.049,1.31923,1.31934,1.00,1.00
2015.05.29 13:02:28.476,1.31919,1.31934,1.50,1.00
2015.05.29 13:02:28.798,1.31919,1.31939,1.50,1.50
2015.05.29 13:02:29.782,1.31919,1.31939,1.00,1.87
2015.05.29 13:02:29.833,1.31919,1.31933,1.00,1.00
2015.05.29 13:02:30.382,1.31918,1.31933,1.50,1.00
2015.05.29 13:02:31.537,1.31916,1.31933,1.00,1.00
2015.05.29 13:02:32.274,1.31915,1.31933,1.00,1.00
2015.05.29 13:02:32.384,1.31917,1.31933,1.00,1.00
2015.05.29 13:02:32.784,1.31917,1.31929,1.00,1.00
2015.05.29 13:02:32.835,1.31912,1.31929,1.87,1.00
2015.05.29 13:02:32.886,1.3191,1.31929,1.50,2.10
2015.05.29 13:02:32.938,1.3191,1.31926,1.00,1.00
2015.05.29 13:02:33.040,1.31906,1.31926,2.25,1.00
2015.05.29 13:02:33.535,1.31906,1.31923,1.00,1.00
2015.05.29 13:02:33.591,1.319,1.31922,1.00,1.87
2015.05.29 13:02:34.518,1.319,1.31921,1.00,1.00
2015.05.29 13:02:34.870,1.31902,1.31923,1.00,1.12
2015.05.29 13:02:39.339,1.31902,1.31922,1.50,1.00
2015.05.29 13:02:39.676,1.31903,1.31919,1.00,1.00
2015.05.29 13:02:39.907,1.31902,1.31921,1.00,1.12
2015.05.29 13:02:40.773,1.319,1.31921,1.00,1.12
2015.05.29 13:02:41.118,1.319,1.31919,1.00,1.00
2015.05.29 13:02:41.370,1.319,1.31921,1.00,1.12
2015.05.29 13:02:41.920,1.31901,1.31923,1.00,1.87
2015.05.29 13:02:42.538,1.319,1.31921,1.50,1.12
2015.05.29 13:02:43.577,1.319,1.31913,1.00,1.00
2015.05.29 13:02:43.628,1.31898,1.31913,1.00,1.00
2015.05.29 13:02:43.781,1.3189,1.31912,1.00,1.00
2015.05.29 13:02:43.833,1.31892,1.31912,1.00,1.00
2015.05.29 13:02:44.139,1.31895,1.31915,1.00,1.72
2015.05.29 13:02:44.957,1.31897,1.31913,1.00,1.12
2015.05.29 13:02:47.055,1.31897,1.31914,1.00,1.12
2015.05.29 13:02:47.725,1.31897,1.31909,1.00,1.00
2015.05.29 13:02:47.896,1.31897,1.31913,1.00,1.50
2015.05.29 13:02:48.050,1.31904,1.31918,1.00,1.12
2015.05.29 13:02:48.422,1.31904,1.31914,1.00,1.00
2015.05.29 13:02:48.625,1.31904,1.31918,1.00,1.00
2015.05.29 13:02:48.778,1.3191,1.31918,1.00,1.00
2015.05.29 13:02:48.829,1.3191,1.31923,1.00,1.50
2015.05.29 13:02:49.139,1.31912,1.31923,1.00,1.00
2015.05.29 13:02:49.343,1.3191,1.31923,1.00,1.00
2015.05.29 13:02:49.849,1.31911,1.31924,1.00,1.00
2015.05.29 13:02:49.900,1.31913,1.31924,1.00,1.00
2015.05.29 13:02:50.274,1.3191,1.31924,1.00,1.00
2015.05.29 13:02:50.325,1.31908,1.31924,1.00,1.00
2015.05.29 13:02:50.376,1.31908,1.3193,1.00,1.87
2015.05.29 13:02:50.478,1.31907,1.31928,1.00,1.50
2015.05.29 13:02:50.581,1.31906,1.3193,1.00,1.50
2015.05.29 13:02:50.633,1.3191,1.3193,1.00,1.00
2015.05.29 13:02:50.939,1.31919,1.31934,1.00,1.12
2015.05.29 13:02:51.257,1.31924,1.3194,1.00,1.00
2015.05.29 13:02:51.308,1.31936,1.31943,1.00,1.00
2015.05.29 13:02:51.360,1.31937,1.31947,1.00,1.50
2015.05.29 13:02:51.411,1.31943,1.31947,1.00,1.50
2015.05.29 13:02:51.515,1.31949,1.31958,1.00,1.00
2015.05.29 13:02:51.566,1.31951,1.31958,1.00,1.00
2015.05.29 13:02:51.618,1.31951,1.31964,1.00,1.00
2015.05.29 13:02:51.822,1.31949,1.31964,1.00,1.00
2015.05.29 13:02:51.924,1.31949,1.3197,1.00,1.00
2015.05.29 13:02:52.238,1.31947,1.31968,1.00,1.00
2015.05.29 13:02:52.441,1.31942,1.31964,1.00,1.00
2015.05.29 13:02:53.686,1.3194,1.31963,1.00,1.00
2015.05.29 13:02:54.196,1.31939,1.31963,1.00,2.25
2015.05.29 13:02:55.154,1.3194,1.31962,1.00,1.00
2015.05.29 13:02:56.320,1.3194,1.31963,1.00,1.50
2015.05.29 13:02:56.728,1.31942,1.31963,1.00,1.00
2015.05.29 13:02:56.947,1.31938,1.3196,1.50,1.12
2015.05.29 13:02:57.152,1.31938,1.31956,1.00,1.00
2015.05.29 13:02:57.950,1.31938,1.31955,1.00,1.00
2015.05.29 13:02:58.255,1.31938,1.31953,1.00,1.00
2015.05.29 13:02:58.562,1.3194,1.31953,1.12,1.00
2015.05.29 13:02:58.613,1.3194,1.31959,1.87,1.00
2015.05.29 13:02:58.716,1.31941,1.31959,1.37,1.00
2015.05.29 13:02:58.795,1.31941,1.31963,1.37,1.50
2015.05.29 13:03:00.650,1.31942,1.31963,1.37,1.00
2015.05.29 13:03:00.702,1.31942,1.31953,1.37,1.00
2015.05.29 13:03:00.753,1.31941,1.31953,1.00,1.00
2015.05.29 13:03:00.804,1.31939,1.31953,1.87,1.00
2015.05.29 13:03:00.956,1.31939,1.31958,1.00,1.00
2015.05.29 13:03:01.464,1.31939,1.31958,1.00,2.10
2015.05.29 13:03:02.140,1.31939,1.31954,1.00,1.00
2015.05.29 13:03:02.691,1.31937,1.31954,1.37,1.00
2015.05.29 13:03:03.309,1.31937,1.31953,1.87,1.00
2015.05.29 13:03:05.868,1.31936,1.31954,1.87,1.00
2015.05.29 13:03:05.919,1.31936,1.31954,1.87,1.00
2015.05.29 13:03:06.124,1.31937,1.31953,1.37,1.00
2015.05.29 13:03:06.633,1.31938,1.31954,1.12,1.00
2015.05.29 13:03:06.685,1.31938,1.31958,1.12,1.37
2015.05.29 13:03:07.224,1.31938,1.31958,1.12,1.37
2015.05.29 13:03:08.797,1.31938,1.31958,1.87,1.37
2015.05.29 13:03:09.102,1.31949,1.31961,1.00,1.00
2015.05.29 13:03:09.193,1.31949,1.31965,1.00,1.37
2015.05.29 13:03:09.245,1.3195,1.31966,1.00,1.87
2015.05.29 13:03:09.582,1.31955,1.31968,1.00,2.62
2015.05.29 13:03:09.633,1.31955,1.31968,1.00,1.50
2015.05.29 13:03:09.684,1.31953,1.31968,1.00,1.50
2015.05.29 13:03:09.736,1.31961,1.31974,1.00,1.37
2015.05.29 13:03:09.838,1.31952,1.31973,1.12,1.37
2015.05.29 13:03:10.211,1.31951,1.31968,2.10,1.00
2015.05.29 13:03:10.262,1.31952,1.31973,1.00,1.30
2015.05.29 13:03:10.720,1.31951,1.31973,1.00,2.47
2015.05.29 13:03:11.024,1.3195,1.31965,1.00,1.00
2015.05.29 13:03:11.279,1.31953,1.31973,1.35,1.37
2015.05.29 13:03:12.790,1.31951,1.31965,1.00,1.00
2015.05.29 13:03:12.953,1.31951,1.31974,2.10,3.00
2015.05.29 13:03:13.004,1.31951,1.31973,1.60,1.37
2015.05.29 13:03:13.260,1.31951,1.3197,1.00,1.37
2015.05.29 13:03:14.473,1.31953,1.31969,1.00,1.37
2015.05.29 13:03:14.575,1.31951,1.31969,1.00,1.37
2015.05.29 13:03:14.677,1.31951,1.31963,1.00,1.00
2015.05.29 13:03:14.779,1.31949,1.31964,1.00,1.00
2015.05.29 13:03:14.881,1.31947,1.31964,1.00,1.37
2015.05.29 13:03:15.891,1.31947,1.31964,1.00,1.00
2015.05.29 13:03:16.968,1.31948,1.31964,1.00,1.00
2015.05.29 13:03:17.120,1.31946,1.31964,1.00,1.00
2015.05.29 13:03:17.324,1.31944,1.31963,1.00,1.00
2015.05.29 13:03:17.679,1.31943,1.31959,1.00,1.00
2015.05.29 13:03:18.893,1.31943,1.31962,1.00,1.00
2015.05.29 13:03:18.995,1.31943,1.31959,1.00,1.00
2015.05.29 13:03:19.717,1.3194,1.31959,1.00,1.00
2015.05.29 13:03:19.921,1.3194,1.31953,1.00,1.00
2015.05.29 13:03:20.175,1.31938,1.31952,1.00,1.00
2015.05.29 13:03:20.696,1.31938,1.31953,1.00,1.00
2015.05.29 13:03:20.967,1.31936,1.31953,1.00,1.00
2015.05.29 13:03:21.549,1.31935,1.31953,1.12,1.00
2015.05.29 13:03:21.872,1.31935,1.31951,1.00,1.00
2015.05.29 13:03:22.379,1.31935,1.3195,1.00,1.00
2015.05.29 13:03:23.168,1.31935,1.31952,1.00,1.00
2015.05.29 13:03:24.285,1.31935,1.31951,1.00,1.00
2015.05.29 13:03:24.388,1.31934,1.31947,1.00,1.00
2015.05.29 13:03:24.490,1.31934,1.31952,1.00,1.00
2015.05.29 13:03:25.039,1.31934,1.31954,1.00,1.37
2015.05.29 13:03:25.242,1.31935,1.31956,1.00,2.62
2015.05.29 13:03:25.396,1.31937,1.31956,1.00,1.00
2015.05.29 13:03:25.549,1.31939,1.31959,1.00,1.00
2015.05.29 13:03:26.318,1.31939,1.31962,1.50,3.00
2015.05.29 13:03:26.369,1.31945,1.31962,1.00,2.25
2015.05.29 13:03:26.471,1.31946,1.31967,1.00,1.00
2015.05.29 13:03:26.725,1.31948,1.31967,1.00,1.00
2015.05.29 13:03:27.091,1.31948,1.31969,1.00,1.50
2015.05.29 13:03:27.601,1.31947,1.31969,1.00,1.50
2015.05.29 13:03:27.755,1.31947,1.31967,1.00,1.00
2015.05.29 13:03:28.554,1.31946,1.31967,1.50,1.00
2015.05.29 13:03:33.579,1.31945,1.31967,1.00,1.00
2015.05.29 13:03:34.680,1.31945,1.31966,1.00,1.00
2015.05.29 13:03:35.014,1.31945,1.31964,1.00,1.00
2015.05.29 13:03:35.932,1.31945,1.31965,1.00,1.00
2015.05.29 13:03:36.034,1.31943,1.31964,1.00,1.00
2015.05.29 13:03:36.136,1.31943,1.3196,1.00,1.00
2015.05.29 13:03:36.188,1.31938,1.3196,1.00,1.50
2015.05.29 13:03:36.340,1.31936,1.31959,1.00,1.00
2015.05.29 13:03:36.456,1.31939,1.31957,1.00,1.00
2015.05.29 13:03:36.507,1.31936,1.31957,1.00,1.00
2015.05.29 13:03:36.711,1.31934,1.31956,1.00,1.00
2015.05.29 13:03:37.226,1.31935,1.31956,1.00,1.00
2015.05.29 13:03:37.277,1.31935,1.31958,1.00,1.00
2015.05.29 13:03:40.318,1.31934,1.31958,1.50,1.50
2015.05.29 13:03:40.997,1.31937,1.31958,1.00,1.00
2015.05.29 13:03:41.537,1.31938,1.31957,1.00,1.00
2015.05.29 13:03:42.291,1.31938,1.31958,1.50,1.00
2015.05.29 13:03:42.394,1.31941,1.31962,1.00,2.25
2015.05.29 13:03:42.578,1.31941,1.31964,1.50,1.00
2015.05.29 13:03:42.731,1.31944,1.31963,1.00,1.00
2015.05.29 13:03:42.935,1.31942,1.31963,1.00,1.00
2015.05.29 13:03:43.190,1.31941,1.31961,1.00,1.00
2015.05.29 13:03:43.612,1.3194,1.31958,1.50,1.00
2015.05.29 13:03:43.714,1.3194,1.31961,1.50,1.00
2015.05.29 13:03:43.765,1.3194,1.31958,1.50,1.00
2015.05.29 13:03:44.299,1.3194,1.31957,1.50,1.00
2015.05.29 13:03:44.604,1.3194,1.3196,1.00,1.00
2015.05.29 13:03:44.763,1.3194,1.31963,1.00,1.87
2015.05.29 13:03:45.273,1.31941,1.31965,1.50,1.87
2015.05.29 13:03:45.324,1.31943,1.31965,1.00,1.12
2015.05.29 13:03:45.846,1.31945,1.31964,1.00,1.00
2015.05.29 13:03:46.416,1.31946,1.31964,1.00,1.00
2015.05.29 13:03:46.923,1.31945,1.31966,1.00,1.00
2015.05.29 13:03:47.025,1.31944,1.31963,1.50,1.00
2015.05.29 13:03:47.330,1.31947,1.31963,1.00,1.00
2015.05.29 13:03:47.817,1.31946,1.31966,1.00,1.00
2015.05.29 13:03:48.351,1.31947,1.31966,1.00,1.00
2015.05.29 13:03:50.465,1.31946,1.31966,1.50,1.00
2015.05.29 13:03:52.449,1.31951,1.31966,1.00,1.00
2015.05.29 13:03:52.976,1.31952,1.31967,1.00,1.00
2015.05.29 13:03:54.265,1.31952,1.31968,1.35,1.00
2015.05.29 13:03:55.480,1.31952,1.31969,1.00,1.00
2015.05.29 13:03:56.413,1.31951,1.31969,1.00,1.00
2015.05.29 13:03:56.465,1.31949,1.31969,1.00,1.00
2015.05.29 13:03:57.625,1.31947,1.31966,1.50,1.00
2015.05.29 13:03:57.828,1.31943,1.31965,1.00,1.00
2015.05.29 13:03:57.930,1.3194,1.31964,2.25,1.00
2015.05.29 13:03:59.470,1.3194,1.31956,1.00,1.00
2015.05.29 13:03:59.571,1.31938,1.31956,1.50,1.50
2015.05.29 13:04:00.082,1.31937,1.31955,1.00,1.00
2015.05.29 13:04:00.246,1.31937,1.31953,1.00,1.00
2015.05.29 13:04:00.501,1.31935,1.31952,1.00,1.00
2015.05.29 13:04:00.942,1.31935,1.31956,1.00,2.25
2015.05.29 13:04:01.681,1.31936,1.31956,1.00,1.50
2015.05.29 13:04:02.322,1.31937,1.31956,1.00,1.50
2015.05.29 13:04:03.581,1.31938,1.31956,1.00,1.50
2015.05.29 13:04:03.683,1.31936,1.31956,1.00,1.50
2015.05.29 13:04:03.887,1.31938,1.31956,1.00,1.00
2015.05.29 13:04:04.459,1.31937,1.31956,1.00,1.00
2015.05.29 13:04:05.185,1.31935,1.31956,1.00,1.00
2015.05.29 13:04:05.236,1.31937,1.31956,1.00,1.00
2015.05.29 13:04:05.637,1.31942,1.31956,1.00,1.00
2015.05.29 13:04:05.789,1.31942,1.31963,1.50,1.50
2015.05.29 13:04:05.840,1.31942,1.31961,1.50,1.00
2015.05.29 13:04:06.196,1.31945,1.31961,1.00,1.00
2015.05.29 13:04:06.525,1.31944,1.31959,1.00,1.00
2015.05.29 13:04:06.955,1.31942,1.31958,1.00,1.00
2015.05.29 13:04:07.058,1.31945,1.31958,1.00,1.00
2015.05.29 13:04:07.211,1.31943,1.31958,1.00,1.00
2015.05.29 13:04:07.712,1.31943,1.3196,1.00,1.00
2015.05.29 13:04:07.866,1.31945,1.3196,1.00,1.00
2015.05.29 13:04:08.714,1.31944,1.3196,1.00,1.00
2015.05.29 13:04:09.149,1.31941,1.31958,1.00,1.00
2015.05.29 13:04:09.251,1.31941,1.31953,1.00,1.00
2015.05.29 13:04:09.623,1.31968,1.31973,1.00,1.50
2015.05.29 13:04:09.725,1.31974,1.31989,1.00,1.00
2015.05.29 13:04:09.827,1.3197,1.31989,1.00,1.00
2015.05.29 13:04:09.878,1.31963,1.31988,1.00,1.00
2015.05.29 13:04:09.930,1.31966,1.31988,1.00,1.00
2015.05.29 13:04:10.237,1.31961,1.31983,1.00,3.00
2015.05.29 13:04:10.595,1.31959,1.31979,1.00,1.00
2015.05.29 13:04:10.647,1.31959,1.31981,1.00,1.00
2015.05.29 13:04:11.177,1.3196,1.3198,1.00,1.00
2015.05.29 13:04:11.859,1.3196,1.31982,1.00,1.00
2015.05.29 13:04:11.910,1.31964,1.31982,1.00,1.00
2015.05.29 13:04:12.257,1.31966,1.31983,1.00,1.00
2015.05.29 13:04:12.918,1.31963,1.31983,1.00,1.00
2015.05.29 13:04:13.020,1.31961,1.31983,1.00,1.00
2015.05.29 13:04:13.178,1.31963,1.31983,1.00,1.00
2015.05.29 13:04:13.229,1.31961,1.31983,1.50,1.00
2015.05.29 13:04:13.739,1.31961,1.31982,1.00,1.00
2015.05.29 13:04:14.265,1.31962,1.31983,1.00,1.50
2015.05.29 13:04:15.534,1.31962,1.31987,1.50,1.00
2015.05.29 13:04:15.635,1.31962,1.31984,1.50,1.00
2015.05.29 13:04:16.832,1.31963,1.31984,1.00,1.00
2015.05.29 13:04:17.145,1.31965,1.31984,1.00,1.00
2015.05.29 13:04:17.986,1.31967,1.31984,1.00,1.00
2015.05.29 13:04:18.037,1.31967,1.31989,1.00,1.12
2015.05.29 13:04:18.214,1.31975,1.31993,2.10,1.37
2015.05.29 13:04:18.267,1.31973,1.31993,1.87,1.37
2015.05.29 13:04:18.318,1.31973,1.31993,1.87,1.00
2015.05.29 13:04:18.370,1.31973,1.31989,1.00,1.00
2015.05.29 13:04:18.422,1.3197,1.31989,1.00,1.00
2015.05.29 13:04:18.473,1.31972,1.31995,1.00,2.25
2015.05.29 13:04:18.524,1.31974,1.31995,1.00,1.50
2015.05.29 13:04:18.872,1.31977,1.31997,1.00,1.00
2015.05.29 13:04:19.230,1.31976,1.32,1.50,1.50
2015.05.29 13:04:19.281,1.3198,1.31998,1.00,1.00
2015.05.29 13:04:19.599,1.31988,1.31999,1.00,1.00
2015.05.29 13:04:19.701,1.31988,1.32003,1.00,1.50
2015.05.29 13:04:19.855,1.3199,1.32003,1.00,1.00
2015.05.29 13:04:20.160,1.31996,1.32008,1.00,1.00
2015.05.29 13:04:20.365,1.31998,1.32018,1.00,1.00
2015.05.29 13:04:20.483,1.31998,1.32015,1.00,1.00
2015.05.29 13:04:20.587,1.31994,1.32012,1.00,1.00
2015.05.29 13:04:20.741,1.31989,1.32011,1.00,1.00
2015.05.29 13:04:20.792,1.31989,1.32009,1.00,1.00
2015.05.29 13:04:21.251,1.31986,1.32009,1.00,1.00
2015.05.29 13:04:21.303,1.32006,1.32011,1.00,2.25
2015.05.29 13:04:21.562,1.32024,1.32028,1.00,1.50
2015.05.29 13:04:21.613,1.3202,1.32028,1.00,1.00
2015.05.29 13:04:21.665,1.3202,1.32035,1.00,1.00
2015.05.29 13:04:21.716,1.32026,1.32035,1.00,1.00
2015.05.29 13:04:21.767,1.32026,1.32044,1.00,1.00
2015.05.29 13:04:21.819,1.32031,1.3205,1.00,1.00
2015.05.29 13:04:21.870,1.32031,1.32048,1.00,1.00
2015.05.29 13:04:21.921,1.32025,1.32048,1.00,1.00
2015.05.29 13:04:22.023,1.32025,1.32045,1.00,1.00
2015.05.29 13:04:22.343,1.32032,1.32052,1.00,1.00
2015.05.29 13:04:22.649,1.32043,1.32059,1.00,1.00
2015.05.29 13:04:22.700,1.3204,1.32059,1.00,1.00
2015.05.29 13:04:22.802,1.32037,1.32059,1.00,1.00
2015.05.29 13:04:22.853,1.32037,1.32055,1.00,1.00
2015.05.29 13:04:23.125,1.32026,1.32048,1.00,1.00
2015.05.29 13:04:23.227,1.32029,1.32048,1.00,1.00
2015.05.29 13:04:23.535,1.32036,1.32052,1.00,1.00
2015.05.29 13:04:23.587,1.32039,1.32059,1.00,1.00
2015.05.29 13:04:23.767,1.32041,1.32063,1.00,1.00
2015.05.29 13:04:23.819,1.32046,1.32063,1.00,1.00
2015.05.29 13:04:24.333,1.32041,1.32063,1.50,2.25
2015.05.29 13:04:24.652,1.32042,1.32063,1.00,2.85
2015.05.29 13:04:24.703,1.3204,1.3206,1.50,1.00
2015.05.29 13:04:25.234,1.3204,1.32059,1.00,1.00
2015.05.29 13:04:25.682,1.32042,1.32063,1.00,2.85
2015.05.29 13:04:25.734,1.32042,1.32063,1.00,2.25
2015.05.29 13:04:25.786,1.32049,1.32063,1.00,1.50
2015.05.29 13:04:25.837,1.32049,1.32065,1.00,1.00
2015.05.29 13:04:25.889,1.32049,1.32067,1.00,1.50
2015.05.29 13:04:26.093,1.32061,1.32069,1.00,1.00
2015.05.29 13:04:26.195,1.32069,1.32081,1.00,1.00
2015.05.29 13:04:26.298,1.32069,1.32084,1.00,1.00
2015.05.29 13:04:26.427,1.32063,1.32083,1.00,1.00
2015.05.29 13:04:26.937,1.32064,1.32078,1.00,1.00
2015.05.29 13:04:27.445,1.32063,1.32079,1.00,1.00
2015.05.29 13:04:27.597,1.32064,1.32083,1.00,1.00
2015.05.29 13:04:28.064,1.32064,1.32079,1.00,1.00
2015.05.29 13:04:28.116,1.3206,1.32079,1.50,1.00
2015.05.29 13:04:28.228,1.3206,1.32074,1.50,1.00
2015.05.29 13:04:28.382,1.32059,1.32078,1.00,1.00
2015.05.29 13:04:28.738,1.32057,1.32073,1.00,1.00
2015.05.29 13:04:29.168,1.32057,1.32078,1.00,1.00
2015.05.29 13:04:29.270,1.32055,1.32078,1.50,1.00
2015.05.29 13:04:29.680,1.32057,1.3208,1.00,1.00
2015.05.29 13:04:30.033,1.32062,1.32085,1.00,1.00
2015.05.29 13:04:30.496,1.32064,1.32087,1.00,2.25
2015.05.29 13:04:30.807,1.32062,1.32085,1.50,1.00
2015.05.29 13:04:31.324,1.32062,1.32084,1.00,1.50
2015.05.29 13:04:31.645,1.3206,1.32081,1.50,1.00
2015.05.29 13:04:32.233,1.3206,1.32079,1.00,1.00
2015.05.29 13:04:33.093,1.32061,1.32079,1.00,1.00
2015.05.29 13:04:33.438,1.32064,1.32083,1.00,1.00
2015.05.29 13:04:33.540,1.32066,1.32083,1.00,1.00
2015.05.29 13:04:34.000,1.32064,1.32083,1.00,1.00
2015.05.29 13:04:34.103,1.32064,1.32086,1.00,1.50
2015.05.29 13:04:34.237,1.32064,1.32084,1.00,1.00
2015.05.29 13:04:34.340,1.32062,1.32086,1.00,2.25
2015.05.29 13:04:34.443,1.32062,1.32084,1.00,1.00
2015.05.29 13:04:34.975,1.32062,1.32086,1.00,2.25
2015.05.29 13:04:35.757,1.32062,1.32083,1.00,1.00
2015.05.29 13:04:36.063,1.32069,1.32089,1.00,1.00
2015.05.29 13:04:36.609,1.32069,1.32088,1.50,1.00
2015.05.29 13:04:36.864,1.32069,1.3209,1.00,1.00
2015.05.29 13:04:36.916,1.32069,1.32082,1.00,1.00
2015.05.29 13:04:37.018,1.32061,1.32076,1.00,1.00
2015.05.29 13:04:37.069,1.32061,1.32074,1.00,1.00
2015.05.29 13:04:37.120,1.32059,1.32074,1.35,1.00
2015.05.29 13:04:37.430,1.32057,1.32079,2.10,1.00
2015.05.29 13:04:37.956,1.32056,1.32072,1.00,1.00
2015.05.29 13:04:38.258,1.32053,1.32067,1.00,1.00
2015.05.29 13:04:38.790,1.32053,1.32068,1.00,1.00
2015.05.29 13:04:39.096,1.32051,1.32066,1.00,1.00
2015.05.29 13:04:39.945,1.32051,1.32068,1.00,1.00
2015.05.29 13:04:40.251,1.32051,1.32066,1.00,1.00
2015.05.29 13:04:40.462,1.32052,1.32074,1.00,1.00
2015.05.29 13:04:40.821,1.32054,1.32074,1.00,1.00
2015.05.29 13:04:41.126,1.32061,1.32078,2.10,1.00
2015.05.29 13:04:41.482,1.32068,1.32081,2.10,1.00
2015.05.29 13:04:41.533,1.32068,1.32084,2.10,2.02
2015.05.29 13:04:42.053,1.32068,1.32085,2.10,2.02
2015.05.29 13:04:42.104,1.32068,1.32088,2.10,1.50
2015.05.29 13:04:42.257,1.32069,1.32083,1.35,1.00
2015.05.29 13:04:42.461,1.32069,1.32088,2.10,1.00
2015.05.29 13:04:42.563,1.32072,1.32088,1.00,1.00
2015.05.29 13:04:42.665,1.3207,1.32088,1.00,1.00
2015.05.29 13:04:43.193,1.32071,1.32089,1.00,1.00
2015.05.29 13:04:43.703,1.3207,1.32089,1.50,1.00
2015.05.29 13:04:44.029,1.32072,1.32088,1.00,1.00
2015.05.29 13:04:44.575,1.32074,1.32088,1.00,1.00
2015.05.29 13:04:44.676,1.32072,1.32088,1.00,1.00
2015.05.29 13:04:44.779,1.32072,1.32083,1.00,1.00
2015.05.29 13:04:44.864,1.32069,1.32083,1.50,1.00
2015.05.29 13:04:44.916,1.32069,1.32078,1.00,1.00
2015.05.29 13:04:45.019,1.32057,1.32077,1.00,1.00
2015.05.29 13:04:45.325,1.32056,1.32073,1.00,1.00
2015.05.29 13:04:45.377,1.32054,1.32073,1.00,1.00
2015.05.29 13:04:45.430,1.32052,1.32073,1.50,1.00
2015.05.29 13:04:45.635,1.32052,1.32069,1.00,1.00
2015.05.29 13:04:45.943,1.32052,1.32067,1.00,1.00
2015.05.29 13:04:46.467,1.32051,1.32068,1.00,1.00
2015.05.29 13:04:46.721,1.32046,1.32068,1.50,1.35
2015.05.29 13:04:46.772,1.32046,1.32061,1.50,1.00
2015.05.29 13:04:46.991,1.32046,1.32063,1.00,1.00
2015.05.29 13:04:47.195,1.32044,1.32061,1.50,1.00
2015.05.29 13:04:47.703,1.32043,1.32061,1.00,1.00
2015.05.29 13:04:47.804,1.3204,1.32061,1.00,1.00
2015.05.29 13:04:47.856,1.3204,1.32059,1.00,1.00
2015.05.29 13:04:48.161,1.3204,1.32062,1.00,1.00
2015.05.29 13:04:48.324,1.3204,1.3206,1.00,1.00
2015.05.29 13:04:48.508,1.3204,1.32062,1.00,1.00
2015.05.29 13:04:48.864,1.32042,1.32064,1.00,2.02
2015.05.29 13:04:49.017,1.32045,1.32068,2.25,1.00
2015.05.29 13:04:49.361,1.32047,1.32067,1.00,1.00
2015.05.29 13:04:49.721,1.32047,1.32065,1.00,1.00
2015.05.29 13:04:50.033,1.32045,1.32064,1.00,1.00
2015.05.29 13:04:50.084,1.32045,1.3206,1.00,1.00
2015.05.29 13:04:50.300,1.32052,1.3207,2.10,1.50
2015.05.29 13:04:50.505,1.32052,1.32072,2.85,1.57
2015.05.29 13:04:50.607,1.32056,1.32076,1.00,1.57
2015.05.29 13:04:50.709,1.32053,1.32074,1.00,1.12
2015.05.29 13:04:50.811,1.32051,1.32073,1.00,2.02
2015.05.29 13:04:51.122,1.32048,1.32069,1.50,1.00
2015.05.29 13:04:51.275,1.32048,1.32068,1.00,2.62
2015.05.29 13:04:51.580,1.32052,1.32068,1.35,1.50
2015.05.29 13:04:51.632,1.32052,1.32073,2.10,1.00
2015.05.29 13:04:51.683,1.32056,1.32073,2.10,1.00
2015.05.29 13:04:51.887,1.32056,1.32076,2.10,1.00
2015.05.29 13:04:52.032,1.32055,1.32076,1.00,1.00
2015.05.29 13:04:52.236,1.32056,1.32076,2.85,1.00
2015.05.29 13:04:54.299,1.32058,1.32078,2.10,1.00
2015.05.29 13:04:54.454,1.3206,1.32078,1.00,1.00
2015.05.29 13:04:54.506,1.3206,1.3208,1.00,1.35
2015.05.29 13:04:54.557,1.32056,1.3208,1.60,1.00
2015.05.29 13:04:54.763,1.32055,1.32078,2.85,1.12
2015.05.29 13:04:54.917,1.32054,1.32078,1.50,1.72
2015.05.29 13:04:55.078,1.32056,1.32078,1.00,1.72
2015.05.29 13:04:55.619,1.32057,1.32078,1.00,1.72
2015.05.29 13:04:55.925,1.32069,1.32085,1.00,1.50
2015.05.29 13:04:56.033,1.32069,1.32088,1.00,1.00
2015.05.29 13:04:56.084,1.32077,1.32089,1.00,1.50
2015.05.29 13:04:56.237,1.32071,1.32093,1.00,1.50
2015.05.29 13:04:56.339,1.3207,1.32089,1.00,1.00
2015.05.29 13:04:56.595,1.3206,1.32081,1.00,1.00
2015.05.29 13:04:56.749,1.32062,1.32082,1.00,1.00
2015.05.29 13:04:57.011,1.3206,1.32084,4.35,1.00
2015.05.29 13:04:57.216,1.32063,1.32085,1.00,1.00
2015.05.29 13:04:57.545,1.32065,1.32086,1.00,1.35
2015.05.29 13:04:58.307,1.32062,1.32085,1.00,1.00
2015.05.29 13:04:58.358,1.32061,1.32082,1.35,1.00
2015.05.29 13:04:58.707,1.32058,1.32079,1.50,1.00
2015.05.29 13:04:59.223,1.32058,1.32078,1.00,1.50
2015.05.29 13:04:59.675,1.32057,1.32075,1.00,1.00
2015.05.29 13:05:00.195,1.32055,1.32075,2.10,1.00
2015.05.29 13:05:01.192,1.32055,1.32076,2.10,1.50
2015.05.29 13:05:01.497,1.32028,1.32045,1.99,1.00
2015.05.29 13:05:01.600,1.32028,1.32037,1.00,1.00
2015.05.29 13:05:01.702,1.32024,1.32044,2.10,1.00
2015.05.29 13:05:01.856,1.32027,1.32047,1.00,1.00
2015.05.29 13:05:02.127,1.32028,1.32047,2.10,1.00
2015.05.29 13:05:02.434,1.32034,1.3205,1.00,1.00
2015.05.29 13:05:02.486,1.3203,1.3205,1.00,1.00
2015.05.29 13:05:02.909,1.32027,1.32049,1.00,1.00
2015.05.29 13:05:03.063,1.32027,1.32051,1.50,1.35
2015.05.29 13:05:03.116,1.3203,1.32051,2.10,1.00
2015.05.29 13:05:03.422,1.32038,1.32059,1.00,1.00
2015.05.29 13:05:03.474,1.32036,1.32059,1.50,1.00
2015.05.29 13:05:03.576,1.32038,1.32059,1.00,1.00
2015.05.29 13:05:04.905,1.3204,1.32059,1.00,1.00
2015.05.29 13:05:04.956,1.3204,1.32061,1.00,1.30
2015.05.29 13:05:05.008,1.32039,1.32063,2.85,1.87
2015.05.29 13:05:05.111,1.32046,1.32063,1.00,1.00
2015.05.29 13:05:05.366,1.32044,1.32063,1.00,1.00
2015.05.29 13:05:05.468,1.32042,1.32063,1.00,1.50
2015.05.29 13:05:05.602,1.32041,1.3206,1.00,1.00
2015.05.29 13:05:05.908,1.32045,1.3206,1.00,1.00
2015.05.29 13:05:06.012,1.32047,1.32066,1.00,1.37
2015.05.29 13:05:06.166,1.32047,1.32067,1.00,1.12
2015.05.29 13:05:06.217,1.32047,1.32065,1.00,2.47
2015.05.29 13:05:06.433,1.32045,1.32065,1.00,2.47
2015.05.29 13:05:06.640,1.32045,1.32061,1.00,2.10
2015.05.29 13:05:07.085,1.32042,1.32061,1.00,2.10
2015.05.29 13:05:07.278,1.32044,1.32061,1.00,3.60
2015.05.29 13:05:07.329,1.32039,1.32061,3.00,3.60
2015.05.29 13:05:07.542,1.32037,1.32061,1.87,4.35
2015.05.29 13:05:07.645,1.32037,1.32053,1.00,2.10
2015.05.29 13:05:07.798,1.32033,1.32053,1.00,2.85
2015.05.29 13:05:08.053,1.32031,1.32053,1.00,2.10
2015.05.29 13:05:08.561,1.3203,1.32052,1.00,1.60
2015.05.29 13:05:09.257,1.3203,1.3205,1.00,1.00
2015.05.29 13:05:09.780,1.32029,1.32052,1.00,2.10
2015.05.29 13:05:09.882,1.32035,1.32054,1.00,1.00
2015.05.29 13:05:10.290,1.32037,1.32054,1.00,1.00
2015.05.29 13:05:10.609,1.32036,1.32058,1.50,1.60
2015.05.29 13:05:11.121,1.32037,1.32058,1.00,1.60
2015.05.29 13:05:11.767,1.32035,1.32058,1.50,1.60
2015.05.29 13:05:12.074,1.32035,1.32052,1.00,2.10
2015.05.29 13:05:12.126,1.32031,1.32052,1.37,2.10
2015.05.29 13:05:12.245,1.32031,1.32051,1.00,1.00
2015.05.29 13:05:12.296,1.32034,1.32054,1.00,2.85
2015.05.29 13:05:12.449,1.3203,1.32054,1.87,2.85
2015.05.29 13:05:12.500,1.3203,1.32054,1.87,1.00
2015.05.29 13:05:12.958,1.32033,1.32051,1.00,1.00
2015.05.29 13:05:13.727,1.32034,1.32052,1.00,1.00
2015.05.29 13:05:14.275,1.32034,1.32051,1.00,1.00
2015.05.29 13:05:14.516,1.32034,1.32053,1.00,1.50
2015.05.29 13:05:15.182,1.32033,1.32053,1.12,1.00
2015.05.29 13:05:15.234,1.32033,1.32053,3.22,1.00
2015.05.29 13:05:15.438,1.32033,1.32055,4.72,1.50
2015.05.29 13:05:15.959,1.32034,1.32055,1.35,1.50
2015.05.29 13:05:17.337,1.3203,1.32052,1.50,1.00
2015.05.29 13:05:17.490,1.3203,1.32055,1.50,2.25
2015.05.29 13:05:18.040,1.32031,1.32055,1.00,2.25
2015.05.29 13:05:18.502,1.32033,1.32054,1.00,1.00
2015.05.29 13:05:18.815,1.32026,1.32045,1.00,1.00
2015.05.29 13:05:18.917,1.32024,1.32045,1.50,1.00
2015.05.29 13:05:19.019,1.32024,1.32043,1.00,1.00
2015.05.29 13:05:19.529,1.32024,1.32044,1.00,1.00
2015.05.29 13:05:19.848,1.32022,1.32039,1.00,1.00
2015.05.29 13:05:20.357,1.32023,1.3204,1.00,1.00
2015.05.29 13:05:20.460,1.32023,1.32045,1.00,1.00
2015.05.29 13:05:20.977,1.3203,1.32046,2.10,1.00
2015.05.29 13:05:21.029,1.3203,1.32048,2.10,2.25
2015.05.29 13:05:21.133,1.32034,1.32048,1.00,1.00
2015.05.29 13:05:21.185,1.32034,1.32054,1.00,1.50
2015.05.29 13:05:21.593,1.32036,1.32054,1.12,1.35
2015.05.29 13:05:21.905,1.32049,1.32066,1.00,1.00
2015.05.29 13:05:21.956,1.32047,1.32066,1.00,1.00
2015.05.29 13:05:22.109,1.32044,1.32066,1.00,1.00
2015.05.29 13:05:22.212,1.32046,1.32064,1.00,1.00
2015.05.29 13:05:22.518,1.32054,1.32069,1.00,1.00
2015.05.29 13:05:22.732,1.32055,1.32073,1.00,3.00
2015.05.29 13:05:23.737,1.32058,1.32073,1.00,2.25
2015.05.29 13:05:24.023,1.32071,1.3209,1.87,1.00
2015.05.29 13:05:24.074,1.32071,1.32092,1.87,1.00
2015.05.29 13:05:24.228,1.32076,1.32093,1.00,1.00
2015.05.29 13:05:24.329,1.3207,1.32092,2.25,1.00
2015.05.29 13:05:24.482,1.3207,1.32092,1.87,3.00
2015.05.29 13:05:25.007,1.32071,1.32093,1.00,1.00
2015.05.29 13:05:25.109,1.32071,1.32095,1.00,1.50
2015.05.29 13:05:25.211,1.32071,1.32093,1.00,1.00
2015.05.29 13:05:25.516,1.32072,1.32095,1.00,1.50
2015.05.29 13:05:26.049,1.32073,1.32095,1.00,1.00
2015.05.29 13:05:26.578,1.32073,1.32094,1.00,1.00
2015.05.29 13:05:26.629,1.32073,1.32089,1.00,1.50
2015.05.29 13:05:27.149,1.32072,1.32089,1.00,1.50
2015.05.29 13:05:27.703,1.32069,1.32089,1.00,1.50
2015.05.29 13:05:27.908,1.3207,1.32083,1.00,1.00
2015.05.29 13:05:28.008,1.32064,1.32082,1.00,1.00
2015.05.29 13:05:28.161,1.32062,1.32083,1.00,1.00
2015.05.29 13:05:28.213,1.3206,1.32083,1.50,1.00
2015.05.29 13:05:28.265,1.3206,1.32081,1.50,1.00
2015.05.29 13:05:28.469,1.32061,1.32083,1.00,1.00
2015.05.29 13:05:28.683,1.32062,1.32081,1.00,1.00
2015.05.29 13:05:28.734,1.3206,1.32081,1.50,1.00
2015.05.29 13:05:29.003,1.32063,1.32083,1.00,1.00
2015.05.29 13:05:29.546,1.32065,1.32084,1.00,1.00
2015.05.29 13:05:29.647,1.32066,1.32087,1.00,1.50
2015.05.29 13:05:30.487,1.32068,1.32087,1.50,1.00
2015.05.29 13:05:30.794,1.32076,1.32093,1.35,1.50
2015.05.29 13:05:31.221,1.32078,1.32093,1.60,1.00
2015.05.29 13:05:31.323,1.32079,1.321,1.72,1.00
2015.05.29 13:05:31.433,1.32081,1.321,1.00,1.00
2015.05.29 13:05:31.738,1.32085,1.321,2.10,1.00
2015.05.29 13:05:31.951,1.32085,1.32106,3.22,1.00
2015.05.29 13:05:32.155,1.32085,1.32104,3.22,1.00
2015.05.29 13:05:32.206,1.32084,1.32104,1.87,1.00
2015.05.29 13:05:32.308,1.32084,1.321,1.00,1.00
2015.05.29 13:05:32.767,1.32081,1.32101,1.60,1.00
2015.05.29 13:05:33.049,1.32084,1.32102,2.10,1.00
2015.05.29 13:05:33.304,1.32085,1.32106,1.97,1.00
2015.05.29 13:05:35.141,1.32086,1.32106,1.35,1.50
2015.05.29 13:05:35.192,1.32084,1.32101,2.85,1.00
2015.05.29 13:05:35.497,1.32083,1.321,3.22,1.50
2015.05.29 13:05:35.801,1.32083,1.32099,2.47,1.00
2015.05.29 13:05:36.327,1.32081,1.32098,1.37,1.00
2015.05.29 13:05:36.378,1.32081,1.321,1.37,1.50
2015.05.29 13:05:36.736,1.3208,1.32098,1.37,1.00
2015.05.29 13:05:37.042,1.32079,1.321,1.37,1.00
2015.05.29 13:05:37.216,1.32083,1.321,1.87,1.00
2015.05.29 13:05:37.522,1.32086,1.321,1.37,1.00
2015.05.29 13:05:37.573,1.32089,1.32107,2.47,1.00
2015.05.29 13:05:37.777,1.32089,1.32106,2.47,1.00
2015.05.29 13:05:38.090,1.32089,1.32102,2.47,1.00
2015.05.29 13:05:38.405,1.32089,1.32098,2.47,1.00
2015.05.29 13:05:38.558,1.32086,1.32096,1.37,1.00
2015.05.29 13:05:39.231,1.32085,1.32097,1.37,1.00
2015.05.29 13:05:39.569,1.32082,1.32095,3.22,1.00
2015.05.29 13:05:39.773,1.32081,1.32092,1.37,1.00
2015.05.29 13:05:40.282,1.32078,1.32091,1.37,1.00
2015.05.29 13:05:40.748,1.32076,1.32091,1.37,1.00
2015.05.29 13:05:40.800,1.32076,1.32089,1.37,1.00
2015.05.29 13:05:41.004,1.32076,1.3209,1.37,1.00
2015.05.29 13:05:41.158,1.32076,1.32093,1.37,1.00
2015.05.29 13:05:41.311,1.32077,1.32096,1.37,2.25
2015.05.29 13:05:41.846,1.32077,1.32095,1.37,1.00
2015.05.29 13:05:41.897,1.32077,1.32093,1.37,1.00
2015.05.29 13:05:42.405,1.32077,1.32094,1.37,1.00
2015.05.29 13:05:42.747,1.32079,1.32096,1.12,1.50
2015.05.29 13:05:42.798,1.32083,1.32096,1.00,1.50
2015.05.29 13:05:42.900,1.32083,1.32098,1.00,1.00
2015.05.29 13:05:43.122,1.32081,1.32097,1.00,1.00
2015.05.29 13:05:43.224,1.32082,1.32095,1.00,1.00
2015.05.29 13:05:43.760,1.32081,1.32095,1.72,1.00
2015.05.29 13:05:44.316,1.32081,1.32096,1.72,1.00
2015.05.29 13:05:44.418,1.32081,1.32099,1.72,1.00
2015.05.29 13:05:44.747,1.32082,1.32102,1.50,1.50
2015.05.29 13:05:44.799,1.32084,1.32102,1.00,1.50
2015.05.29 13:05:45.105,1.32087,1.32103,1.00,1.00
2015.05.29 13:05:45.423,1.32087,1.32101,1.00,1.00
2015.05.29 13:05:45.840,1.32089,1.32104,2.10,1.00
2015.05.29 13:05:46.046,1.3209,1.32107,1.00,1.00
2015.05.29 13:05:46.097,1.32087,1.32107,1.00,1.00
2015.05.29 13:05:46.623,1.32086,1.32107,1.00,1.50
2015.05.29 13:05:46.982,1.32084,1.32107,1.00,1.50
2015.05.29 13:05:47.034,1.32082,1.32094,1.00,1.00
2015.05.29 13:05:47.085,1.32079,1.32094,1.00,1.00
2015.05.29 13:05:47.187,1.32075,1.32092,1.00,1.00
2015.05.29 13:05:47.289,1.32075,1.32089,1.00,1.00
2015.05.29 13:05:47.869,1.32074,1.32089,1.35,1.00
2015.05.29 13:05:48.174,1.32073,1.32087,1.60,1.00
2015.05.29 13:05:48.701,1.32073,1.32088,1.60,1.00
2015.05.29 13:05:49.238,1.32073,1.32089,1.60,1.00
2015.05.29 13:05:49.788,1.32073,1.3209,1.60,1.00
2015.05.29 13:05:50.116,1.32071,1.32086,1.00,1.00
2015.05.29 13:05:50.167,1.32068,1.32086,1.72,1.00
2015.05.29 13:05:50.218,1.32068,1.32086,1.72,1.00
2015.05.29 13:05:50.469,1.32071,1.3209,3.22,1.00
2015.05.29 13:05:50.673,1.32074,1.32088,2.10,1.00
2015.05.29 13:05:50.993,1.32074,1.32091,2.10,1.50
2015.05.29 13:05:52.000,1.32074,1.32089,2.10,1.00
2015.05.29 13:05:52.210,1.32074,1.32091,2.10,2.25
2015.05.29 13:05:52.628,1.32072,1.32091,1.00,1.50
2015.05.29 13:05:52.781,1.32073,1.32091,2.10,1.50
2015.05.29 13:05:52.883,1.32071,1.32091,1.50,1.00
2015.05.29 13:05:53.189,1.32072,1.32095,1.00,1.00
2015.05.29 13:05:53.342,1.32073,1.32091,1.00,1.00
2015.05.29 13:05:53.864,1.32072,1.32092,1.50,1.00
2015.05.29 13:05:54.169,1.32077,1.32093,2.10,1.00
2015.05.29 13:05:54.322,1.32077,1.32096,2.10,1.00
2015.05.29 13:05:54.424,1.32083,1.32097,2.10,1.00
2015.05.29 13:05:54.475,1.32083,1.32102,2.10,1.00
2015.05.29 13:05:54.817,1.32084,1.32109,2.10,3.00
2015.05.29 13:05:54.868,1.32084,1.32104,2.10,1.00
2015.05.29 13:05:54.970,1.32084,1.32106,2.10,1.00
2015.05.29 13:05:55.071,1.32084,1.32104,2.10,1.00
2015.05.29 13:05:55.395,1.32084,1.32093,1.00,1.00
2015.05.29 13:05:55.446,1.32082,1.32093,1.00,1.00
2015.05.29 13:05:55.576,1.32081,1.32095,1.50,1.00
2015.05.29 13:05:55.631,1.32078,1.32099,2.62,1.00
2015.05.29 13:05:55.785,1.32079,1.32101,1.37,1.00
2015.05.29 13:05:55.836,1.32079,1.32097,1.37,1.00
2015.05.29 13:05:56.054,1.32082,1.32099,1.12,1.00
2015.05.29 13:05:56.163,1.32082,1.32097,1.12,1.00
2015.05.29 13:05:56.706,1.32083,1.32097,1.00,1.00
2015.05.29 13:05:57.026,1.32083,1.32095,1.00,1.00
2015.05.29 13:05:57.535,1.32082,1.32096,1.12,1.00
2015.05.29 13:05:57.884,1.32082,1.3209,1.12,1.00
2015.05.29 13:05:58.484,1.32082,1.32089,1.00,1.00
2015.05.29 13:05:58.637,1.32075,1.32088,1.00,1.00
2015.05.29 13:05:58.739,1.32075,1.3209,1.00,1.00
2015.05.29 13:05:59.499,1.32075,1.32091,1.00,1.00
2015.05.29 13:05:59.703,1.32075,1.32089,1.00,1.00
2015.05.29 13:05:59.807,1.32079,1.32094,1.00,1.00
2015.05.29 13:05:59.859,1.32081,1.32094,1.00,1.00
2015.05.29 13:06:00.155,1.32081,1.32098,1.00,1.50
2015.05.29 13:06:00.308,1.32079,1.32098,1.00,1.00
2015.05.29 13:06:00.359,1.32079,1.32094,1.60,1.00
2015.05.29 13:06:00.767,1.32093,1.32099,2.10,2.25
2015.05.29 13:06:00.819,1.32093,1.32107,2.10,2.17
2015.05.29 13:06:00.871,1.32093,1.32107,2.85,1.00
2015.05.29 13:06:00.922,1.321,1.3211,2.10,1.00
2015.05.29 13:06:01.025,1.32097,1.32117,1.00,1.00
2015.05.29 13:06:01.121,1.32097,1.32114,1.00,1.00
2015.05.29 13:06:01.172,1.32094,1.32114,1.00,1.00
2015.05.29 13:06:01.680,1.32094,1.32115,1.00,1.00
2015.05.29 13:06:01.782,1.32094,1.32111,1.00,1.00
2015.05.29 13:06:02.385,1.32094,1.32113,1.00,1.00
2015.05.29 13:06:02.589,1.32094,1.32109,1.00,1.00
2015.05.29 13:06:02.894,1.32094,1.32112,2.25,1.00
2015.05.29 13:06:02.945,1.32094,1.32109,1.50,1.00
2015.05.29 13:06:03.200,1.32091,1.32108,1.00,1.00
2015.05.29 13:06:03.318,1.32085,1.32101,3.97,1.00
2015.05.29 13:06:03.471,1.32086,1.32104,1.60,1.00
2015.05.29 13:06:03.676,1.32085,1.32099,2.47,1.00
2015.05.29 13:06:03.983,1.3208,1.32092,3.22,1.00
2015.05.29 13:06:04.292,1.32083,1.32088,1.50,1.00
2015.05.29 13:06:04.546,1.32083,1.3209,1.50,1.00
2015.05.29 13:06:05.538,1.32077,1.3209,2.47,1.00
2015.05.29 13:06:06.615,1.32072,1.32081,1.75,1.00
2015.05.29 13:06:06.761,1.32066,1.3207,1.00,1.00
2015.05.29 13:06:06.863,1.32053,1.32066,2.47,1.00
2015.05.29 13:06:06.964,1.32046,1.32053,1.00,1.00
2015.05.29 13:06:07.016,1.32044,1.32053,1.00,1.00
2015.05.29 13:06:07.067,1.32041,1.32053,1.00,1.00
2015.05.29 13:06:07.271,1.32037,1.32053,1.00,1.00
2015.05.29 13:06:07.322,1.32037,1.32051,1.00,1.00
2015.05.29 13:06:07.649,1.32037,1.32049,1.00,1.00
2015.05.29 13:06:07.862,1.32037,1.32051,1.00,1.00
2015.05.29 13:06:08.334,1.32041,1.32052,1.00,1.00
2015.05.29 13:06:08.641,1.32041,1.3205,1.00,1.00
2015.05.29 13:06:09.160,1.32041,1.32051,1.00,1.00
2015.05.29 13:06:09.516,1.32042,1.32057,1.00,1.00
2015.05.29 13:06:09.567,1.32047,1.32057,1.00,1.00
2015.05.29 13:06:10.453,1.32046,1.32057,1.00,1.50
2015.05.29 13:06:11.329,1.32047,1.32057,1.00,1.50
2015.05.29 13:06:11.710,1.32047,1.32054,1.00,1.00
2015.05.29 13:06:12.652,1.32046,1.32054,1.00,1.00
2015.05.29 13:06:13.112,1.32047,1.32057,1.00,1.00
2015.05.29 13:06:13.215,1.32046,1.32059,1.00,1.00
2015.05.29 13:06:13.368,1.32041,1.32061,1.50,1.00
2015.05.29 13:06:13.618,1.32042,1.32053,1.00,1.00
2015.05.29 13:06:13.974,1.32036,1.32052,1.37,1.00
2015.05.29 13:06:14.127,1.32036,1.32054,1.37,1.00
2015.05.29 13:06:14.178,1.32046,1.32054,1.00,1.00
2015.05.29 13:06:14.280,1.32049,1.32065,1.60,1.50
2015.05.29 13:06:14.332,1.32048,1.32059,2.85,1.00
2015.05.29 13:06:14.614,1.32045,1.32059,2.10,1.00
2015.05.29 13:06:14.767,1.32045,1.32056,2.10,1.00
2015.05.29 13:06:15.275,1.32045,1.32055,2.10,1.00
2015.05.29 13:06:15.972,1.32045,1.32056,2.10,1.00
2015.05.29 13:06:16.489,1.32045,1.32057,2.10,1.00
2015.05.29 13:06:17.437,1.32048,1.32057,2.10,1.00
2015.05.29 13:06:17.742,1.32048,1.32059,2.10,1.00
2015.05.29 13:06:17.793,1.32048,1.32061,2.10,1.00
2015.05.29 13:06:19.893,1.32048,1.32059,2.47,1.00
2015.05.29 13:06:19.995,1.32048,1.32061,2.47,1.00
2015.05.29 13:06:20.199,1.32042,1.32061,1.72,1.00
2015.05.29 13:06:20.250,1.3204,1.32061,1.60,1.00
2015.05.29 13:06:20.301,1.32039,1.32058,2.47,1.00
2015.05.29 13:06:20.439,1.32037,1.32058,1.37,1.50
2015.05.29 13:06:20.491,1.32036,1.32051,1.87,1.00
2015.05.29 13:06:20.799,1.32033,1.32049,1.12,1.00
2015.05.29 13:06:21.312,1.32033,1.32048,1.12,1.00
2015.05.29 13:06:21.466,1.32032,1.32046,1.37,1.00
2015.05.29 13:06:22.686,1.32032,1.32046,1.00,1.00
2015.05.29 13:06:23.222,1.32032,1.32045,1.00,1.00
2015.05.29 13:06:24.131,1.3203,1.32043,1.00,1.00
2015.05.29 13:06:24.233,1.3203,1.32046,1.00,1.00
2015.05.29 13:06:24.335,1.3203,1.32046,1.37,1.00
2015.05.29 13:06:24.589,1.3203,1.32048,1.37,1.50
2015.05.29 13:06:24.929,1.32027,1.32046,1.37,1.00
2015.05.29 13:06:25.032,1.32027,1.32044,1.00,1.00
2015.05.29 13:06:25.337,1.32025,1.32042,1.87,1.00
2015.05.29 13:06:27.205,1.32024,1.32041,1.00,1.00
2015.05.29 13:06:27.256,1.32022,1.32041,1.00,1.50
2015.05.29 13:06:27.803,1.32021,1.32041,1.00,1.50
2015.05.29 13:06:27.854,1.32023,1.32041,1.00,1.50
2015.05.29 13:06:29.933,1.32022,1.32042,1.00,1.50
2015.05.29 13:06:30.258,1.32022,1.32032,1.00,1.00
2015.05.29 13:06:30.825,1.32022,1.32033,1.00,1.00
2015.05.29 13:06:31.278,1.32024,1.32034,1.00,1.00
2015.05.29 13:06:31.583,1.32023,1.32032,1.00,1.00
2015.05.29 13:06:31.738,1.32023,1.32034,1.00,1.00
2015.05.29 13:06:31.848,1.32019,1.32034,1.87,1.00
2015.05.29 13:06:31.950,1.32019,1.32032,2.25,1.00
2015.05.29 13:06:32.103,1.32017,1.32031,1.12,1.00
2015.05.29 13:06:32.399,1.32017,1.32029,1.00,1.00
2015.05.29 13:06:32.784,1.3202,1.32029,1.00,1.00
2015.05.29 13:06:32.937,1.32017,1.32028,1.12,1.00
2015.05.29 13:06:33.039,1.32017,1.32031,1.12,1.00
2015.05.29 13:06:33.141,1.32021,1.32038,1.00,1.50
2015.05.29 13:06:36.763,1.32019,1.32035,1.00,1.00
2015.05.29 13:06:37.452,1.32018,1.32033,1.00,1.00
2015.05.29 13:06:38.001,1.32017,1.32033,1.00,1.00
2015.05.29 13:06:38.324,1.32019,1.32033,1.00,1.00
2015.05.29 13:06:38.850,1.32019,1.32034,1.00,1.50
2015.05.29 13:06:39.679,1.32019,1.32036,1.00,1.00
2015.05.29 13:06:40.208,1.32019,1.32036,1.37,1.00
2015.05.29 13:06:41.464,1.32019,1.32036,1.00,1.00
2015.05.29 13:06:41.701,1.32019,1.32034,1.00,1.00
2015.05.29 13:06:42.598,1.32019,1.32032,1.00,1.00
2015.05.29 13:06:43.193,1.32018,1.32032,1.00,1.00
2015.05.29 13:06:43.751,1.3202,1.32032,1.00,1.00
2015.05.29 13:06:43.973,1.32018,1.32033,1.00,1.00
2015.05.29 13:06:44.075,1.3202,1.32033,1.00,1.00
2015.05.29 13:06:44.279,1.3202,1.32035,1.00,1.50
2015.05.29 13:06:44.850,1.32021,1.32035,1.00,1.00
2015.05.29 13:06:46.131,1.32021,1.32038,1.00,1.00
2015.05.29 13:06:47.030,1.32021,1.32037,1.00,1.00
2015.05.29 13:06:47.183,1.32019,1.32036,1.00,1.00
2015.05.29 13:06:47.556,1.32019,1.32034,1.00,1.00
2015.05.29 13:06:47.986,1.32017,1.32031,1.00,1.00
2015.05.29 13:06:48.507,1.32017,1.32028,1.00,1.00
2015.05.29 13:06:48.609,1.32013,1.32028,1.00,1.00
2015.05.29 13:06:48.661,1.32013,1.3203,1.00,1.00
2015.05.29 13:06:49.069,1.32011,1.32018,1.12,1.37
2015.05.29 13:06:49.273,1.32004,1.3201,1.00,1.00
2015.05.29 13:06:49.324,1.32002,1.32017,1.00,1.00
2015.05.29 13:06:49.375,1.32006,1.32017,1.00,1.00
2015.05.29 13:06:49.485,1.32006,1.32019,1.00,1.00
2015.05.29 13:06:49.537,1.32008,1.32019,1.00,1.00
2015.05.29 13:06:49.589,1.32011,1.32023,1.00,1.00
2015.05.29 13:06:49.692,1.32012,1.32029,1.00,1.00
2015.05.29 13:06:49.794,1.32016,1.3203,1.00,1.00
2015.05.29 13:06:49.997,1.32013,1.3203,1.00,1.00
2015.05.29 13:06:51.003,1.32013,1.32032,1.00,1.00
2015.05.29 13:06:51.105,1.32011,1.32028,1.00,1.50
2015.05.29 13:06:51.410,1.32,1.32013,1.00,1.00
2015.05.29 13:06:51.716,1.31997,1.3201,1.00,1.00
2015.05.29 13:06:52.261,1.31996,1.32009,1.00,1.00
2015.05.29 13:06:52.416,1.31996,1.32012,1.00,1.00
2015.05.29 13:06:52.607,1.31996,1.32015,1.00,1.50
2015.05.29 13:06:52.709,1.31999,1.32015,1.00,1.50
2015.05.29 13:06:53.015,1.31999,1.32013,1.00,1.00
2015.05.29 13:06:53.143,1.31996,1.32013,2.25,1.00
2015.05.29 13:06:53.397,1.31998,1.32014,1.00,1.00
2015.05.29 13:06:54.131,1.31998,1.32013,1.00,1.00
2015.05.29 13:06:54.701,1.31996,1.32013,1.00,1.00
2015.05.29 13:06:54.904,1.31996,1.32011,1.00,1.00
2015.05.29 13:06:55.108,1.31994,1.32011,1.00,1.00
2015.05.29 13:06:55.373,1.31994,1.32009,1.00,1.00
2015.05.29 13:06:55.642,1.31992,1.32009,2.25,1.00
2015.05.29 13:06:55.694,1.31992,1.32007,1.50,1.00
2015.05.29 13:06:56.428,1.3199,1.32007,1.00,1.00
2015.05.29 13:06:56.682,1.3199,1.3201,1.72,1.50
2015.05.29 13:06:57.230,1.3199,1.32009,1.72,1.00
2015.05.29 13:06:57.332,1.3199,1.32007,1.72,1.00
2015.05.29 13:06:57.638,1.31988,1.32005,2.85,1.00
2015.05.29 13:06:58.180,1.31988,1.32006,2.85,1.00
2015.05.29 13:06:58.687,1.31988,1.32005,3.60,1.00
2015.05.29 13:06:59.008,1.31987,1.32003,1.60,1.50
2015.05.29 13:06:59.567,1.31987,1.32005,1.60,1.00
2015.05.29 13:07:00.088,1.31987,1.32006,2.10,1.00
2015.05.29 13:07:00.752,1.31991,1.32006,1.00,1.00
2015.05.29 13:07:01.075,1.32007,1.32023,1.00,1.50
2015.05.29 13:07:01.126,1.32012,1.32024,1.00,1.00
2015.05.29 13:07:01.178,1.32012,1.32029,1.00,1.00
2015.05.29 13:07:01.229,1.32016,1.32029,1.00,1.00
2015.05.29 13:07:01.331,1.32011,1.3203,1.00,1.50
2015.05.29 13:07:01.433,1.32006,1.32026,3.97,1.00
2015.05.29 13:07:01.802,1.32,1.32014,1.00,2.25
2015.05.29 13:07:01.853,1.31992,1.3201,1.00,1.00
2015.05.29 13:07:02.209,1.31994,1.3201,1.00,1.00
2015.05.29 13:07:02.514,1.31997,1.32013,1.00,1.50
2015.05.29 13:07:02.860,1.3199,1.32004,1.00,1.00
2015.05.29 13:07:03.164,1.3199,1.32001,1.00,1.00
2015.05.29 13:07:03.215,1.31986,1.32001,1.00,1.00
2015.05.29 13:07:03.521,1.31983,1.32,2.62,1.00
2015.05.29 13:07:03.935,1.31983,1.31997,1.87,1.00
2015.05.29 13:07:04.240,1.31985,1.32,2.47,1.00
2015.05.29 13:07:04.765,1.31985,1.32001,2.47,1.00
2015.05.29 13:07:05.395,1.31985,1.32002,2.47,2.25
2015.05.29 13:07:05.935,1.31989,1.32002,2.10,1.00
2015.05.29 13:07:06.144,1.3199,1.32004,1.60,1.00
2015.05.29 13:07:06.655,1.3199,1.32005,1.00,1.00
2015.05.29 13:07:07.119,1.31986,1.32001,1.12,1.00
2015.05.29 13:07:07.641,1.31986,1.32,1.00,1.00
2015.05.29 13:07:07.796,1.31984,1.31999,1.00,1.00
2015.05.29 13:07:09.234,1.31986,1.32,1.00,1.00
2015.05.29 13:07:09.538,1.31989,1.32003,1.00,1.00
2015.05.29 13:07:09.807,1.31984,1.32,1.12,1.00
2015.05.29 13:07:10.136,1.3198,1.31999,1.87,1.00
2015.05.29 13:07:10.339,1.3198,1.31996,1.12,1.00
2015.05.29 13:07:10.852,1.3198,1.31998,1.12,1.00
2015.05.29 13:07:11.154,1.3198,1.32,1.12,1.50
2015.05.29 13:07:11.313,1.31978,1.31998,1.87,1.00
2015.05.29 13:07:11.752,1.31978,1.31996,1.87,1.00
2015.05.29 13:07:12.511,1.31983,1.32,1.37,1.50
2015.05.29 13:07:12.818,1.31983,1.32001,1.50,1.00
2015.05.29 13:07:13.122,1.31981,1.31997,1.37,1.00
2015.05.29 13:07:13.174,1.31981,1.31997,1.00,1.50
2015.05.29 13:07:13.275,1.31981,1.31994,1.00,1.00
2015.05.29 13:07:13.377,1.31978,1.31994,1.50,1.00
2015.05.29 13:07:13.793,1.31978,1.31997,1.50,1.50
2015.05.29 13:07:14.121,1.31982,1.31997,1.00,1.00
2015.05.29 13:07:14.670,1.31982,1.31998,1.00,1.00
2015.05.29 13:07:15.026,1.31983,1.32,1.00,1.50
2015.05.29 13:07:15.277,1.31984,1.32002,1.00,2.25
2015.05.29 13:07:15.451,1.31984,1.32,1.00,1.00
2015.05.29 13:07:15.861,1.31984,1.32001,1.50,1.00
2015.05.29 13:07:15.963,1.31984,1.32001,1.00,1.00
2015.05.29 13:07:16.116,1.31988,1.32002,1.00,1.50
2015.05.29 13:07:16.467,1.31986,1.31999,1.00,1.00
2015.05.29 13:07:16.519,1.31986,1.32004,2.85,1.50
2015.05.29 13:07:17.130,1.31994,1.32004,1.00,1.50
2015.05.29 13:07:17.224,1.31994,1.32006,1.00,1.00
2015.05.29 13:07:17.533,1.31992,1.32006,1.00,1.00
2015.05.29 13:07:17.880,1.31994,1.32006,1.00,1.00
2015.05.29 13:07:18.341,1.31992,1.32006,1.00,1.00
2015.05.29 13:07:18.439,1.31992,1.32003,1.00,1.00
2015.05.29 13:07:18.592,1.31994,1.32007,1.60,1.00
2015.05.29 13:07:18.897,1.31997,1.32007,1.00,1.00
2015.05.29 13:07:19.052,1.31997,1.32009,1.00,1.50
2015.05.29 13:07:19.645,1.31995,1.32009,1.35,1.00
2015.05.29 13:07:20.186,1.31996,1.32009,1.00,1.00
2015.05.29 13:07:20.985,1.31993,1.32009,2.10,1.00
2015.05.29 13:07:21.341,1.31992,1.32007,1.00,1.00
2015.05.29 13:07:23.293,1.31991,1.32007,1.50,1.00
2015.05.29 13:07:23.821,1.3199,1.32007,2.10,1.00
2015.05.29 13:07:24.814,1.31989,1.32007,1.00,1.00
2015.05.29 13:07:25.068,1.31987,1.32007,1.00,1.50
2015.05.29 13:07:25.220,1.31987,1.32007,1.37,1.50
2015.05.29 13:07:25.526,1.31993,1.32008,1.50,1.00
2015.05.29 13:07:25.628,1.31993,1.3201,1.50,1.00
2015.05.29 13:07:25.842,1.31995,1.3201,1.00,1.00
2015.05.29 13:07:27.268,1.31994,1.3201,1.00,1.00
2015.05.29 13:07:27.821,1.31994,1.32008,1.00,1.00
2015.05.29 13:07:29.148,1.31993,1.32008,1.00,1.00
2015.05.29 13:07:29.199,1.31991,1.32008,1.50,1.00
2015.05.29 13:07:29.706,1.31991,1.32008,1.60,1.00
2015.05.29 13:07:31.131,1.31991,1.32006,1.00,1.00
2015.05.29 13:07:31.835,1.31992,1.32006,1.00,1.00
2015.05.29 13:07:32.168,1.31993,1.32006,2.10,1.00
2015.05.29 13:07:33.652,1.31993,1.32007,2.10,1.00
2015.05.29 13:07:34.008,1.31989,1.32004,2.10,1.00
2015.05.29 13:07:34.211,1.31989,1.32006,1.60,1.00
2015.05.29 13:07:35.063,1.31988,1.32003,2.10,1.00
2015.05.29 13:07:35.217,1.31987,1.32001,1.50,1.00
2015.05.29 13:07:35.319,1.31985,1.32001,1.00,1.00
2015.05.29 13:07:35.523,1.31985,1.31999,1.00,1.00
2015.05.29 13:07:35.575,1.31982,1.31999,1.00,1.00
2015.05.29 13:07:35.677,1.31984,1.31999,2.10,1.00
2015.05.29 13:07:38.412,1.31985,1.32001,1.60,1.00
2015.05.29 13:07:38.615,1.31989,1.32001,2.10,1.00
2015.05.29 13:07:40.931,1.31989,1.32002,2.10,1.00
2015.05.29 13:07:42.234,1.31993,1.32002,2.10,1.00
2015.05.29 13:07:42.285,1.31993,1.32004,2.10,1.00
2015.05.29 13:07:42.796,1.31991,1.32002,1.60,1.00
2015.05.29 13:07:42.899,1.31989,1.32,2.10,1.00
2015.05.29 13:07:43.552,1.31987,1.32,1.50,1.00
2015.05.29 13:07:43.705,1.31984,1.32,1.00,1.00
2015.05.29 13:07:46.197,1.31986,1.32,2.10,1.00
2015.05.29 13:07:47.254,1.31986,1.31993,2.10,1.00
2015.05.29 13:07:47.469,1.31968,1.31983,2.10,1.00
2015.05.29 13:07:47.571,1.31968,1.31974,2.10,1.00
2015.05.29 13:07:47.623,1.31962,1.31974,2.47,1.00
2015.05.29 13:07:47.776,1.31969,1.3198,2.10,1.00
2015.05.29 13:07:47.828,1.31969,1.31984,2.10,1.00
2015.05.29 13:07:47.879,1.31964,1.31981,1.72,1.00
2015.05.29 13:07:47.981,1.31963,1.31979,3.22,1.00
2015.05.29 13:07:48.295,1.31947,1.31966,1.50,1.00
2015.05.29 13:07:48.601,1.31952,1.31965,1.00,1.00
2015.05.29 13:07:48.704,1.31954,1.31969,1.00,1.00
2015.05.29 13:07:49.224,1.31954,1.31968,1.00,1.00
2015.05.29 13:07:51.475,1.31951,1.31969,1.00,1.50
2015.05.29 13:07:51.894,1.31945,1.31963,1.12,1.50
2015.05.29 13:07:52.200,1.3194,1.31956,1.00,1.00
2015.05.29 13:07:52.302,1.31934,1.31953,1.00,1.00
2015.05.29 13:07:52.353,1.31934,1.3195,1.00,1.00
2015.05.29 13:07:52.572,1.31929,1.31949,1.35,1.50
2015.05.29 13:07:52.624,1.31929,1.31947,1.35,1.00
2015.05.29 13:07:53.593,1.31929,1.31944,1.00,1.00
2015.05.29 13:07:56.571,1.31929,1.31947,2.85,1.37
2015.05.29 13:07:56.687,1.31929,1.31947,2.85,1.12
2015.05.29 13:07:58.761,1.31929,1.31944,1.00,1.00
2015.05.29 13:07:59.401,1.31929,1.31944,1.60,1.00
2015.05.29 13:07:59.648,1.31928,1.31943,1.50,1.00
2015.05.29 13:07:59.802,1.31932,1.31943,1.00,1.00
2015.05.29 13:07:59.853,1.31932,1.31947,1.00,1.00
2015.05.29 13:07:59.905,1.31927,1.31947,1.00,1.00
2015.05.29 13:07:59.956,1.31927,1.31945,1.00,1.00
2015.05.29 13:08:00.008,1.31924,1.31944,1.00,1.00
2015.05.29 13:08:00.059,1.31924,1.31942,1.00,1.00
2015.05.29 13:08:00.213,1.3192,1.3194,1.50,1.00
2015.05.29 13:08:00.315,1.31922,1.31938,1.00,1.00
2015.05.29 13:08:00.638,1.31921,1.31935,1.00,1.00
2015.05.29 13:08:00.994,1.31923,1.31938,1.00,1.00
2015.05.29 13:08:01.510,1.31923,1.31939,1.00,1.00
2015.05.29 13:08:03.189,1.31925,1.31939,1.00,1.00
2015.05.29 13:08:04.782,1.31925,1.31938,1.00,1.00
2015.05.29 13:08:04.834,1.3192,1.31935,1.35,1.00
2015.05.29 13:08:04.936,1.31922,1.31935,1.00,1.00
2015.05.29 13:08:05.242,1.31917,1.31933,1.60,1.00
2015.05.29 13:08:05.293,1.31916,1.31929,2.10,1.00
2015.05.29 13:08:05.396,1.31904,1.31916,1.50,1.00
2015.05.29 13:08:05.498,1.31896,1.31908,2.25,1.00
2015.05.29 13:08:05.661,1.3189,1.31908,1.00,1.50
2015.05.29 13:08:05.713,1.31883,1.31901,2.85,1.00
2015.05.29 13:08:06.019,1.31888,1.31899,1.00,1.50
2015.05.29 13:08:09.808,1.31889,1.31899,1.00,1.50
2015.05.29 13:08:10.601,1.31886,1.31899,1.12,1.50
2015.05.29 13:08:11.040,1.31886,1.31904,1.12,1.50
2015.05.29 13:08:11.743,1.31892,1.31904,1.00,2.25
2015.05.29 13:08:12.062,1.31896,1.31909,1.00,1.50
2015.05.29 13:08:12.574,1.31897,1.31909,1.00,1.00
2015.05.29 13:08:13.918,1.31896,1.31909,1.00,1.50
2015.05.29 13:08:14.020,1.31891,1.31909,1.87,1.50
2015.05.29 13:08:14.071,1.31891,1.31907,1.12,1.00
2015.05.29 13:08:14.390,1.31896,1.31907,1.00,1.00
2015.05.29 13:08:14.645,1.31896,1.31909,1.00,1.00
2015.05.29 13:08:14.747,1.31898,1.3191,1.00,1.00
2015.05.29 13:08:14.951,1.31898,1.31912,1.00,1.00
2015.05.29 13:08:15.331,1.31892,1.31908,1.00,1.00
2015.05.29 13:08:15.382,1.31892,1.31906,1.00,1.00
2015.05.29 13:08:15.434,1.31884,1.31902,1.00,1.50
2015.05.29 13:08:15.485,1.3188,1.31891,1.00,1.00
2015.05.29 13:08:15.639,1.31877,1.31891,1.00,1.00
2015.05.29 13:08:15.690,1.31878,1.31892,2.10,1.00
2015.05.29 13:08:15.843,1.31877,1.31893,1.00,1.00
2015.05.29 13:08:15.894,1.31877,1.31891,1.00,1.00
2015.05.29 13:08:16.213,1.31871,1.3189,2.85,1.00
2015.05.29 13:08:16.265,1.31871,1.31886,1.00,1.00
2015.05.29 13:08:16.316,1.31867,1.31885,1.00,1.00
2015.05.29 13:08:16.367,1.31867,1.31878,1.00,1.00
2015.05.29 13:08:16.418,1.3186,1.31878,1.00,1.00
2015.05.29 13:08:16.521,1.31863,1.31877,1.00,1.00
2015.05.29 13:08:16.623,1.31853,1.31872,1.00,1.00
2015.05.29 13:08:16.675,1.31856,1.31868,1.00,1.00
2015.05.29 13:08:16.726,1.31846,1.31865,1.00,1.50
2015.05.29 13:08:16.778,1.31846,1.31861,1.00,1.00
2015.05.29 13:08:16.943,1.31844,1.31861,1.00,1.50
2015.05.29 13:08:17.352,1.31846,1.31859,1.00,1.00
2015.05.29 13:08:17.455,1.31843,1.31857,1.00,1.00
2015.05.29 13:08:17.658,1.31845,1.31858,1.00,1.00
2015.05.29 13:08:18.178,1.31845,1.31859,1.00,1.12
2015.05.29 13:08:18.586,1.31845,1.3186,1.00,1.37
2015.05.29 13:08:18.688,1.31845,1.3186,1.00,1.37
2015.05.29 13:08:18.740,1.31847,1.3186,1.00,1.37
2015.05.29 13:08:19.150,1.31851,1.31862,1.00,1.37
2015.05.29 13:08:19.701,1.3185,1.31862,1.00,1.37
2015.05.29 13:08:19.804,1.31849,1.31862,1.00,1.00
2015.05.29 13:08:19.856,1.31855,1.31864,1.00,1.00
2015.05.29 13:08:20.018,1.31857,1.3187,1.00,1.00
2015.05.29 13:08:20.070,1.31861,1.3187,1.00,1.00
2015.05.29 13:08:20.375,1.31873,1.3188,1.00,1.00
2015.05.29 13:08:20.477,1.31873,1.31884,1.00,1.37
2015.05.29 13:08:20.530,1.31876,1.31884,1.00,1.37
2015.05.29 13:08:20.581,1.31876,1.31884,1.00,1.12
2015.05.29 13:08:20.633,1.3188,1.31889,1.00,1.37
2015.05.29 13:08:20.684,1.3188,1.31889,1.00,1.00
2015.05.29 13:08:20.735,1.31882,1.31893,1.00,1.37
2015.05.29 13:08:21.056,1.31885,1.31893,1.50,1.00
2015.05.29 13:08:21.209,1.31885,1.31897,1.00,1.37
2015.05.29 13:08:21.463,1.31884,1.31896,1.00,1.37
2015.05.29 13:08:21.565,1.31882,1.31896,1.00,1.37
2015.05.29 13:08:22.105,1.31881,1.31892,1.00,1.37
2015.05.29 13:08:22.615,1.31882,1.31898,1.50,1.37
2015.05.29 13:08:22.666,1.31885,1.31898,1.00,1.37
2015.05.29 13:08:22.971,1.3188,1.31896,1.00,1.37
2015.05.29 13:08:23.327,1.3188,1.31895,1.00,1.37
2015.05.29 13:08:24.149,1.3188,1.31892,1.00,1.00
2015.05.29 13:08:24.732,1.31879,1.31893,1.00,1.37
2015.05.29 13:08:24.834,1.31877,1.31892,1.00,1.37
2015.05.29 13:08:25.141,1.31875,1.3189,1.00,1.12
2015.05.29 13:08:25.192,1.31873,1.3189,1.00,1.37
2015.05.29 13:08:25.354,1.3187,1.31882,1.00,1.00
2015.05.29 13:08:25.508,1.3187,1.31884,1.00,1.12
2015.05.29 13:08:25.864,1.31873,1.31885,1.00,1.00
2015.05.29 13:08:26.393,1.31873,1.31887,1.00,1.37
2015.05.29 13:08:26.704,1.31877,1.31887,1.00,1.37
2015.05.29 13:08:27.010,1.31884,1.31891,1.00,1.37
2015.05.29 13:08:27.313,1.31883,1.3189,1.00,1.37
2015.05.29 13:08:28.040,1.31881,1.3189,1.00,1.37
2015.05.29 13:08:28.812,1.31884,1.31892,1.00,1.37
2015.05.29 13:08:29.117,1.31884,1.31893,1.00,1.37
2015.05.29 13:08:29.908,1.31886,1.31893,1.00,1.87
2015.05.29 13:08:31.412,1.31885,1.31893,1.00,1.87
2015.05.29 13:08:31.722,1.31893,1.31898,1.00,1.12
2015.05.29 13:08:31.775,1.31893,1.31898,1.00,1.00
2015.05.29 13:08:31.827,1.31888,1.31893,1.50,1.00
2015.05.29 13:08:31.879,1.31891,1.31907,1.00,1.37
2015.05.29 13:08:31.983,1.31888,1.31907,1.00,1.37
2015.05.29 13:08:32.203,1.31888,1.31903,1.00,1.00
2015.05.29 13:08:32.254,1.3189,1.31903,1.00,1.00
2015.05.29 13:08:32.520,1.31892,1.31906,1.00,1.12
2015.05.29 13:08:33.029,1.31893,1.31906,1.00,1.00
2015.05.29 13:08:33.258,1.31896,1.31908,1.00,1.00
2015.05.29 13:08:33.665,1.31894,1.31909,1.00,1.12
2015.05.29 13:08:33.716,1.31894,1.31907,1.00,1.00
2015.05.29 13:08:34.029,1.31892,1.31906,1.00,1.37
2015.05.29 13:08:34.548,1.31891,1.31906,1.00,1.37
2015.05.29 13:08:35.050,1.31892,1.31904,1.00,1.00
2015.05.29 13:08:35.950,1.31892,1.31905,1.00,1.12
2015.05.29 13:08:36.001,1.3189,1.31905,1.50,1.12
2015.05.29 13:08:36.418,1.31887,1.31905,1.00,1.12
2015.05.29 13:08:36.809,1.31887,1.31903,1.00,1.00
2015.05.29 13:08:37.152,1.31893,1.31902,1.00,1.00
2015.05.29 13:08:37.305,1.31887,1.31901,1.00,1.00
2015.05.29 13:08:37.660,1.3189,1.31901,1.00,1.00
2015.05.29 13:08:37.711,1.3189,1.31903,1.00,1.00
2015.05.29 13:08:37.814,1.3189,1.31907,1.00,1.00
2015.05.29 13:08:37.949,1.31892,1.31907,1.00,1.00
2015.05.29 13:08:38.254,1.31893,1.31903,1.00,1.00
2015.05.29 13:08:38.307,1.31888,1.31903,1.00,1.00
2015.05.29 13:08:38.982,1.31888,1.31902,1.00,1.00
2015.05.29 13:08:39.546,1.31888,1.31903,1.00,1.00
2015.05.29 13:08:39.598,1.3189,1.31903,1.00,1.00
2015.05.29 13:08:40.574,1.3189,1.31906,1.50,1.00
2015.05.29 13:08:40.625,1.31892,1.31906,1.00,1.00
2015.05.29 13:08:40.676,1.31892,1.31908,1.50,1.00
2015.05.29 13:08:40.727,1.31894,1.31908,1.00,1.00
2015.05.29 13:08:40.881,1.31894,1.3191,1.00,1.12
2015.05.29 13:08:41.415,1.31894,1.31909,1.00,1.00
2015.05.29 13:08:41.928,1.31895,1.31909,1.00,1.00
2015.05.29 13:08:42.148,1.31893,1.31909,1.00,1.00
2015.05.29 13:08:42.654,1.31894,1.31909,1.00,1.37
2015.05.29 13:08:46.070,1.31894,1.31909,1.00,1.00
2015.05.29 13:08:46.121,1.31892,1.31909,1.00,1.00
2015.05.29 13:08:46.326,1.31894,1.31909,1.00,1.00
2015.05.29 13:08:46.633,1.31892,1.31909,1.00,1.00
2015.05.29 13:08:46.998,1.31894,1.31909,1.00,1.00
2015.05.29 13:08:50.419,1.31891,1.31909,1.00,1.00
2015.05.29 13:08:50.823,1.3189,1.31909,1.50,1.37
2015.05.29 13:08:51.272,1.31888,1.31907,1.00,1.37
2015.05.29 13:08:51.797,1.31888,1.31907,1.37,1.37
2015.05.29 13:08:52.896,1.3189,1.31908,1.12,1.37
2015.05.29 13:08:53.336,1.31888,1.31908,1.50,1.37
2015.05.29 13:08:53.937,1.3189,1.31908,1.00,1.37
2015.05.29 13:08:54.302,1.31887,1.31908,1.00,1.37
2015.05.29 13:09:00.610,1.31886,1.31907,2.62,1.87
2015.05.29 13:09:02.310,1.31887,1.31907,1.00,1.37
2015.05.29 13:09:03.111,1.31886,1.31907,3.00,1.37
2015.05.29 13:09:03.664,1.31886,1.31905,2.25,1.00
2015.05.29 13:09:04.750,1.31886,1.31906,2.25,1.12
2015.05.29 13:09:05.770,1.31886,1.31905,3.75,1.00
2015.05.29 13:09:06.311,1.31886,1.31906,1.00,1.12
2015.05.29 13:09:10.027,1.31886,1.31905,1.50,1.00
2015.05.29 13:09:10.129,1.31885,1.31901,1.00,1.00
2015.05.29 13:09:10.231,1.31882,1.31901,1.00,1.50
2015.05.29 13:09:10.333,1.3188,1.31901,1.00,1.50
2015.05.29 13:09:10.384,1.3188,1.31898,1.00,1.00
2015.05.29 13:09:10.638,1.31877,1.31896,1.00,1.00
2015.05.29 13:09:11.148,1.31877,1.31895,1.00,1.00
2015.05.29 13:09:11.946,1.31876,1.31895,1.50,1.00
2015.05.29 13:09:12.735,1.31875,1.31895,1.00,1.00
2015.05.29 13:09:13.273,1.31874,1.31895,1.50,1.50
2015.05.29 13:09:14.024,1.31876,1.31895,1.50,1.50
2015.05.29 13:09:16.119,1.31877,1.31895,1.00,1.00
2015.05.29 13:09:16.632,1.31877,1.31898,1.00,1.37
2015.05.29 13:09:17.142,1.31877,1.31898,1.00,1.50
2015.05.29 13:09:17.244,1.31875,1.31897,1.50,1.00
2015.05.29 13:09:19.015,1.31875,1.31898,1.50,1.50
2015.05.29 13:09:19.284,1.31875,1.31894,1.50,1.00
2015.05.29 13:09:19.335,1.31873,1.31893,1.00,1.00
2015.05.29 13:09:19.640,1.31875,1.31894,1.00,1.00
2015.05.29 13:09:20.188,1.31874,1.31894,1.50,1.00
2015.05.29 13:09:21.157,1.31875,1.31894,1.00,1.00
2015.05.29 13:09:22.796,1.31876,1.31894,1.00,1.00
2015.05.29 13:09:23.309,1.31877,1.31895,1.12,1.00
2015.05.29 13:09:23.614,1.31887,1.31905,1.00,1.00
2015.05.29 13:09:25.128,1.31888,1.31905,1.00,1.00
2015.05.29 13:09:26.026,1.31887,1.31905,1.50,1.00
2015.05.29 13:09:26.532,1.31888,1.31905,1.00,1.50
2015.05.29 13:09:27.080,1.31887,1.31905,1.50,1.50
2015.05.29 13:09:27.603,1.31888,1.31906,1.00,1.00
2015.05.29 13:09:30.560,1.31887,1.31906,1.50,1.00
2015.05.29 13:09:32.368,1.31887,1.31905,1.00,1.00
2015.05.29 13:09:32.963,1.31886,1.31905,1.50,1.00
2015.05.29 13:09:33.268,1.31883,1.319,1.00,1.00
2015.05.29 13:09:33.472,1.31881,1.31901,1.00,1.00
2015.05.29 13:09:33.574,1.31881,1.31899,1.00,1.00
2015.05.29 13:09:33.867,1.31876,1.31897,1.00,1.00
2015.05.29 13:09:35.234,1.31876,1.31897,1.00,1.37
2015.05.29 13:09:35.745,1.31875,1.31895,1.00,1.00
2015.05.29 13:09:36.280,1.31877,1.31895,1.00,1.50
2015.05.29 13:09:40.895,1.31879,1.31895,1.00,1.00
2015.05.29 13:09:41.436,1.3188,1.31895,1.00,1.00
2015.05.29 13:09:42.154,1.3188,1.31897,1.00,1.50
2015.05.29 13:09:42.759,1.31879,1.31897,1.00,1.50
2015.05.29 13:09:44.080,1.3188,1.31897,1.00,1.50
2015.05.29 13:09:47.128,1.31891,1.31899,1.00,1.87
2015.05.29 13:09:47.231,1.31894,1.319,1.00,1.00
2015.05.29 13:09:47.437,1.31895,1.31908,1.00,1.00
2015.05.29 13:09:47.488,1.31897,1.3191,1.00,1.12
2015.05.29 13:09:47.941,1.31892,1.3191,2.85,1.37
2015.05.29 13:09:48.145,1.31898,1.3191,1.00,1.00
2015.05.29 13:09:48.451,1.31898,1.31914,1.60,1.37
2015.05.29 13:09:49.176,1.31896,1.31912,1.00,1.12
2015.05.29 13:09:49.227,1.31894,1.31912,1.00,1.37
2015.05.29 13:09:49.481,1.31892,1.31912,2.10,1.37
2015.05.29 13:09:51.623,1.31891,1.31911,1.00,1.50
2015.05.29 13:09:52.137,1.3189,1.31911,1.00,1.50
2015.05.29 13:09:52.460,1.3189,1.31909,1.00,1.37
2015.05.29 13:09:52.940,1.3189,1.31909,1.00,1.37
2015.05.29 13:09:53.663,1.31891,1.31909,1.00,1.37
2015.05.29 13:09:54.407,1.31892,1.3191,1.00,1.37
2015.05.29 13:09:54.510,1.31894,1.31912,1.00,1.37
2015.05.29 13:09:55.034,1.31894,1.31909,1.00,1.37
2015.05.29 13:09:55.085,1.31892,1.31909,1.00,1.37
2015.05.29 13:09:55.290,1.31897,1.31911,1.00,1.00
2015.05.29 13:09:55.341,1.31897,1.31913,1.00,1.00
2015.05.29 13:09:55.444,1.31898,1.31916,1.00,1.00
2015.05.29 13:09:55.953,1.31897,1.31916,1.00,1.00
2015.05.29 13:09:56.320,1.31897,1.31916,1.00,2.25
2015.05.29 13:09:56.371,1.31895,1.31916,1.00,2.25
2015.05.29 13:09:56.681,1.31896,1.31916,1.00,1.87
2015.05.29 13:09:57.610,1.31895,1.31916,1.00,1.12
2015.05.29 13:09:57.713,1.31897,1.31915,1.50,1.50
2015.05.29 13:09:58.020,1.319,1.31917,1.00,1.37
2015.05.29 13:09:58.122,1.319,1.31917,1.60,1.00
2015.05.29 13:09:58.649,1.319,1.31917,1.00,1.00
2015.05.29 13:09:59.056,1.31903,1.31917,1.00,1.00
2015.05.29 13:09:59.664,1.31903,1.31918,1.00,1.00
2015.05.29 13:09:59.969,1.31906,1.31918,1.00,1.00
2015.05.29 13:10:00.353,1.31906,1.3192,1.00,1.00
2015.05.29 13:10:01.008,1.31902,1.3192,1.00,1.37
2015.05.29 13:10:01.527,1.31901,1.31919,2.25,1.12
2015.05.29 13:10:01.761,1.31901,1.31919,2.25,1.50
2015.05.29 13:10:02.301,1.31901,1.31919,1.50,1.50
2015.05.29 13:10:02.708,1.31899,1.31918,1.50,1.50
2015.05.29 13:10:02.810,1.31902,1.31919,1.00,1.75
2015.05.29 13:10:03.116,1.31904,1.31922,1.00,1.75
2015.05.29 13:10:03.223,1.31902,1.31922,1.00,1.37
2015.05.29 13:10:03.325,1.31902,1.31922,1.00,1.87
2015.05.29 13:10:04.380,1.31902,1.31922,1.50,1.75
2015.05.29 13:10:04.940,1.31902,1.31922,1.00,2.25
2015.05.29 13:10:07.113,1.31905,1.31922,1.35,1.50
2015.05.29 13:10:07.164,1.31905,1.31922,1.35,1.37
2015.05.29 13:10:07.669,1.31905,1.31922,1.35,1.37
2015.05.29 13:10:09.574,1.31905,1.31922,1.35,1.12
2015.05.29 13:10:10.030,1.31905,1.31923,1.35,1.50
2015.05.29 13:10:10.344,1.31902,1.31921,1.50,1.37
2015.05.29 13:10:10.853,1.31903,1.31922,1.00,1.37
2015.05.29 13:10:11.261,1.31896,1.31911,2.25,1.00
2015.05.29 13:10:11.438,1.31894,1.31911,1.00,1.00
2015.05.29 13:10:11.490,1.31894,1.31913,1.00,1.12
2015.05.29 13:10:11.960,1.31892,1.31912,1.00,1.00
2015.05.29 13:10:12.011,1.31892,1.31912,1.00,1.37
2015.05.29 13:10:12.164,1.31889,1.31911,1.50,1.37
2015.05.29 13:10:12.624,1.31891,1.31911,1.00,1.00
2015.05.29 13:10:13.447,1.31888,1.31911,1.50,1.50
2015.05.29 13:10:14.299,1.3189,1.31911,1.00,1.50
2015.05.29 13:10:14.694,1.31888,1.31912,1.00,1.00
2015.05.29 13:10:15.050,1.3189,1.31912,1.00,1.50
2015.05.29 13:10:16.734,1.3189,1.31911,1.00,1.00
2015.05.29 13:10:17.039,1.31889,1.31909,1.00,1.00
2015.05.29 13:10:17.566,1.3189,1.3191,1.00,1.00
2015.05.29 13:10:17.876,1.31894,1.31914,1.00,1.37
2015.05.29 13:10:18.182,1.319,1.31918,1.00,1.50
2015.05.29 13:10:18.701,1.31897,1.31917,1.00,1.50
2015.05.29 13:10:19.260,1.31897,1.31918,1.00,1.50
2015.05.29 13:10:19.849,1.319,1.31918,1.00,1.50
2015.05.29 13:10:20.334,1.31898,1.31918,1.00,1.50
2015.05.29 13:10:21.332,1.31895,1.31918,1.00,1.00
2015.05.29 13:10:21.485,1.31894,1.31918,1.50,1.87
2015.05.29 13:10:21.587,1.31892,1.31915,1.50,1.12
2015.05.29 13:10:22.002,1.31892,1.31912,1.00,1.00
2015.05.29 13:10:22.266,1.31884,1.31906,1.12,1.87
2015.05.29 13:10:22.774,1.31884,1.31904,1.00,1.00
2015.05.29 13:10:23.080,1.31882,1.31903,1.00,1.00
2015.05.29 13:10:23.309,1.31882,1.31901,1.00,1.00
2015.05.29 13:10:26.442,1.31882,1.31901,1.37,1.00
2015.05.29 13:10:27.214,1.31882,1.31901,1.00,1.00
2015.05.29 13:10:27.537,1.31882,1.31901,1.00,1.37
2015.05.29 13:10:27.952,1.31885,1.31901,1.00,1.37
2015.05.29 13:10:28.207,1.31879,1.31904,2.25,1.37
2015.05.29 13:10:28.737,1.31878,1.31901,1.00,1.87
2015.05.29 13:10:29.057,1.31878,1.31899,1.00,1.37
2015.05.29 13:10:29.108,1.31876,1.31899,1.00,1.37
2015.05.29 13:10:29.210,1.31871,1.31893,1.37,1.00
2015.05.29 13:10:29.262,1.31871,1.31882,1.00,1.00
2015.05.29 13:10:29.415,1.31862,1.31882,1.62,1.00
2015.05.29 13:10:29.466,1.31862,1.31882,1.62,1.12
2015.05.29 13:10:29.518,1.31862,1.31879,1.62,1.00
2015.05.29 13:10:30.060,1.3186,1.31878,1.56,1.00
2015.05.29 13:10:30.365,1.31868,1.31884,1.00,1.37
2015.05.29 13:10:32.080,1.31869,1.31884,1.00,1.37
2015.05.29 13:10:33.244,1.31868,1.31884,1.00,1.37
2015.05.29 13:10:33.773,1.31866,1.31884,1.50,1.37
2015.05.29 13:10:33.875,1.31866,1.31884,1.50,1.12
2015.05.29 13:10:33.977,1.31867,1.31887,1.37,1.37
2015.05.29 13:10:34.079,1.31869,1.31887,1.00,1.00
2015.05.29 13:10:34.130,1.31871,1.31887,1.00,1.00
2015.05.29 13:10:34.529,1.31873,1.31887,1.00,1.00
2015.05.29 13:10:34.631,1.31873,1.3189,1.00,1.12
2015.05.29 13:10:34.682,1.31877,1.31891,1.00,1.37
2015.05.29 13:10:34.746,1.31877,1.31892,1.00,1.12
2015.05.29 13:10:34.900,1.31874,1.31893,1.00,1.37
2015.05.29 13:10:35.104,1.31872,1.31893,1.00,1.37
2015.05.29 13:10:35.651,1.31871,1.31893,1.00,1.37
2015.05.29 13:10:36.121,1.31868,1.31889,1.12,1.12
2015.05.29 13:10:37.638,1.31867,1.31889,1.00,1.12
2015.05.29 13:10:37.708,1.31867,1.31889,1.00,1.37
2015.05.29 13:10:38.226,1.31868,1.31889,1.00,1.37
2015.05.29 13:10:38.709,1.31869,1.31888,2.10,1.37
2015.05.29 13:10:39.240,1.31869,1.31886,2.10,1.00
2015.05.29 13:10:39.863,1.31869,1.31888,2.10,1.87
2015.05.29 13:10:40.908,1.31871,1.31888,1.35,1.00
2015.05.29 13:10:40.959,1.31871,1.3189,1.35,1.00
2015.05.29 13:10:41.039,1.31873,1.3189,1.00,1.00
2015.05.29 13:10:41.142,1.31875,1.31895,1.35,1.50
2015.05.29 13:10:41.397,1.31877,1.31895,1.50,1.50
2015.05.29 13:10:41.703,1.31877,1.31897,1.60,1.00
2015.05.29 13:10:42.025,1.31861,1.31881,1.19,1.00
2015.05.29 13:10:42.557,1.3186,1.3188,1.19,1.00
2015.05.29 13:10:42.916,1.31862,1.31883,1.19,1.50
2015.05.29 13:10:43.274,1.31862,1.31881,1.19,1.00
2015.05.29 13:10:43.824,1.31862,1.3188,1.19,1.00
2015.05.29 13:10:44.332,1.31862,1.3188,1.25,1.00
2015.05.29 13:10:44.865,1.31862,1.31879,1.19,1.00
2015.05.29 13:10:45.478,1.31862,1.3188,1.19,1.00
2015.05.29 13:10:45.783,1.31858,1.31875,1.19,1.00
2015.05.29 13:10:46.320,1.31858,1.31874,1.19,1.00
2015.05.29 13:10:46.871,1.31857,1.31875,1.19,1.00
2015.05.29 13:10:49.821,1.31856,1.31876,1.19,2.25
2015.05.29 13:10:50.138,1.31856,1.31874,1.19,1.00
2015.05.29 13:10:51.048,1.31856,1.31875,1.69,1.00
2015.05.29 13:10:51.631,1.31856,1.31875,1.00,1.00
2015.05.29 13:10:52.147,1.31856,1.31874,1.00,1.00
2015.05.29 13:10:52.667,1.31856,1.31875,1.00,1.00
2015.05.29 13:10:54.715,1.31863,1.31875,1.00,1.00
2015.05.29 13:10:54.978,1.31867,1.31885,1.00,1.87
2015.05.29 13:10:55.080,1.31866,1.31883,1.00,1.00
2015.05.29 13:10:55.400,1.31866,1.31885,1.00,1.00
2015.05.29 13:10:55.502,1.31868,1.31886,1.35,1.00
2015.05.29 13:10:55.950,1.3187,1.31887,1.00,2.25
2015.05.29 13:10:56.255,1.31874,1.31887,1.00,1.00
2015.05.29 13:10:57.008,1.31871,1.31887,1.00,1.00
2015.05.29 13:10:57.120,1.31871,1.31885,1.00,1.00
2015.05.29 13:10:57.223,1.31867,1.31885,1.00,1.00
2015.05.29 13:10:57.325,1.31865,1.31884,1.00,1.00
2015.05.29 13:10:57.376,1.31865,1.31881,1.00,1.00
2015.05.29 13:10:57.733,1.31862,1.31878,1.00,1.00
2015.05.29 13:10:58.003,1.3186,1.31878,2.25,1.00
2015.05.29 13:10:58.527,1.31858,1.31877,1.00,1.00
2015.05.29 13:10:59.064,1.31857,1.31877,1.50,1.00
2015.05.29 13:10:59.414,1.31859,1.31876,1.00,1.00
2015.05.29 13:11:00.607,1.31859,1.31875,1.00,1.00
2015.05.29 13:11:00.921,1.3186,1.31877,1.00,1.00
2015.05.29 13:11:01.074,1.31857,1.31877,1.50,1.00
2015.05.29 13:11:01.177,1.3186,1.31877,1.00,1.00
2015.05.29 13:11:01.342,1.31858,1.31877,1.00,1.00
2015.05.29 13:11:01.903,1.31858,1.31876,1.00,1.00
2015.05.29 13:11:02.825,1.3186,1.31876,1.00,1.00
2015.05.29 13:11:03.374,1.31859,1.31875,1.00,1.00
2015.05.29 13:11:03.680,1.31851,1.31866,1.00,1.00
2015.05.29 13:11:04.228,1.31851,1.31865,1.00,1.00
2015.05.29 13:11:04.585,1.31854,1.31865,1.00,1.37
2015.05.29 13:11:04.686,1.31852,1.31867,1.00,1.37
2015.05.29 13:11:04.890,1.31852,1.31867,1.00,1.37
2015.05.29 13:11:07.093,1.31852,1.31866,1.00,1.37
2015.05.29 13:11:07.247,1.31848,1.31866,1.35,1.37
2015.05.29 13:11:07.423,1.31854,1.31869,1.00,1.37
2015.05.29 13:11:07.678,1.31857,1.31874,1.00,1.37
2015.05.29 13:11:07.893,1.3186,1.31875,1.00,1.37
2015.05.29 13:11:08.365,1.31857,1.31875,1.50,1.37
2015.05.29 13:11:10.152,1.31856,1.31873,1.00,1.37
2015.05.29 13:11:10.204,1.31855,1.31873,1.00,1.37
2015.05.29 13:11:10.770,1.31854,1.31871,1.00,1.37
2015.05.29 13:11:11.820,1.31854,1.31873,1.37,1.37
2015.05.29 13:11:12.122,1.31864,1.31881,1.00,1.37
2015.05.29 13:11:12.174,1.31864,1.31881,1.00,1.37
2015.05.29 13:11:19.257,1.31862,1.31881,1.50,1.37
2015.05.29 13:11:19.644,1.31868,1.31881,1.00,1.37
2015.05.29 13:11:19.847,1.31871,1.31889,1.00,1.37
2015.05.29 13:11:20.050,1.31873,1.31891,1.00,1.37
2015.05.29 13:11:20.563,1.31871,1.31889,1.00,1.37
2015.05.29 13:11:20.614,1.31871,1.31888,1.00,1.37
2015.05.29 13:11:20.920,1.31868,1.31886,1.00,1.37
2015.05.29 13:11:21.844,1.31867,1.31886,1.50,1.37
2015.05.29 13:11:23.579,1.31866,1.31883,1.00,1.37
2015.05.29 13:11:23.909,1.31864,1.31883,1.50,1.37
2015.05.29 13:11:26.670,1.31864,1.31883,1.00,1.37
2015.05.29 13:11:26.741,1.31864,1.3188,1.00,1.00
2015.05.29 13:11:26.998,1.31859,1.31878,1.00,1.37
2015.05.29 13:11:27.252,1.31855,1.31873,1.00,1.00
2015.05.29 13:11:27.304,1.31853,1.31873,2.25,1.00
2015.05.29 13:11:27.456,1.31854,1.31875,1.00,1.00
2015.05.29 13:11:27.625,1.31858,1.31875,1.00,1.00
2015.05.29 13:11:27.676,1.31855,1.31875,1.00,1.00
2015.05.29 13:11:27.931,1.31857,1.31876,1.00,1.87
2015.05.29 13:11:28.237,1.31854,1.31876,1.00,1.87
2015.05.29 13:11:28.288,1.31854,1.31873,1.00,1.00
2015.05.29 13:11:28.836,1.31854,1.31872,1.00,1.00
2015.05.29 13:11:29.143,1.31852,1.31872,1.00,1.00
2015.05.29 13:11:29.645,1.31852,1.31871,1.00,1.00
2015.05.29 13:11:30.161,1.31852,1.31871,1.00,1.37
2015.05.29 13:11:30.416,1.31852,1.31869,1.00,1.37
2015.05.29 13:11:30.727,1.31849,1.31865,1.00,1.12
2015.05.29 13:11:31.356,1.31848,1.31865,1.00,1.37
2015.05.29 13:11:33.871,1.31849,1.31865,1.00,1.37
2015.05.29 13:11:34.481,1.3185,1.31865,1.00,1.37
2015.05.29 13:11:36.380,1.31851,1.31867,1.00,1.37
2015.05.29 13:11:36.686,1.31857,1.31872,1.00,1.37
2015.05.29 13:11:36.788,1.31857,1.31874,1.00,1.87
2015.05.29 13:11:37.057,1.31859,1.31874,1.00,1.87
2015.05.29 13:11:37.569,1.31862,1.31871,1.00,1.12
2015.05.29 13:11:37.908,1.31864,1.31871,1.00,1.12
2015.05.29 13:11:38.818,1.31863,1.31871,1.00,1.12
2015.05.29 13:11:38.919,1.31861,1.31871,1.00,1.12
2015.05.29 13:11:40.243,1.31864,1.31871,1.00,1.12
2015.05.29 13:11:40.751,1.31865,1.31874,1.00,1.37
2015.05.29 13:11:41.548,1.31867,1.31874,1.00,1.37
2015.05.29 13:11:41.651,1.3187,1.31875,1.00,1.00
2015.05.29 13:11:41.753,1.31868,1.31882,1.00,1.37
2015.05.29 13:11:41.922,1.31868,1.31877,1.00,1.00
2015.05.29 13:11:41.974,1.31861,1.3188,1.00,1.37
2015.05.29 13:11:42.080,1.31859,1.31878,1.50,1.37
2015.05.29 13:11:42.385,1.31856,1.31876,1.00,1.37
2015.05.29 13:11:42.906,1.31855,1.31877,1.50,2.47
2015.05.29 13:11:43.378,1.31856,1.31873,1.00,1.37
2015.05.29 13:11:43.531,1.31854,1.3187,1.00,1.37
2015.05.29 13:11:43.633,1.31852,1.31868,1.00,1.37
2015.05.29 13:11:43.837,1.31854,1.31868,1.00,1.37
2015.05.29 13:11:44.762,1.31853,1.31868,1.00,1.37
2015.05.29 13:11:45.147,1.31855,1.31868,1.00,1.37
2015.05.29 13:11:45.824,1.31854,1.31869,1.00,1.37
2015.05.29 13:11:46.180,1.31852,1.31867,1.00,1.37
2015.05.29 13:11:46.485,1.31854,1.31869,1.00,1.37
2015.05.29 13:11:47.016,1.31855,1.31871,1.00,1.37
2015.05.29 13:11:47.473,1.31856,1.31871,1.00,1.37
2015.05.29 13:11:50.143,1.31852,1.3187,1.35,1.37
2015.05.29 13:11:50.295,1.31849,1.31869,1.00,1.12
2015.05.29 13:11:50.346,1.31849,1.31865,1.00,1.00
2015.05.29 13:11:50.601,1.31842,1.31862,1.00,1.37
2015.05.29 13:11:50.804,1.3184,1.31859,1.00,1.00
2015.05.29 13:11:51.014,1.31838,1.31859,3.00,1.00
2015.05.29 13:11:51.218,1.31838,1.31859,1.00,1.37
2015.05.29 13:11:51.675,1.31841,1.31858,1.00,1.37
2015.05.29 13:11:52.091,1.31841,1.31858,1.00,1.37
2015.05.29 13:11:52.193,1.31841,1.31859,1.00,1.00
2015.05.29 13:11:52.397,1.31843,1.31862,1.00,1.37
2015.05.29 13:11:52.703,1.31847,1.31864,1.00,1.37
2015.05.29 13:11:53.009,1.31849,1.31865,1.00,1.37
2015.05.29 13:11:53.577,1.3185,1.31865,1.00,1.87
2015.05.29 13:11:54.448,1.31851,1.31865,1.00,1.87
2015.05.29 13:11:54.500,1.31851,1.31864,1.00,1.37
2015.05.29 13:11:54.552,1.31849,1.31864,1.00,1.87
2015.05.29 13:11:54.670,1.3184,1.31862,3.60,1.37
2015.05.29 13:11:54.722,1.31845,1.31862,1.00,1.00
2015.05.29 13:11:54.773,1.31845,1.31864,1.00,1.50
2015.05.29 13:11:54.824,1.31849,1.31864,1.00,1.50
2015.05.29 13:11:54.926,1.31846,1.31863,1.00,1.00
2015.05.29 13:11:55.079,1.31844,1.3186,1.00,1.00
2015.05.29 13:11:55.181,1.31842,1.3186,1.00,1.12
2015.05.29 13:11:55.233,1.31838,1.3186,1.00,1.12
2015.05.29 13:11:55.284,1.31838,1.31857,1.00,1.00
2015.05.29 13:11:55.696,1.31838,1.31857,1.00,1.37
2015.05.29 13:11:55.951,1.31836,1.31858,1.00,1.37
2015.05.29 13:11:56.281,1.31837,1.31856,1.00,1.37
2015.05.29 13:11:56.383,1.31837,1.31856,1.00,1.37
2015.05.29 13:11:56.757,1.31839,1.31856,1.00,1.37
2015.05.29 13:11:57.062,1.31841,1.31856,1.60,1.00
2015.05.29 13:11:57.368,1.31855,1.31865,1.00,1.12
2015.05.29 13:11:57.544,1.31849,1.31868,1.00,1.87
2015.05.29 13:11:57.647,1.31845,1.31863,1.00,1.00
2015.05.29 13:11:57.698,1.31842,1.31861,1.00,1.00
2015.05.29 13:11:57.901,1.3184,1.31859,2.25,1.00
2015.05.29 13:11:58.216,1.31844,1.31859,1.00,1.00
2015.05.29 13:11:58.528,1.31847,1.3186,1.00,1.12
2015.05.29 13:11:58.579,1.3185,1.31865,1.00,1.37
2015.05.29 13:11:58.783,1.31849,1.31866,1.00,1.37
2015.05.29 13:11:59.292,1.31848,1.31863,1.00,1.37
2015.05.29 13:11:59.821,1.31847,1.31862,1.00,1.12
2015.05.29 13:12:00.330,1.31847,1.31862,1.00,1.37
2015.05.29 13:12:00.381,1.31844,1.31862,1.00,1.37
2015.05.29 13:12:01.030,1.31845,1.31862,1.00,1.37
2015.05.29 13:12:01.585,1.31846,1.31862,1.00,1.12
2015.05.29 13:12:02.132,1.31853,1.31865,1.00,1.87
2015.05.29 13:12:02.897,1.31855,1.31865,1.00,1.37
2015.05.29 13:12:03.435,1.31854,1.31865,1.00,1.37
2015.05.29 13:12:03.759,1.31858,1.31865,1.00,1.37
2015.05.29 13:12:04.292,1.31857,1.31866,1.00,1.37
2015.05.29 13:12:04.608,1.31858,1.31866,1.00,1.37
2015.05.29 13:12:05.133,1.31858,1.31866,1.00,1.37
2015.05.29 13:12:05.667,1.31857,1.31866,1.00,1.37
2015.05.29 13:12:06.061,1.31859,1.31866,1.00,1.37
2015.05.29 13:12:06.216,1.31849,1.31866,1.50,1.37
2015.05.29 13:12:06.318,1.31856,1.31866,1.00,1.37
2015.05.29 13:12:06.522,1.31853,1.31866,1.00,1.37
2015.05.29 13:12:06.830,1.3185,1.31865,1.00,1.37
2015.05.29 13:12:07.304,1.31847,1.31865,1.00,1.37
2015.05.29 13:12:07.509,1.31846,1.31864,1.00,1.37
2015.05.29 13:12:08.018,1.31845,1.31864,1.50,1.37
2015.05.29 13:12:10.148,1.31847,1.31863,1.00,1.37
2015.05.29 13:12:10.453,1.31849,1.31867,1.00,1.87
2015.05.29 13:12:10.657,1.3185,1.31867,1.00,1.87
2015.05.29 13:12:10.708,1.31853,1.31867,1.00,1.87
2015.05.29 13:12:11.007,1.3185,1.31863,1.00,1.12
2015.05.29 13:12:11.211,1.3185,1.3186,1.00,1.00
2015.05.29 13:12:11.314,1.3185,1.31862,1.00,1.00
2015.05.29 13:12:11.684,1.31849,1.3186,1.00,1.00
2015.05.29 13:12:11.889,1.31849,1.31864,1.00,1.00
2015.05.29 13:12:12.041,1.31846,1.31864,1.00,1.00
2015.05.29 13:12:12.093,1.31846,1.31861,1.00,1.00
2015.05.29 13:12:12.643,1.31845,1.31861,1.00,1.00
2015.05.29 13:12:13.554,1.31847,1.31861,1.00,1.00
2015.05.29 13:12:13.656,1.31847,1.31866,1.00,1.00
2015.05.29 13:12:14.193,1.31848,1.31866,1.00,1.00
2015.05.29 13:12:14.800,1.31849,1.31866,1.00,1.00
2015.05.29 13:12:14.954,1.3185,1.31864,1.00,1.37
2015.05.29 13:12:15.026,1.31845,1.31864,1.00,1.37
2015.05.29 13:12:15.078,1.31845,1.31862,1.00,1.37
2015.05.29 13:12:15.129,1.3184,1.31862,1.00,1.87
2015.05.29 13:12:15.180,1.3184,1.31859,1.00,1.00
2015.05.29 13:12:15.333,1.31836,1.31858,1.50,1.00
2015.05.29 13:12:15.851,1.31842,1.31859,1.50,1.12
2015.05.29 13:12:15.954,1.31842,1.31862,1.50,1.00
2015.05.29 13:12:16.054,1.31843,1.31864,1.00,1.00
2015.05.29 13:12:16.106,1.31843,1.31866,1.00,1.00
2015.05.29 13:12:16.467,1.31843,1.31866,1.37,1.00
2015.05.29 13:12:17.217,1.31846,1.31866,1.00,1.00
2015.05.29 13:12:17.269,1.31847,1.31868,1.00,1.00
2015.05.29 13:12:17.371,1.31845,1.31868,1.87,1.00
2015.05.29 13:12:19.160,1.31848,1.3187,1.00,1.00
2015.05.29 13:12:19.777,1.3185,1.3187,1.00,1.00
2015.05.29 13:12:19.879,1.3185,1.31872,1.00,1.00
2015.05.29 13:12:19.981,1.31853,1.31873,1.00,1.50
2015.05.29 13:12:20.184,1.31853,1.31875,1.00,1.00
2015.05.29 13:12:20.767,1.31854,1.31875,1.00,1.00
2015.05.29 13:12:21.281,1.31854,1.31875,1.00,1.87
2015.05.29 13:12:23.476,1.31852,1.31872,1.12,1.00
2015.05.29 13:12:24.026,1.31852,1.31873,1.12,1.00
2015.05.29 13:12:24.722,1.31852,1.31873,1.50,1.00
2015.05.29 13:12:25.278,1.31852,1.31875,1.87,1.37
2015.05.29 13:12:25.808,1.31853,1.31875,1.00,1.37
2015.05.29 13:12:26.861,1.31856,1.31875,1.00,1.37
2015.05.29 13:12:27.458,1.31855,1.31875,1.00,1.37
2015.05.29 13:12:28.069,1.31856,1.31875,1.00,1.37
2015.05.29 13:12:28.377,1.31854,1.31875,1.00,1.37
2015.05.29 13:12:28.886,1.31856,1.31876,1.00,1.00
2015.05.29 13:12:28.938,1.31856,1.31878,1.00,1.00
2015.05.29 13:12:29.615,1.31856,1.31876,1.00,1.00
2015.05.29 13:12:30.125,1.31856,1.31877,1.00,1.00
2015.05.29 13:12:30.443,1.31854,1.31875,1.12,1.00
2015.05.29 13:12:30.639,1.31854,1.31878,1.87,1.00
2015.05.29 13:12:30.691,1.31856,1.31877,1.00,1.00
2015.05.29 13:12:30.996,1.31863,1.31877,1.00,1.00
2015.05.29 13:12:31.302,1.31867,1.3188,1.00,1.00
2015.05.29 13:12:31.405,1.31866,1.31883,1.00,1.37
2015.05.29 13:12:31.507,1.31872,1.31883,1.00,1.00
2015.05.29 13:12:31.558,1.31872,1.31885,1.00,1.87
2015.05.29 13:12:31.828,1.31868,1.31885,1.00,1.00
2015.05.29 13:12:31.930,1.3187,1.31885,1.00,1.00
2015.05.29 13:12:32.476,1.31871,1.31885,1.00,1.00
2015.05.29 13:12:32.825,1.31873,1.31888,1.00,1.00
2015.05.29 13:12:33.388,1.31872,1.31888,1.00,1.12
2015.05.29 13:12:33.593,1.31869,1.31888,1.00,1.87
2015.05.29 13:12:36.499,1.31869,1.31887,1.00,1.00
2015.05.29 13:12:36.856,1.31865,1.31886,1.50,1.00
2015.05.29 13:12:36.958,1.31865,1.31886,1.00,1.37
2015.05.29 13:12:37.223,1.31863,1.31885,1.00,1.87
2015.05.29 13:12:37.941,1.31864,1.31885,1.00,1.37
2015.05.29 13:12:41.035,1.31865,1.31884,1.00,1.37
2015.05.29 13:12:41.675,1.31865,1.31884,1.00,1.37
2015.05.29 13:12:42.926,1.31866,1.31884,1.00,1.37
2015.05.29 13:12:43.029,1.31862,1.31877,1.00,1.00
2015.05.29 13:12:43.131,1.3186,1.31877,1.50,1.00
2015.05.29 13:12:43.283,1.31863,1.31877,1.00,1.00
2015.05.29 13:12:43.385,1.31863,1.3188,1.00,1.00
2015.05.29 13:12:47.436,1.31863,1.31878,1.00,1.00
2015.05.29 13:12:47.538,1.31861,1.31878,1.00,1.00
2015.05.29 13:12:47.861,1.3186,1.31875,1.50,1.00
2015.05.29 13:12:48.274,1.31858,1.31875,1.00,1.00
2015.05.29 13:12:49.239,1.3186,1.31875,1.00,1.00
2015.05.29 13:12:49.290,1.3186,1.31878,1.00,1.00
2015.05.29 13:12:49.442,1.3186,1.31876,1.00,1.00
2015.05.29 13:12:49.787,1.3186,1.31877,1.60,1.00
2015.05.29 13:12:50.290,1.3186,1.31878,1.60,1.00
2015.05.29 13:12:50.596,1.31851,1.31867,1.00,1.00
2015.05.29 13:12:50.749,1.3185,1.31869,1.00,1.00
2015.05.29 13:12:50.886,1.3185,1.31873,1.00,1.00
2015.05.29 13:12:51.090,1.3185,1.31871,1.00,1.00
2015.05.29 13:12:51.599,1.31851,1.31871,1.00,1.00
2015.05.29 13:12:51.752,1.31851,1.31874,1.50,1.50
2015.05.29 13:12:52.005,1.31853,1.31877,1.00,3.37
2015.05.29 13:12:52.059,1.31857,1.31877,1.00,3.37
2015.05.29 13:12:52.415,1.31859,1.31877,1.00,2.62
2015.05.29 13:12:54.160,1.31858,1.31877,1.00,1.12
2015.05.29 13:12:54.349,1.31856,1.31877,1.00,1.87
2015.05.29 13:12:54.503,1.31854,1.31877,1.00,1.87
2015.05.29 13:12:54.605,1.31854,1.31875,1.00,1.00
2015.05.29 13:12:55.012,1.31853,1.31873,1.00,1.00
2015.05.29 13:12:55.165,1.31851,1.31872,1.00,1.00
2015.05.29 13:12:55.713,1.3185,1.31872,1.00,1.00
2015.05.29 13:12:56.018,1.31853,1.31872,1.00,1.00
2015.05.29 13:12:56.432,1.31855,1.31873,1.00,1.00
2015.05.29 13:12:56.793,1.31857,1.31873,1.00,1.00
2015.05.29 13:12:57.098,1.31859,1.31874,1.00,1.00
2015.05.29 13:12:57.627,1.31858,1.31874,1.00,1.00
2015.05.29 13:12:58.148,1.31859,1.31874,1.00,1.00
2015.05.29 13:12:59.320,1.31858,1.31874,1.00,1.00
2015.05.29 13:12:59.625,1.31861,1.31877,1.00,1.37
2015.05.29 13:12:59.954,1.31858,1.31875,1.00,1.00
2015.05.29 13:13:00.056,1.31858,1.31877,1.00,1.00
2015.05.29 13:13:00.107,1.3186,1.31877,1.00,1.00
2015.05.29 13:13:00.617,1.31855,1.31874,1.00,1.00
2015.05.29 13:13:00.723,1.31852,1.31874,2.25,1.00
2015.05.29 13:13:00.980,1.31855,1.31877,1.00,1.12
2015.05.29 13:13:01.292,1.31857,1.31876,1.00,1.37
2015.05.29 13:13:01.598,1.31857,1.31877,1.00,1.37
2015.05.29 13:13:01.954,1.31858,1.31877,1.00,1.37
2015.05.29 13:13:02.057,1.31858,1.31877,1.00,1.37
2015.05.29 13:13:02.510,1.31858,1.31877,1.00,1.37
2015.05.29 13:13:02.829,1.3186,1.31877,1.00,1.37
2015.05.29 13:13:03.337,1.31861,1.31877,1.00,1.37
2015.05.29 13:13:03.831,1.31863,1.31877,1.00,1.37
2015.05.29 13:13:03.913,1.31863,1.31879,1.00,1.00
2015.05.29 13:13:04.016,1.31862,1.31879,1.00,1.37
2015.05.29 13:13:04.529,1.31862,1.31879,1.00,1.37
2015.05.29 13:13:04.911,1.31864,1.31881,1.00,1.37
2015.05.29 13:13:05.161,1.31862,1.31881,1.00,1.37
2015.05.29 13:13:05.345,1.31864,1.31881,1.00,1.37
2015.05.29 13:13:05.873,1.31863,1.31881,1.00,1.37
2015.05.29 13:13:06.388,1.31864,1.31881,1.00,1.37
2015.05.29 13:13:08.029,1.31862,1.31881,1.00,1.37
2015.05.29 13:13:08.131,1.31864,1.31881,1.00,1.37
2015.05.29 13:13:08.351,1.31861,1.31879,1.35,1.37
2015.05.29 13:13:08.454,1.31861,1.31879,1.35,1.00
2015.05.29 13:13:08.762,1.31867,1.31874,1.00,1.00
2015.05.29 13:13:09.036,1.31867,1.31879,1.00,1.87
2015.05.29 13:13:09.087,1.31862,1.31885,1.00,1.87
2015.05.29 13:13:09.138,1.31865,1.31885,2.85,1.87
2015.05.29 13:13:09.653,1.31869,1.31885,1.00,1.00
2015.05.29 13:13:09.704,1.31869,1.31888,1.00,1.87
2015.05.29 13:13:09.755,1.31867,1.31884,1.00,1.00
2015.05.29 13:13:10.075,1.31893,1.31913,2.25,1.37
2015.05.29 13:13:10.177,1.31892,1.31913,1.00,1.87
2015.05.29 13:13:10.483,1.319,1.31923,1.00,1.50
2015.05.29 13:13:10.598,1.31906,1.31923,2.85,1.00
2015.05.29 13:13:10.649,1.31906,1.31925,1.00,1.00
2015.05.29 13:13:10.956,1.31903,1.31924,1.00,1.00
2015.05.29 13:13:11.485,1.31902,1.31924,2.25,1.00
2015.05.29 13:13:11.996,1.31902,1.31923,2.25,1.00
2015.05.29 13:13:12.632,1.31903,1.31924,1.00,1.00
2015.05.29 13:13:12.948,1.31908,1.31924,1.00,1.00
2015.05.29 13:13:13.460,1.31909,1.31924,1.00,1.00
2015.05.29 13:13:13.953,1.31907,1.31923,1.00,1.00
2015.05.29 13:13:14.156,1.31903,1.31924,1.00,1.00
