2011.05.30 02:00:00.233,0.94973,0.95008,3.15,1.50
2011.05.30 02:00:00.562,0.94975,0.95008,3.15,1.50
2011.05.30 02:00:00.893,0.94971,0.95007,3.15,3.90
2011.05.30 02:00:01.003,0.94971,0.95005,3.88,1.50
2011.05.30 02:00:02.773,0.94969,0.95002,3.15,1.50
2011.05.30 02:00:04.013,0.94971,0.95002,3.15,1.50
2011.05.30 02:00:05.344,0.94972,0.95002,3.15,1.50
2011.05.30 02:00:06.303,0.94972,0.95006,3.88,4.65
2011.05.30 02:00:06.413,0.94973,0.95007,4.63,3.90
2011.05.30 02:00:07.504,0.94973,0.95006,3.90,2.25
2011.05.30 02:00:07.833,0.94963,0.94991,1.48,3.15
2011.05.30 02:00:09.776,0.94958,0.94984,1.50,3.15
2011.05.30 02:00:09.883,0.94958,0.94984,1.50,3.15
2011.05.30 02:00:10.433,0.94957,0.94985,1.48,3.90
2011.05.30 02:00:10.654,0.94957,0.94986,1.48,4.50
2011.05.30 02:00:11.643,0.94957,0.94986,1.48,4.50
2011.05.30 02:00:12.783,0.94957,0.94985,1.48,1.50
2011.05.30 02:00:12.893,0.94957,0.94984,1.48,1.50
2011.05.30 02:00:13.704,0.94952,0.94985,2.08,3.15
2011.05.30 02:00:14.913,0.94952,0.94985,2.08,3.15
2011.05.30 02:00:15.024,0.94952,0.94979,2.08,3.15
2011.05.30 02:00:15.134,0.94952,0.94984,2.08,3.15
2011.05.30 02:00:15.573,0.94954,0.94985,1.48,3.90
2011.05.30 02:00:16.123,0.94954,0.94985,1.48,3.90
2011.05.30 02:00:20.674,0.9496,0.94986,1.35,1.50
2011.05.30 02:00:20.893,0.94969,0.94993,1.48,1.50
2011.05.30 02:00:21.004,0.94969,0.94998,1.48,1.50
2011.05.30 02:00:21.224,0.9497,0.94999,1.35,1.50
2011.05.30 02:00:21.333,0.9497,0.95,1.35,2.25
2011.05.30 02:00:21.953,0.94969,0.95,2.08,1.50
2011.05.30 02:00:22.723,0.94971,0.95,1.35,4.65
2011.05.30 02:00:23.391,0.94961,0.9499,4.63,1.35
2011.05.30 02:00:23.505,0.94961,0.9499,1.48,4.50
2011.05.30 02:00:24.052,0.94959,0.94988,1.48,1.35
2011.05.30 02:00:25.423,0.94959,0.94989,1.48,1.35
2011.05.30 02:00:25.532,0.94959,0.94989,1.48,1.35
2011.05.30 02:00:27.262,0.94959,0.94989,1.48,1.35
2011.05.30 02:00:27.704,0.94954,0.94987,2.08,4.65
2011.05.30 02:00:27.924,0.94954,0.94983,1.35,1.50
2011.05.30 02:00:28.472,0.94954,0.94981,1.35,1.50
2011.05.30 02:00:29.473,0.94954,0.94981,1.35,1.50
2011.05.30 02:00:30.462,0.94954,0.94981,1.35,1.50
2011.05.30 02:00:31.207,0.94954,0.94981,1.35,1.50
2011.05.30 02:00:49.966,0.94962,0.94989,1.35,1.50
2011.05.30 02:00:50.184,0.94963,0.94993,1.48,3.15
2011.05.30 02:00:50.403,0.94963,0.94996,1.48,2.10
2011.05.30 02:00:50.953,0.94966,0.94996,1.48,2.10
2011.05.30 02:00:51.283,0.94964,0.94996,1.48,2.85
2011.05.30 02:00:51.931,0.94962,0.94995,1.35,1.50
2011.05.30 02:00:53.056,0.94962,0.94992,1.35,1.50
2011.05.30 02:00:54.732,0.94962,0.94992,1.35,1.50
2011.05.30 02:00:54.845,0.94961,0.94987,1.48,3.15
2011.05.30 02:00:55.173,0.94952,0.94982,1.48,1.35
2011.05.30 02:00:55.284,0.9495,0.94982,1.35,1.35
2011.05.30 02:00:55.503,0.9495,0.94982,5.25,1.35
2011.05.30 02:00:55.723,0.94952,0.94982,1.48,1.35
2011.05.30 02:00:57.754,0.94958,0.94984,1.35,1.50
2011.05.30 02:00:57.973,0.94958,0.94989,1.35,3.90
2011.05.30 02:00:58.084,0.94958,0.9499,5.25,2.10
2011.05.30 02:00:58.193,0.94958,0.9499,5.25,1.35
2011.05.30 02:00:58.413,0.94962,0.94992,1.35,5.40
2011.05.30 02:01:01.002,0.94962,0.94992,1.35,4.65
2011.05.30 02:01:01.224,0.94962,0.94992,1.35,4.65
2011.05.30 02:01:02.863,0.94958,0.94984,3.90,1.50
2011.05.30 02:01:03.083,0.94958,0.94987,1.50,1.50
2011.05.30 02:01:03.785,0.94951,0.94982,1.35,1.50
2011.05.30 02:01:05.883,0.94954,0.94982,1.50,1.50
2011.05.30 02:01:05.994,0.94958,0.94985,1.35,1.50
2011.05.30 02:01:06.103,0.94958,0.94987,1.35,1.50
2011.05.30 02:01:06.213,0.94958,0.94987,1.35,2.25
2011.05.30 02:01:06.433,0.94958,0.94987,1.35,4.65
2011.05.30 02:01:09.624,0.94957,0.94988,1.33,2.25
2011.05.30 02:01:09.735,0.94955,0.94983,1.48,4.50
2011.05.30 02:01:09.844,0.94951,0.94983,1.35,4.50
2011.05.30 02:01:10.063,0.94951,0.94983,1.35,5.25
2011.05.30 02:01:10.612,0.94951,0.94981,1.35,1.50
2011.05.30 02:01:19.944,0.94949,0.94973,3.90,1.35
2011.05.30 02:01:20.163,0.94941,0.94973,1.50,1.35
2011.05.30 02:01:20.712,0.9494,0.94971,1.48,1.35
2011.05.30 02:01:21.264,0.94944,0.94974,1.33,3.15
2011.05.30 02:01:21.483,0.94944,0.94976,2.08,1.50
2011.05.30 02:01:23.053,0.94944,0.94976,5.61,1.50
2011.05.30 02:01:23.384,0.94952,0.94982,1.35,1.50
2011.05.30 02:01:24.214,0.94955,0.94984,1.13,3.15
2011.05.30 02:01:24.323,0.94955,0.94986,1.13,1.73
2011.05.30 02:01:24.432,0.94964,0.94989,1.48,1.35
2011.05.30 02:01:24.873,0.94963,0.9499,1.48,3.53
2011.05.30 02:01:25.093,0.94963,0.94992,1.48,3.15
2011.05.30 02:01:25.204,0.94955,0.9498,1.48,3.15
2011.05.30 02:01:28.775,0.94956,0.9498,1.48,3.90
2011.05.30 02:01:29.332,0.94954,0.94979,1.48,1.50
2011.05.30 02:01:29.663,0.94953,0.94975,1.48,3.90
2011.05.30 02:01:29.884,0.94953,0.94976,1.48,1.35
2011.05.30 02:01:30.103,0.94955,0.94979,1.48,1.50
2011.05.30 02:01:30.895,0.94954,0.94975,2.23,4.65
2011.05.30 02:01:31.006,0.94951,0.94974,1.48,3.90
2011.05.30 02:01:31.552,0.94951,0.94974,1.48,3.90
2011.05.30 02:01:33.136,0.94951,0.94968,1.48,3.15
2011.05.30 02:01:33.766,0.94946,0.9497,1.48,3.90
2011.05.30 02:01:34.249,0.94948,0.94971,1.48,3.15
2011.05.30 02:01:34.369,0.94952,0.94976,2.23,3.15
2011.05.30 02:01:34.482,0.94952,0.94978,2.23,4.65
2011.05.30 02:01:36.293,0.94952,0.94978,2.23,3.90
2011.05.30 02:01:36.404,0.94953,0.94974,1.48,3.15
2011.05.30 02:01:36.514,0.94952,0.94974,1.50,3.90
2011.05.30 02:01:38.147,0.9495,0.94974,1.48,4.65
2011.05.30 02:01:38.823,0.9495,0.94969,1.48,3.15
2011.05.30 02:01:38.934,0.94948,0.94971,2.23,1.35
2011.05.30 02:01:39.153,0.94948,0.94975,1.48,5.40
2011.05.30 02:01:39.262,0.94948,0.94975,1.48,4.65
2011.05.30 02:01:41.413,0.9495,0.94976,1.48,1.50
2011.05.30 02:01:41.524,0.94955,0.94978,1.48,3.15
2011.05.30 02:01:42.072,0.94955,0.9498,1.48,4.65
2011.05.30 02:01:57.323,0.94954,0.94978,2.23,3.15
2011.05.30 02:01:59.074,0.94956,0.94978,1.48,3.15
2011.05.30 02:01:59.623,0.94956,0.9498,1.48,1.50
2011.05.30 02:02:00.064,0.94954,0.94979,1.48,3.90
2011.05.30 02:02:00.631,0.94955,0.94979,1.48,3.90
2011.05.30 02:02:02.715,0.94956,0.94979,1.48,3.90
2011.05.30 02:02:03.045,0.9495,0.94971,1.48,3.15
2011.05.30 02:02:04.694,0.94951,0.94977,1.48,1.50
2011.05.30 02:02:04.913,0.94953,0.94978,1.48,1.35
2011.05.30 02:02:05.245,0.94954,0.94978,1.48,1.35
2011.05.30 02:02:05.465,0.94955,0.94976,1.48,1.50
2011.05.30 02:02:05.573,0.94955,0.94977,1.48,1.50
2011.05.30 02:02:05.902,0.94954,0.94979,1.48,4.65
2011.05.30 02:02:10.624,0.94954,0.94979,1.48,4.65
2011.05.30 02:02:15.244,0.94954,0.94979,1.48,4.65
2011.05.30 02:02:21.052,0.94953,0.94978,1.48,3.15
2011.05.30 02:02:29.723,0.94954,0.94978,1.48,3.15
2011.05.30 02:02:47.875,0.94952,0.94978,1.48,3.90
2011.05.30 02:02:48.423,0.94953,0.94974,1.48,1.50
2011.05.30 02:02:48.865,0.94955,0.94974,1.50,1.50
2011.05.30 02:02:49.194,0.94956,0.94974,1.48,1.50
2011.05.30 02:02:50.513,0.94956,0.94976,1.48,1.50
2011.05.30 02:02:53.113,0.94956,0.94975,1.48,1.50
2011.05.30 02:02:53.223,0.94956,0.94974,1.48,1.50
2011.05.30 02:02:53.442,0.94956,0.94974,1.48,1.50
2011.05.30 02:03:00.122,0.94956,0.9498,1.48,1.35
2011.05.30 02:03:00.233,0.94957,0.94986,3.88,2.85
2011.05.30 02:03:00.454,0.94965,0.94992,1.48,3.75
2011.05.30 02:03:00.783,0.94964,0.94992,1.48,4.50
2011.05.30 02:03:01.113,0.94964,0.94992,1.48,4.50
2011.05.30 02:03:01.445,0.94951,0.94974,1.48,1.50
2011.05.30 02:03:01.773,0.94952,0.94975,2.23,1.50
2011.05.30 02:03:01.994,0.94956,0.94976,1.48,1.50
2011.05.30 02:03:02.543,0.94956,0.94976,2.23,1.50
2011.05.30 02:03:03.346,0.94958,0.94979,1.48,3.90
2011.05.30 02:03:03.563,0.94961,0.94983,1.48,1.35
2011.05.30 02:03:04.335,0.94961,0.94983,1.48,1.35
2011.05.30 02:03:04.663,0.94961,0.94983,1.48,1.35
2011.05.30 02:03:05.507,0.9496,0.94984,1.48,5.40
2011.05.30 02:03:06.434,0.94957,0.94984,1.48,4.65
2011.05.30 02:03:06.544,0.94954,0.94978,1.48,3.15
2011.05.30 02:03:06.874,0.94955,0.94975,1.48,1.50
2011.05.30 02:03:08.444,0.94955,0.94974,1.48,1.50
2011.05.30 02:03:08.775,0.94952,0.94974,1.50,1.50
2011.05.30 02:03:08.883,0.94951,0.94974,1.48,2.25
2011.05.30 02:03:09.213,0.94952,0.94974,1.48,1.50
2011.05.30 02:03:09.763,0.94953,0.94976,2.23,1.50
2011.05.30 02:03:10.313,0.94956,0.94976,1.48,1.50
2011.05.30 02:03:10.863,0.94955,0.94976,2.23,1.50
2011.05.30 02:03:11.453,0.94955,0.94977,2.23,1.50
2011.05.30 02:03:12.154,0.94955,0.94976,1.48,1.13
2011.05.30 02:03:14.024,0.94953,0.94975,1.50,1.13
2011.05.30 02:03:14.133,0.9495,0.94975,1.13,1.13
2011.05.30 02:03:14.364,0.9495,0.94976,1.13,1.13
2011.05.30 02:03:15.233,0.94953,0.94977,1.48,1.13
2011.05.30 02:03:15.562,0.94953,0.94976,1.48,1.13
2011.05.30 02:03:16.942,0.94955,0.94976,1.48,1.13
2011.05.30 02:03:17.274,0.94955,0.94979,1.48,1.13
2011.05.30 02:03:17.385,0.94959,0.94981,1.13,1.50
2011.05.30 02:03:17.716,0.94961,0.94987,1.88,1.73
2011.05.30 02:03:18.045,0.94964,0.94987,1.48,1.13
2011.05.30 02:03:18.483,0.94967,0.94991,1.48,1.13
2011.05.30 02:03:19.464,0.94967,0.94986,1.48,1.50
2011.05.30 02:03:19.808,0.94965,0.94983,1.50,1.35
2011.05.30 02:03:19.926,0.94965,0.94982,1.48,1.13
2011.05.30 02:03:20.254,0.94955,0.94982,1.48,1.13
2011.05.30 02:03:22.643,0.94955,0.94982,1.48,1.13
2011.05.30 02:03:22.754,0.94955,0.94979,1.48,3.53
2011.05.30 02:03:22.865,0.9495,0.94973,1.50,1.13
2011.05.30 02:03:22.974,0.9495,0.94973,1.50,1.50
2011.05.30 02:03:23.084,0.94949,0.9497,1.48,1.88
2011.05.30 02:03:23.522,0.94949,0.94976,1.48,1.35
2011.05.30 02:03:24.224,0.94949,0.94976,1.48,1.35
2011.05.30 02:03:24.444,0.94949,0.94972,2.08,1.50
2011.05.30 02:03:24.662,0.94949,0.94978,2.46,3.53
2011.05.30 02:03:26.263,0.94949,0.94975,2.46,1.13
2011.05.30 02:03:26.813,0.94949,0.94972,2.46,1.50
2011.05.30 02:03:27.144,0.94956,0.9498,1.48,4.28
2011.05.30 02:03:27.366,0.94956,0.94982,1.11,4.88
2011.05.30 02:03:27.474,0.94957,0.94982,1.48,1.35
2011.05.30 02:03:27.914,0.9496,0.94985,1.13,1.88
2011.05.30 02:03:28.024,0.9496,0.94985,1.13,1.88
2011.05.30 02:03:28.353,0.94963,0.94988,1.48,1.73
2011.05.30 02:03:28.855,0.94962,0.94988,2.61,1.73
2011.05.30 02:03:29.442,0.94962,0.94988,1.13,1.13
2011.05.30 02:03:29.664,0.9496,0.94981,2.23,1.13
2011.05.30 02:03:30.250,0.94954,0.9498,1.13,1.13
2011.05.30 02:03:31.102,0.94957,0.94981,1.13,1.50
2011.05.30 02:03:31.435,0.94962,0.94981,1.13,1.50
2011.05.30 02:03:31.764,0.94961,0.94985,1.48,1.88
2011.05.30 02:03:31.983,0.94962,0.94986,1.13,1.13
2011.05.30 02:03:33.343,0.94961,0.94986,1.86,1.13
2011.05.30 02:03:34.582,0.94962,0.94986,1.86,1.13
2011.05.30 02:03:35.363,0.94962,0.94989,1.86,1.88
2011.05.30 02:03:36.418,0.94962,0.94986,1.86,1.88
2011.05.30 02:03:36.754,0.94959,0.94985,1.48,5.03
2011.05.30 02:03:37.303,0.94955,0.9498,1.13,1.13
2011.05.30 02:03:37.634,0.94952,0.94983,1.35,3.75
2011.05.30 02:03:37.746,0.94954,0.94983,1.48,1.88
2011.05.30 02:03:37.855,0.94961,0.94986,1.13,3.38
2011.05.30 02:03:38.402,0.94961,0.94991,1.86,6.15
2011.05.30 02:03:38.754,0.94961,0.94987,1.86,1.13
2011.05.30 02:03:39.085,0.94964,0.94991,1.11,1.13
2011.05.30 02:03:39.864,0.94963,0.94984,1.48,1.13
2011.05.30 02:03:40.452,0.94958,0.94984,1.48,1.13
2011.05.30 02:03:42.265,0.94957,0.94987,1.86,2.10
2011.05.30 02:03:42.823,0.94957,0.94983,1.48,1.13
2011.05.30 02:03:42.935,0.94957,0.94982,1.48,1.73
2011.05.30 02:03:43.045,0.94952,0.94978,1.13,1.13
2011.05.30 02:03:43.153,0.94952,0.94978,1.13,1.13
2011.05.30 02:03:43.262,0.94952,0.94978,1.13,1.13
2011.05.30 02:03:44.033,0.94951,0.9498,1.13,1.13
2011.05.30 02:03:45.014,0.94951,0.94977,1.13,1.13
2011.05.30 02:03:45.127,0.94951,0.94975,1.13,1.50
2011.05.30 02:03:47.036,0.94948,0.94972,2.48,1.13
2011.05.30 02:03:47.145,0.94948,0.94971,1.35,1.13
2011.05.30 02:03:47.474,0.94941,0.94968,1.13,1.13
2011.05.30 02:03:57.156,0.94948,0.9497,1.13,1.50
2011.05.30 02:03:57.484,0.94948,0.94971,1.50,4.28
2011.05.30 02:03:57.593,0.94948,0.94971,1.50,4.28
2011.05.30 02:03:58.143,0.94946,0.94971,1.13,4.28
2011.05.30 02:04:00.252,0.94945,0.94971,1.13,1.13
2011.05.30 02:04:01.632,0.94945,0.94971,1.13,1.13
2011.05.30 02:04:02.254,0.94945,0.94974,1.13,2.48
2011.05.30 02:04:03.343,0.94946,0.94974,1.13,1.73
2011.05.30 02:04:11.245,0.94947,0.94974,1.13,2.48
2011.05.30 02:04:32.255,0.94947,0.94976,1.86,4.28
2011.05.30 02:04:35.164,0.94952,0.94978,1.13,1.88
2011.05.30 02:04:35.273,0.94952,0.94978,1.13,1.13
2011.05.30 02:04:35.492,0.94952,0.94979,1.13,1.13
2011.05.30 02:04:37.417,0.94951,0.94978,2.08,1.13
2011.05.30 02:04:37.535,0.94951,0.94974,2.08,1.13
2011.05.30 02:04:37.863,0.94951,0.94974,1.48,1.13
2011.05.30 02:04:41.793,0.94951,0.94974,1.48,1.13
2011.05.30 02:04:42.018,0.94953,0.94979,1.13,1.88
2011.05.30 02:04:42.133,0.94953,0.94979,1.13,1.88
2011.05.30 02:04:43.114,0.94951,0.94979,2.23,2.25
2011.05.30 02:04:43.224,0.94951,0.94974,2.23,1.13
2011.05.30 02:04:43.772,0.94951,0.94974,1.48,1.13
2011.05.30 02:04:45.972,0.94951,0.94974,1.48,1.13
2011.05.30 02:04:46.517,0.94951,0.94974,1.48,1.13
2011.05.30 02:04:49.483,0.94949,0.94976,1.48,1.13
2011.05.30 02:04:58.023,0.94949,0.94971,1.48,3.53
2011.05.30 02:04:58.135,0.94949,0.94974,1.48,1.88
2011.05.30 02:04:58.354,0.94947,0.94976,1.13,1.13
2011.05.30 02:05:00.203,0.9495,0.94976,1.13,1.13
2011.05.30 02:05:00.315,0.94948,0.94978,1.86,4.88
2011.05.30 02:05:00.863,0.9495,0.94978,1.13,4.13
2011.05.30 02:05:01.085,0.94958,0.94979,1.13,1.13
2011.05.30 02:05:01.196,0.94957,0.94979,1.50,1.13
2011.05.30 02:05:01.304,0.94954,0.94979,4.28,2.10
2011.05.30 02:05:01.413,0.94954,0.94979,1.88,1.13
2011.05.30 02:05:01.524,0.94952,0.94978,1.50,1.35
2011.05.30 02:05:01.854,0.94954,0.94978,1.50,1.73
2011.05.30 02:05:02.622,0.94954,0.94978,1.50,1.35
2011.05.30 02:05:03.063,0.94951,0.94977,1.50,4.28
2011.05.30 02:05:06.033,0.94952,0.94975,1.50,1.13
2011.05.30 02:05:06.253,0.9495,0.94975,1.48,1.13
2011.05.30 02:05:06.583,0.94949,0.94973,1.13,1.13
2011.05.30 02:05:06.912,0.94949,0.94969,1.13,1.50
2011.05.30 02:05:07.025,0.94944,0.94967,1.88,1.13
2011.05.30 02:05:07.244,0.94944,0.94966,1.88,1.50
2011.05.30 02:05:10.895,0.94948,0.94968,3.90,1.35
2011.05.30 02:05:11.443,0.94948,0.9497,3.90,1.50
2011.05.30 02:05:11.663,0.94949,0.9497,1.35,1.50
2011.05.30 02:05:11.774,0.94949,0.94978,1.35,1.50
2011.05.30 02:05:11.994,0.9494,0.94968,1.50,1.50
2011.05.30 02:05:12.435,0.94948,0.94977,2.10,1.50
2011.05.30 02:05:13.277,0.94947,0.94974,1.50,1.35
2011.05.30 02:05:13.604,0.94941,0.94971,2.10,1.50
2011.05.30 02:05:13.715,0.94944,0.94971,1.50,1.50
2011.05.30 02:05:15.012,0.94941,0.94971,2.10,1.50
2011.05.30 02:05:15.233,0.94941,0.94968,2.10,1.50
2011.05.30 02:05:15.452,0.94942,0.94968,1.50,1.50
2011.05.30 02:05:16.003,0.94942,0.94968,1.50,1.50
2011.05.30 02:05:16.333,0.94943,0.94968,1.50,1.50
2011.05.30 02:05:18.973,0.94942,0.94971,4.65,1.50
2011.05.30 02:05:19.193,0.94942,0.94968,4.65,1.50
2011.05.30 02:05:19.743,0.94942,0.94968,3.90,1.50
2011.05.30 02:05:20.293,0.94941,0.94969,1.35,1.50
2011.05.30 02:05:21.083,0.94941,0.94969,4.88,1.50
2011.05.30 02:05:21.674,0.94944,0.94973,1.50,2.10
2011.05.30 02:05:22.333,0.94944,0.94973,1.50,2.10
2011.05.30 02:05:22.773,0.94941,0.9497,1.35,1.50
2011.05.30 02:05:23.595,0.94941,0.94968,1.35,1.50
2011.05.30 02:05:24.413,0.94941,0.94968,1.35,1.50
2011.05.30 02:05:24.854,0.94941,0.94968,1.35,1.50
2011.05.30 02:05:25.370,0.94941,0.94968,1.35,1.50
2011.05.30 02:05:26.663,0.94941,0.94968,1.35,1.50
2011.05.30 02:05:29.782,0.94941,0.94968,1.35,1.50
2011.05.30 02:05:31.947,0.94949,0.94974,1.13,1.50
2011.05.30 02:05:32.503,0.94948,0.94973,1.13,1.50
2011.05.30 02:05:32.614,0.94948,0.94973,1.13,1.50
2011.05.30 02:05:32.833,0.94948,0.94975,1.13,1.50
2011.05.30 02:05:32.945,0.94946,0.9497,1.13,3.15
2011.05.30 02:05:33.275,0.94935,0.94965,1.13,1.50
2011.05.30 02:05:33.614,0.94935,0.94966,1.13,1.50
2011.05.30 02:05:34.166,0.94935,0.94961,1.13,1.50
2011.05.30 02:05:35.613,0.94935,0.94966,1.13,1.50
2011.05.30 02:05:35.833,0.94935,0.94966,1.13,1.50
2011.05.30 02:05:48.154,0.9494,0.94963,1.88,1.50
2011.05.30 02:05:48.263,0.9494,0.94963,1.88,1.50
2011.05.30 02:05:48.594,0.94941,0.94963,1.50,2.25
2011.05.30 02:05:48.815,0.94937,0.94959,1.50,1.50
2011.05.30 02:05:49.143,0.94937,0.94959,1.50,1.50
2011.05.30 02:05:49.832,0.94937,0.9496,1.50,1.50
2011.05.30 02:05:53.356,0.94937,0.9496,1.50,1.50
2011.05.30 02:05:53.463,0.94934,0.94958,1.50,1.50
2011.05.30 02:05:53.794,0.94933,0.94953,1.50,1.50
2011.05.30 02:05:59.715,0.94933,0.94953,1.50,1.50
2011.05.30 02:06:04.022,0.94933,0.94953,1.50,1.50
2011.05.30 02:06:04.355,0.9494,0.9496,1.13,1.50
2011.05.30 02:06:04.574,0.94943,0.94963,1.50,1.50
2011.05.30 02:06:09.944,0.94946,0.94967,1.50,1.50
2011.05.30 02:06:10.054,0.94946,0.94967,1.50,1.50
2011.05.30 02:06:10.273,0.94943,0.94967,1.50,1.50
2011.05.30 02:06:10.494,0.94943,0.94964,1.50,1.50
2011.05.30 02:06:12.060,0.94943,0.94964,1.50,1.50
2011.05.30 02:06:12.635,0.94945,0.94964,4.65,1.50
2011.05.30 02:06:12.853,0.94945,0.94966,1.50,1.50
2011.05.30 02:06:13.075,0.9495,0.94969,1.35,1.50
2011.05.30 02:06:13.297,0.9495,0.94971,1.35,1.50
2011.05.30 02:06:13.415,0.9495,0.94973,1.35,1.50
2011.05.30 02:06:16.223,0.9495,0.94973,1.35,1.50
2011.05.30 02:06:17.173,0.9495,0.94973,1.35,1.50
2011.05.30 02:06:20.544,0.9495,0.94973,1.35,1.50
2011.05.30 02:06:21.093,0.94943,0.94972,1.50,1.50
2011.05.30 02:06:21.313,0.94943,0.94972,2.23,2.25
2011.05.30 02:06:21.424,0.94943,0.94972,1.48,1.50
2011.05.30 02:06:23.573,0.94943,0.94972,1.48,1.50
2011.05.30 02:06:23.904,0.94945,0.94967,1.50,1.50
2011.05.30 02:06:24.260,0.94942,0.94964,1.50,1.50
2011.05.30 02:06:28.176,0.94946,0.94965,1.50,1.50
2011.05.30 02:06:28.504,0.94943,0.94963,1.50,1.50
2011.05.30 02:06:31.433,0.94947,0.94964,3.90,1.50
2011.05.30 02:06:31.654,0.94944,0.94969,1.50,1.50
2011.05.30 02:06:31.763,0.94944,0.94969,1.50,1.50
2011.05.30 02:06:34.621,0.94941,0.94966,1.50,1.50
2011.05.30 02:06:34.953,0.94941,0.94963,1.88,1.50
2011.05.30 02:06:35.284,0.94947,0.94969,1.50,1.50
2011.05.30 02:06:35.613,0.94945,0.94969,4.28,1.50
2011.05.30 02:06:39.983,0.94943,0.94969,1.50,1.50
2011.05.30 02:06:40.314,0.94942,0.94963,1.50,1.50
2011.05.30 02:06:42.675,0.94948,0.94969,1.50,1.50
2011.05.30 02:06:43.003,0.94943,0.94966,1.50,1.50
2011.05.30 02:06:43.224,0.94943,0.94963,1.50,1.50
2011.05.30 02:06:51.703,0.94942,0.94963,1.50,1.50
2011.05.30 02:06:56.921,0.94942,0.94963,1.50,1.50
2011.05.30 02:06:58.493,0.94942,0.94963,1.50,1.50
2011.05.30 02:07:03.134,0.94942,0.94963,1.50,1.50
2011.05.30 02:07:05.513,0.94942,0.94963,1.50,1.50
2011.05.30 02:07:05.624,0.94946,0.94963,4.28,1.50
2011.05.30 02:07:05.954,0.94948,0.94969,3.90,1.50
2011.05.30 02:07:06.064,0.94948,0.94969,3.90,1.50
2011.05.30 02:07:07.333,0.94949,0.94973,3.90,1.50
2011.05.30 02:07:07.553,0.94949,0.94973,3.90,1.50
2011.05.30 02:07:23.354,0.94953,0.94976,1.35,1.50
2011.05.30 02:07:23.683,0.94953,0.94976,2.10,1.50
2011.05.30 02:07:23.903,0.94953,0.94977,2.10,1.50
2011.05.30 02:07:24.453,0.9495,0.94974,1.50,1.50
2011.05.30 02:07:24.563,0.9495,0.94972,1.50,1.50
2011.05.30 02:07:28.754,0.9495,0.94975,4.28,1.50
2011.05.30 02:07:29.302,0.9495,0.94975,4.28,1.50
2011.05.30 02:07:32.643,0.9495,0.94975,3.90,1.50
2011.05.30 02:07:32.753,0.9495,0.94971,3.90,1.50
2011.05.30 02:07:33.082,0.94949,0.94971,1.35,1.50
2011.05.30 02:07:37.035,0.9495,0.94976,5.03,1.50
2011.05.30 02:07:37.253,0.94951,0.94976,1.50,1.50
2011.05.30 02:07:40.933,0.9495,0.94974,5.40,1.50
2011.05.30 02:07:41.045,0.9495,0.94973,4.65,1.35
2011.05.30 02:07:41.374,0.94944,0.94968,5.63,1.50
2011.05.30 02:07:41.703,0.94944,0.94968,5.63,1.50
2011.05.30 02:07:42.144,0.94943,0.94968,1.50,1.50
2011.05.30 02:07:42.253,0.94943,0.94964,1.50,1.50
2011.05.30 02:07:42.923,0.9494,0.94963,5.25,1.50
2011.05.30 02:07:45.903,0.9494,0.94963,5.25,1.50
2011.05.30 02:07:46.125,0.94945,0.94963,3.15,1.50
2011.05.30 02:07:46.454,0.94944,0.9497,1.13,1.50
2011.05.30 02:07:46.785,0.94949,0.9497,1.13,1.50
2011.05.30 02:07:46.894,0.94949,0.94972,1.13,1.50
2011.05.30 02:07:47.003,0.94949,0.94972,4.28,1.50
2011.05.30 02:07:47.225,0.94947,0.94968,1.50,3.90
2011.05.30 02:07:47.334,0.94946,0.94965,1.50,1.50
2011.05.30 02:07:47.663,0.94939,0.94964,4.28,1.50
2011.05.30 02:07:48.251,0.9494,0.94964,1.50,1.50
2011.05.30 02:07:48.584,0.94945,0.94967,1.13,1.50
2011.05.30 02:07:48.694,0.94945,0.9497,1.13,1.50
2011.05.30 02:07:49.868,0.9495,0.94973,1.48,3.90
2011.05.30 02:07:50.094,0.9495,0.94972,1.48,1.35
2011.05.30 02:07:50.424,0.94942,0.94971,1.50,1.35
2011.05.30 02:07:50.755,0.94947,0.94973,1.48,1.73
2011.05.30 02:07:51.555,0.94948,0.9497,1.48,2.48
2011.05.30 02:07:51.884,0.9494,0.94963,1.48,1.13
2011.05.30 02:07:56.075,0.94942,0.94965,1.13,3.53
2011.05.30 02:07:56.293,0.94945,0.94969,1.48,1.88
2011.05.30 02:07:56.825,0.94945,0.94969,1.48,1.88
2011.05.30 02:07:57.375,0.94945,0.94967,1.48,3.90
2011.05.30 02:07:57.705,0.94939,0.94963,1.48,1.73
2011.05.30 02:07:58.473,0.94937,0.94962,1.48,1.73
2011.05.30 02:07:59.581,0.94937,0.94962,1.48,1.73
2011.05.30 02:08:00.024,0.94937,0.94962,1.86,1.35
2011.05.30 02:08:00.244,0.94939,0.94968,1.86,1.35
2011.05.30 02:08:00.838,0.94941,0.94969,1.48,3.60
2011.05.30 02:08:01.185,0.94948,0.94972,1.48,1.88
2011.05.30 02:08:01.733,0.94948,0.94973,1.48,1.88
2011.05.30 02:08:02.065,0.94941,0.94968,1.48,1.50
2011.05.30 02:08:02.395,0.94937,0.94962,1.48,4.13
2011.05.30 02:08:02.613,0.94937,0.94963,1.48,2.10
2011.05.30 02:08:03.393,0.94937,0.94963,1.48,2.48
2011.05.30 02:08:04.416,0.94942,0.94968,1.48,3.23
2011.05.30 02:08:04.527,0.94942,0.94968,1.48,1.73
2011.05.30 02:08:06.324,0.94942,0.94967,1.48,3.53
2011.05.30 02:08:06.655,0.9494,0.94964,1.48,2.63
2011.05.30 02:08:06.874,0.94938,0.94962,1.48,1.13
2011.05.30 02:08:08.693,0.9494,0.94965,1.86,1.13
2011.05.30 02:08:08.803,0.9494,0.94968,1.11,2.10
2011.05.30 02:08:08.914,0.94945,0.94968,1.48,2.10
2011.05.30 02:08:09.572,0.94945,0.94968,1.48,2.10
2011.05.30 02:08:10.945,0.94939,0.94963,1.48,1.50
2011.05.30 02:08:11.530,0.94939,0.94963,1.48,1.35
2011.05.30 02:08:16.875,0.9494,0.94964,1.48,1.13
2011.05.30 02:08:17.094,0.9494,0.94965,1.48,1.13
2011.05.30 02:08:17.315,0.94944,0.94968,1.48,1.35
2011.05.30 02:08:17.535,0.94946,0.94971,1.13,1.13
2011.05.30 02:08:17.646,0.94951,0.94974,1.48,2.48
2011.05.30 02:08:17.754,0.94951,0.94974,1.48,1.13
2011.05.30 02:08:18.304,0.94953,0.94978,2.23,1.13
2011.05.30 02:08:19.877,0.94955,0.94977,1.48,1.13
2011.05.30 02:08:19.988,0.9495,0.94978,1.48,4.88
2011.05.30 02:08:20.104,0.9495,0.94974,1.48,5.03
2011.05.30 02:08:20.434,0.94951,0.94967,1.48,1.13
2011.05.30 02:08:20.545,0.94946,0.94967,1.48,1.13
2011.05.30 02:08:20.764,0.94943,0.94967,1.48,1.13
2011.05.30 02:08:21.423,0.94943,0.94968,1.48,1.50
2011.05.30 02:08:23.033,0.94943,0.94968,1.13,1.50
2011.05.30 02:08:23.146,0.94943,0.94968,1.13,1.13
2011.05.30 02:08:25.225,0.94948,0.94972,1.48,1.35
2011.05.30 02:08:25.555,0.94947,0.94967,1.48,2.48
2011.05.30 02:08:25.773,0.94943,0.94967,1.48,2.48
2011.05.30 02:08:26.996,0.94936,0.94963,2.23,1.13
2011.05.30 02:08:27.324,0.94938,0.94956,1.48,4.50
2011.05.30 02:08:27.434,0.94937,0.94956,1.48,4.13
2011.05.30 02:08:28.242,0.94939,0.94961,1.48,1.73
2011.05.30 02:08:32.393,0.94938,0.9496,1.48,1.35
2011.05.30 02:08:32.504,0.94935,0.94958,1.48,3.90
2011.05.30 02:08:32.615,0.94932,0.94958,2.23,4.65
2011.05.30 02:08:32.724,0.94935,0.94957,1.48,1.13
2011.05.30 02:08:38.331,0.94935,0.94958,1.48,4.65
2011.05.30 02:08:38.444,0.94935,0.94958,1.48,4.28
2011.05.30 02:08:39.323,0.94939,0.94963,1.48,1.88
2011.05.30 02:08:39.433,0.94936,0.9496,1.50,1.35
2011.05.30 02:08:39.544,0.94934,0.94958,1.48,3.90
2011.05.30 02:08:39.654,0.94934,0.94958,1.48,4.65
2011.05.30 02:08:40.113,0.94934,0.9496,1.48,5.25
2011.05.30 02:08:40.224,0.94934,0.9496,1.48,4.13
2011.05.30 02:08:40.335,0.94942,0.94957,1.48,3.15
2011.05.30 02:08:40.444,0.94942,0.94968,2.23,3.15
2011.05.30 02:08:41.013,0.94942,0.94974,1.48,4.50
2011.05.30 02:08:41.344,0.94938,0.94959,3.90,2.85
2011.05.30 02:08:41.564,0.94926,0.94952,1.48,3.75
2011.05.30 02:08:42.294,0.94926,0.94952,1.48,3.75
2011.05.30 02:08:57.015,0.94924,0.94952,1.48,4.50
2011.05.30 02:08:57.237,0.94922,0.94948,2.23,3.90
2011.05.30 02:08:57.783,0.94922,0.94948,1.48,3.90
2011.05.30 02:08:59.664,0.94922,0.94947,1.48,1.50
2011.05.30 02:09:01.736,0.94921,0.94948,1.48,3.90
2011.05.30 02:09:01.845,0.94921,0.94949,1.86,1.50
2011.05.30 02:09:02.176,0.9492,0.94951,1.86,1.13
2011.05.30 02:09:02.287,0.94923,0.94952,1.13,3.90
2011.05.30 02:09:02.505,0.94926,0.94954,1.13,1.13
2011.05.30 02:09:03.055,0.94928,0.94953,1.13,1.88
2011.05.30 02:09:03.386,0.94927,0.94951,1.13,1.13
2011.05.30 02:09:04.862,0.94927,0.94957,1.13,5.40
2011.05.30 02:09:04.967,0.94934,0.94947,1.48,1.50
2011.05.30 02:09:05.195,0.94925,0.94948,2.23,1.13
2011.05.30 02:09:05.524,0.94925,0.94952,1.48,4.50
2011.05.30 02:09:08.424,0.94925,0.94954,1.48,3.15
2011.05.30 02:09:08.535,0.94927,0.94954,1.48,3.15
2011.05.30 02:09:08.753,0.94936,0.9496,1.48,3.15
2011.05.30 02:09:09.303,0.94936,0.94959,1.48,3.15
2011.05.30 02:09:09.524,0.94923,0.94959,4.63,3.15
2011.05.30 02:09:09.635,0.94922,0.94946,1.48,3.15
2011.05.30 02:09:10.183,0.9492,0.94946,1.48,3.15
2011.05.30 02:09:10.513,0.9492,0.94951,1.48,3.90
2011.05.30 02:09:13.732,0.9492,0.94951,1.48,3.90
2011.05.30 02:09:17.114,0.9492,0.94951,1.48,3.90
2011.05.30 02:09:17.775,0.94921,0.94951,1.48,3.15
2011.05.30 02:09:19.203,0.9492,0.94951,2.23,3.90
2011.05.30 02:09:25.674,0.9492,0.94951,1.48,3.90
2011.05.30 02:09:25.893,0.9492,0.94951,1.48,3.90
2011.05.30 02:09:26.114,0.94921,0.94951,1.48,3.15
2011.05.30 02:09:26.944,0.94921,0.94951,1.48,3.15
2011.05.30 02:09:27.163,0.94921,0.94951,1.48,3.15
2011.05.30 02:09:31.575,0.9492,0.94951,2.23,3.90
2011.05.30 02:09:31.685,0.94918,0.94946,1.48,4.50
2011.05.30 02:09:32.233,0.94918,0.94946,1.48,3.75
2011.05.30 02:09:35.194,0.94918,0.94946,1.48,4.50
2011.05.30 02:09:35.306,0.94914,0.94945,1.33,1.50
2011.05.30 02:09:35.523,0.94914,0.94945,2.08,1.50
2011.05.30 02:09:46.795,0.94916,0.94946,1.48,4.50
2011.05.30 02:09:49.455,0.94916,0.94946,1.48,4.50
2011.05.30 02:09:49.674,0.94915,0.94946,1.50,5.25
2011.05.30 02:09:50.271,0.94914,0.94945,2.08,1.50
2011.05.30 02:09:51.754,0.94915,0.94946,1.48,4.50
2011.05.30 02:09:59.414,0.94918,0.94946,1.48,1.35
2011.05.30 02:10:05.476,0.94916,0.94946,1.48,1.35
2011.05.30 02:10:05.695,0.94915,0.94945,1.48,4.65
2011.05.30 02:10:05.803,0.94915,0.94945,1.48,4.65
2011.05.30 02:10:07.347,0.94916,0.94946,1.48,4.50
2011.05.30 02:10:07.564,0.94914,0.94946,2.83,1.35
2011.05.30 02:10:07.783,0.94916,0.94947,1.48,3.75
2011.05.30 02:10:09.643,0.94916,0.94947,1.48,3.75
2011.05.30 02:10:14.193,0.9492,0.94947,1.48,3.75
2011.05.30 02:10:16.605,0.9492,0.94947,1.48,3.75
2011.05.30 02:10:17.153,0.9492,0.94947,1.48,3.75
2011.05.30 02:10:21.344,0.94919,0.94946,1.48,1.35
2011.05.30 02:10:21.673,0.94916,0.9494,1.50,1.50
2011.05.30 02:10:23.224,0.94916,0.94943,1.50,1.50
2011.05.30 02:10:26.524,0.94914,0.94946,1.35,2.10
2011.05.30 02:10:26.633,0.94914,0.94946,4.50,2.10
2011.05.30 02:10:26.745,0.94918,0.94946,1.35,1.50
2011.05.30 02:10:27.076,0.9492,0.94948,1.48,3.15
2011.05.30 02:10:27.625,0.94923,0.94948,1.48,3.15
2011.05.30 02:10:28.174,0.94924,0.94949,1.48,3.90
2011.05.30 02:10:29.824,0.94919,0.94949,1.48,4.65
2011.05.30 02:10:30.153,0.94919,0.94949,1.48,4.65
2011.05.30 02:10:35.154,0.94918,0.94949,1.33,3.90
2011.05.30 02:10:35.483,0.94919,0.9495,1.48,1.50
2011.05.30 02:10:36.955,0.94928,0.9495,1.35,1.50
2011.05.30 02:10:37.287,0.94929,0.94959,1.35,1.50
2011.05.30 02:10:37.504,0.94932,0.94961,2.08,3.15
2011.05.30 02:10:38.054,0.94932,0.9496,1.35,2.70
2011.05.30 02:10:38.164,0.94927,0.9495,3.90,1.35
2011.05.30 02:10:38.274,0.94918,0.9495,2.25,5.25
2011.05.30 02:10:38.493,0.94916,0.9495,5.25,5.25
2011.05.30 02:10:38.604,0.94916,0.9495,5.25,4.50
2011.05.30 02:10:39.236,0.94917,0.94947,1.48,3.15
2011.05.30 02:10:40.210,0.94919,0.94947,1.48,3.15
2011.05.30 02:10:40.434,0.9492,0.94951,1.48,4.50
2011.05.30 02:10:40.765,0.94921,0.94951,1.33,3.15
2011.05.30 02:10:40.876,0.94925,0.94954,2.08,3.90
2011.05.30 02:10:46.873,0.94925,0.94954,1.35,3.90
2011.05.30 02:10:54.197,0.94925,0.94953,1.35,1.50
2011.05.30 02:10:54.832,0.94925,0.94954,1.35,4.65
2011.05.30 02:10:55.765,0.94925,0.94954,1.35,3.15
2011.05.30 02:10:55.984,0.94925,0.94954,1.35,3.15
2011.05.30 02:10:56.427,0.9493,0.9496,4.86,1.50
2011.05.30 02:10:56.536,0.94934,0.94963,1.73,1.88
2011.05.30 02:10:56.645,0.94935,0.94963,1.48,1.13
2011.05.30 02:10:57.204,0.94936,0.94967,1.48,3.90
2011.05.30 02:10:57.535,0.94929,0.94953,1.48,3.15
2011.05.30 02:10:57.645,0.94928,0.94953,1.48,3.15
2011.05.30 02:10:58.193,0.94929,0.94953,1.48,3.15
2011.05.30 02:11:04.003,0.94928,0.94953,2.23,3.90
2011.05.30 02:11:10.594,0.94923,0.94953,1.48,3.90
2011.05.30 02:11:10.707,0.94922,0.94949,2.08,1.50
2011.05.30 02:11:20.914,0.94921,0.94948,1.50,2.10
2011.05.30 02:11:21.133,0.94916,0.94943,2.23,3.75
2011.05.30 02:11:25.074,0.94916,0.94943,2.23,3.90
2011.05.30 02:11:28.114,0.94916,0.94943,1.48,4.50
2011.05.30 02:11:30.485,0.94916,0.94938,1.48,3.15
2011.05.30 02:11:30.925,0.94913,0.94938,1.48,6.00
2011.05.30 02:11:32.305,0.94906,0.94936,2.08,3.90
2011.05.30 02:11:32.414,0.94906,0.94932,1.48,3.75
2011.05.30 02:11:32.964,0.94905,0.94932,2.23,4.50
2011.05.30 02:11:33.364,0.94906,0.94932,1.48,4.50
2011.05.30 02:11:33.806,0.9491,0.94932,1.48,3.90
2011.05.30 02:11:33.915,0.9491,0.94938,1.48,4.65
2011.05.30 02:11:34.024,0.9491,0.94938,1.48,4.65
2011.05.30 02:11:35.094,0.9491,0.94934,1.48,1.13
2011.05.30 02:11:36.648,0.94907,0.94934,1.50,5.40
2011.05.30 02:11:36.873,0.94897,0.94923,2.23,1.50
2011.05.30 02:11:37.545,0.94897,0.94923,2.23,2.63
2011.05.30 02:11:38.094,0.94899,0.94922,1.48,1.13
2011.05.30 02:11:38.664,0.94899,0.94923,1.48,5.78
2011.05.30 02:11:39.243,0.94903,0.94923,1.13,5.03
2011.05.30 02:11:39.466,0.94903,0.94927,1.13,1.13
2011.05.30 02:11:39.578,0.94901,0.94923,1.48,1.73
2011.05.30 02:11:39.805,0.94901,0.94923,1.50,2.25
2011.05.30 02:11:40.354,0.94905,0.9492,1.50,4.28
2011.05.30 02:11:40.465,0.94905,0.9492,2.23,1.13
2011.05.30 02:11:40.795,0.94903,0.94921,1.48,1.13
2011.05.30 02:11:41.014,0.94901,0.9492,1.50,3.53
2011.05.30 02:11:41.125,0.94902,0.9492,1.48,3.15
2011.05.30 02:11:41.233,0.94902,0.94926,1.48,2.48
2011.05.30 02:11:41.784,0.94906,0.94926,1.50,2.10
2011.05.30 02:11:41.895,0.94907,0.94927,1.13,4.28
2011.05.30 02:11:42.005,0.94909,0.94927,1.48,5.25
2011.05.30 02:11:42.334,0.94906,0.94927,1.50,4.13
2011.05.30 02:11:42.883,0.94905,0.94928,1.48,1.73
2011.05.30 02:11:44.504,0.94905,0.94927,1.48,1.35
2011.05.30 02:11:44.614,0.94902,0.94923,1.50,1.50
2011.05.30 02:11:44.833,0.94901,0.94923,1.48,2.25
2011.05.30 02:11:44.944,0.94901,0.94923,1.48,2.25
2011.05.30 02:11:45.274,0.94901,0.94919,1.48,1.50
2011.05.30 02:11:46.284,0.94894,0.94918,1.48,2.63
2011.05.30 02:11:46.814,0.94894,0.94918,1.48,2.63
2011.05.30 02:11:47.827,0.94894,0.94918,1.48,2.63
2011.05.30 02:11:48.154,0.94894,0.94918,1.48,2.63
2011.05.30 02:11:48.594,0.94894,0.94918,1.48,2.63
2011.05.30 02:11:49.406,0.949,0.94918,1.48,1.50
2011.05.30 02:11:50.011,0.949,0.94919,1.48,1.13
2011.05.30 02:11:52.423,0.949,0.94919,1.48,5.25
2011.05.30 02:11:52.534,0.94893,0.94919,1.48,5.25
2011.05.30 02:11:53.303,0.94893,0.94917,1.48,1.50
2011.05.30 02:11:55.054,0.94893,0.94917,1.48,1.50
2011.05.30 02:11:55.274,0.94893,0.94917,1.48,1.50
2011.05.30 02:11:57.055,0.94893,0.94917,1.48,1.50
2011.05.30 02:11:57.274,0.94893,0.94919,1.48,3.60
2011.05.30 02:11:57.824,0.94893,0.94918,1.48,1.13
2011.05.30 02:11:57.934,0.94893,0.94917,1.48,1.50
2011.05.30 02:11:58.667,0.94898,0.9492,1.48,1.35
2011.05.30 02:11:59.624,0.94896,0.94918,1.50,1.88
2011.05.30 02:11:59.736,0.94894,0.94917,1.48,1.13
2011.05.30 02:11:59.845,0.94897,0.94918,1.48,1.13
2011.05.30 02:12:00.173,0.94899,0.94922,1.48,3.53
2011.05.30 02:12:00.394,0.94901,0.94923,3.90,1.88
2011.05.30 02:12:00.958,0.94915,0.94925,1.48,1.50
2011.05.30 02:12:01.071,0.94919,0.94952,3.15,1.50
2011.05.30 02:12:01.186,0.9492,0.94953,3.88,1.50
2011.05.30 02:12:01.515,0.94928,0.94958,1.88,2.25
2011.05.30 02:12:01.624,0.94932,0.94961,1.11,4.65
2011.05.30 02:12:01.844,0.94929,0.94958,1.11,3.90
2011.05.30 02:12:02.064,0.94925,0.94956,1.48,3.90
2011.05.30 02:12:02.772,0.94925,0.94955,1.48,3.90
2011.05.30 02:12:05.855,0.94925,0.94955,1.48,3.90
2011.05.30 02:12:06.734,0.94924,0.94955,1.48,4.65
2011.05.30 02:12:09.244,0.94924,0.94955,1.48,4.65
2011.05.30 02:12:09.576,0.94913,0.94947,3.88,2.25
2011.05.30 02:12:09.684,0.94913,0.94947,3.88,1.50
2011.05.30 02:12:11.044,0.94918,0.94947,1.48,3.90
2011.05.30 02:12:11.594,0.9492,0.94947,1.48,3.90
2011.05.30 02:12:14.923,0.9492,0.94945,1.48,3.15
2011.05.30 02:12:15.145,0.9492,0.9495,1.48,3.90
2011.05.30 02:12:15.364,0.94922,0.9495,1.48,3.90
2011.05.30 02:12:15.804,0.94922,0.94955,1.48,3.90
2011.05.30 02:12:15.914,0.94925,0.94955,1.48,3.90
2011.05.30 02:12:16.468,0.94925,0.94954,1.48,3.15
2011.05.30 02:12:18.755,0.94924,0.94954,1.48,1.50
2011.05.30 02:12:19.194,0.94921,0.94953,1.48,4.65
2011.05.30 02:12:25.624,0.94919,0.94951,3.88,2.25
2011.05.30 02:12:25.845,0.94918,0.94947,1.48,3.15
2011.05.30 02:12:30.845,0.94913,0.94947,3.90,3.90
2011.05.30 02:12:30.954,0.94913,0.94941,3.90,2.25
2011.05.30 02:12:31.284,0.94905,0.94932,1.48,3.15
2011.05.30 02:12:31.614,0.94905,0.94932,1.48,3.15
2011.05.30 02:12:32.678,0.94905,0.94932,1.48,3.15
2011.05.30 02:12:33.566,0.94902,0.94929,1.50,1.35
2011.05.30 02:12:33.674,0.94899,0.94929,1.48,1.35
2011.05.30 02:12:33.784,0.94901,0.94929,1.48,3.75
2011.05.30 02:12:34.864,0.94902,0.9493,2.23,3.75
2011.05.30 02:12:36.534,0.94904,0.9493,1.48,3.75
2011.05.30 02:12:37.084,0.94905,0.94931,1.48,3.75
2011.05.30 02:12:37.194,0.94905,0.94931,1.48,3.15
2011.05.30 02:12:38.414,0.94905,0.94931,1.48,3.53
2011.05.30 02:12:39.684,0.94906,0.94931,1.11,3.15
2011.05.30 02:12:39.794,0.94912,0.94936,1.48,4.50
2011.05.30 02:12:40.345,0.94912,0.94936,1.48,1.35
2011.05.30 02:12:44.373,0.94912,0.94939,1.48,1.35
2011.05.30 02:12:44.704,0.94912,0.94939,1.48,1.35
2011.05.30 02:12:45.959,0.94915,0.9494,1.48,5.03
2011.05.30 02:12:46.078,0.94916,0.9494,1.48,3.53
2011.05.30 02:12:46.884,0.94916,0.94944,1.48,6.38
2011.05.30 02:12:47.104,0.94916,0.94944,1.48,6.38
2011.05.30 02:12:47.763,0.94918,0.94944,1.48,5.63
2011.05.30 02:12:48.627,0.9492,0.94944,1.13,1.13
2011.05.30 02:12:48.847,0.94923,0.94949,1.13,1.13
2011.05.30 02:12:48.956,0.94925,0.94952,1.48,1.13
2011.05.30 02:12:49.066,0.94925,0.94955,1.48,2.10
2011.05.30 02:12:49.724,0.94931,0.94955,1.48,1.35
2011.05.30 02:12:49.946,0.94931,0.94955,1.48,1.35
2011.05.30 02:12:56.806,0.94926,0.94955,1.48,1.73
2011.05.30 02:12:57.134,0.94926,0.94952,1.48,4.28
2011.05.30 02:12:57.814,0.94932,0.94956,1.48,1.73
2011.05.30 02:12:58.037,0.9493,0.94963,3.88,1.35
2011.05.30 02:12:58.256,0.9493,0.94964,3.88,3.90
2011.05.30 02:12:58.475,0.9493,0.94959,3.15,1.50
2011.05.30 02:12:58.694,0.94932,0.94966,3.88,1.50
2011.05.30 02:12:58.805,0.94931,0.94958,1.48,3.15
2011.05.30 02:12:58.914,0.94924,0.94958,2.23,4.65
2011.05.30 02:12:59.464,0.94919,0.94947,1.48,3.15
2011.05.30 02:12:59.794,0.94915,0.94944,1.48,3.15
2011.05.30 02:13:00.456,0.94919,0.94952,3.15,1.50
2011.05.30 02:13:00.565,0.94919,0.94945,1.48,3.15
2011.05.30 02:13:00.894,0.94918,0.94947,1.48,3.15
2011.05.30 02:13:01.224,0.94924,0.94944,1.48,3.15
2011.05.30 02:13:01.443,0.94924,0.9495,1.48,3.15
2011.05.30 02:13:01.665,0.94922,0.9495,1.48,3.15
2011.05.30 02:13:01.774,0.94922,0.94953,1.48,3.15
2011.05.30 02:13:02.516,0.94924,0.94953,1.48,3.15
2011.05.30 02:13:02.734,0.94922,0.94953,1.48,3.15
2011.05.30 02:13:02.954,0.94922,0.94948,1.48,3.15
2011.05.30 02:13:05.285,0.94922,0.94948,1.48,3.15
2011.05.30 02:13:05.505,0.94926,0.94953,1.48,3.90
2011.05.30 02:13:06.054,0.94924,0.94953,1.48,3.90
2011.05.30 02:13:06.164,0.94924,0.94951,1.48,3.15
2011.05.30 02:13:06.746,0.94924,0.94951,1.48,4.50
2011.05.30 02:13:10.755,0.94922,0.94946,1.48,3.15
2011.05.30 02:13:11.085,0.94919,0.94943,2.23,3.15
2011.05.30 02:13:11.195,0.94919,0.94943,1.50,3.90
2011.05.30 02:13:13.188,0.94918,0.94943,1.48,3.90
2011.05.30 02:13:13.876,0.94917,0.94943,1.48,3.15
2011.05.30 02:13:13.985,0.94917,0.94947,1.48,1.35
2011.05.30 02:13:14.097,0.9492,0.94949,1.48,1.50
2011.05.30 02:13:14.711,0.94922,0.94951,1.48,1.35
2011.05.30 02:13:15.155,0.94924,0.94948,1.48,3.15
2011.05.30 02:13:15.264,0.94923,0.94948,1.48,3.15
2011.05.30 02:13:17.564,0.94924,0.94948,1.48,3.15
2011.05.30 02:13:17.895,0.94925,0.94949,1.48,3.90
2011.05.30 02:13:18.334,0.94925,0.94949,1.48,3.90
2011.05.30 02:13:18.664,0.94925,0.94946,1.48,1.35
2011.05.30 02:13:19.365,0.94926,0.94944,2.23,1.50
2011.05.30 02:13:19.476,0.94926,0.94954,2.23,1.50
2011.05.30 02:13:19.586,0.94925,0.94958,2.98,4.65
2011.05.30 02:13:19.805,0.94927,0.94958,1.48,3.90
2011.05.30 02:13:20.315,0.94924,0.94947,1.48,1.50
2011.05.30 02:13:20.425,0.94922,0.94946,1.48,1.50
2011.05.30 02:13:20.534,0.94922,0.94942,1.48,3.15
2011.05.30 02:13:20.754,0.94916,0.94945,1.48,4.65
2011.05.30 02:13:21.193,0.94916,0.94945,1.48,4.65
2011.05.30 02:13:21.524,0.94926,0.94945,3.08,3.15
2011.05.30 02:13:21.855,0.94929,0.94959,1.50,3.90
2011.05.30 02:13:22.185,0.94934,0.94963,1.48,1.50
2011.05.30 02:13:22.513,0.94932,0.94963,3.90,2.25
2011.05.30 02:13:22.623,0.94932,0.94962,3.90,1.50
2011.05.30 02:13:24.114,0.94932,0.94961,1.48,3.15
2011.05.30 02:13:35.605,0.94932,0.94961,1.48,3.15
2011.05.30 02:13:35.824,0.94932,0.94963,1.48,3.90
2011.05.30 02:13:36.373,0.94932,0.94961,1.48,3.15
2011.05.30 02:13:40.074,0.94928,0.94961,2.98,3.90
2011.05.30 02:13:41.387,0.94928,0.94961,2.23,3.90
2011.05.30 02:13:44.580,0.94933,0.94961,1.13,1.50
2011.05.30 02:13:44.699,0.94939,0.9497,1.48,3.90
2011.05.30 02:13:45.144,0.94935,0.94969,4.63,4.65
2011.05.30 02:13:45.695,0.94932,0.94967,1.48,4.65
2011.05.30 02:13:48.908,0.94931,0.9496,1.48,3.15
2011.05.30 02:13:49.136,0.94922,0.94958,5.38,4.65
2011.05.30 02:13:49.245,0.94927,0.94956,1.48,3.15
2011.05.30 02:13:49.354,0.94927,0.9496,5.38,1.50
2011.05.30 02:13:49.575,0.94928,0.94963,1.48,3.90
2011.05.30 02:13:49.684,0.94931,0.94963,1.48,3.90
2011.05.30 02:13:49.793,0.9493,0.94963,1.48,3.90
2011.05.30 02:13:50.644,0.94929,0.94962,3.88,1.50
2011.05.30 02:13:51.084,0.9493,0.94962,3.90,1.50
2011.05.30 02:13:51.731,0.94932,0.94965,1.48,5.40
2011.05.30 02:13:52.179,0.94939,0.94965,1.50,4.65
2011.05.30 02:13:52.405,0.9494,0.94968,3.90,1.50
2011.05.30 02:13:52.955,0.94941,0.94968,3.15,1.50
2011.05.30 02:13:54.091,0.94939,0.94968,4.65,1.50
2011.05.30 02:13:57.573,0.9494,0.94968,1.13,1.50
2011.05.30 02:13:57.904,0.94947,0.94971,4.13,1.50
2011.05.30 02:13:58.235,0.94951,0.94973,5.25,1.50
2011.05.30 02:13:58.345,0.94952,0.94979,1.73,1.50
2011.05.30 02:13:59.234,0.94952,0.94976,1.35,1.50
2011.05.30 02:13:59.845,0.94951,0.94973,3.75,1.50
2011.05.30 02:14:00.394,0.94947,0.94974,5.63,1.50
2011.05.30 02:14:01.637,0.94951,0.94979,4.13,2.25
2011.05.30 02:14:02.425,0.9495,0.94977,1.73,1.50
2011.05.30 02:14:02.753,0.94947,0.94974,2.48,1.50
2011.05.30 02:14:12.914,0.94947,0.94974,2.48,1.50
2011.05.30 02:14:14.115,0.94948,0.94978,4.13,2.25
2011.05.30 02:14:14.338,0.94955,0.94984,1.33,4.28
2011.05.30 02:14:14.454,0.94955,0.94984,1.33,1.13
2011.05.30 02:14:18.385,0.94961,0.94983,1.35,2.25
2011.05.30 02:14:19.664,0.94961,0.94983,1.35,1.50
2011.05.30 02:14:22.615,0.94962,0.94983,1.13,1.50
2011.05.30 02:14:22.945,0.94962,0.94986,1.73,2.25
2011.05.30 02:14:23.725,0.9497,0.94988,1.35,1.50
2011.05.30 02:14:23.944,0.9497,0.9499,1.35,2.25
2011.05.30 02:14:24.627,0.9497,0.9499,1.35,2.25
2011.05.30 02:14:25.064,0.94965,0.94986,1.35,1.50
2011.05.30 02:14:26.025,0.94965,0.94986,1.35,1.50
2011.05.30 02:14:26.686,0.94969,0.94988,1.73,1.50
2011.05.30 02:14:26.905,0.94969,0.94992,1.73,2.25
2011.05.30 02:14:27.124,0.9497,0.94992,1.35,1.50
2011.05.30 02:14:30.564,0.9497,0.94993,1.35,1.50
2011.05.30 02:14:30.783,0.9497,0.94994,1.35,1.50
2011.05.30 02:14:31.113,0.9497,0.94995,1.35,1.88
2011.05.30 02:14:31.334,0.9497,0.94995,1.35,2.63
2011.05.30 02:14:35.925,0.94967,0.9499,1.35,1.13
2011.05.30 02:14:36.256,0.94969,0.94987,1.73,1.50
2011.05.30 02:14:36.365,0.94969,0.94993,1.73,1.50
2011.05.30 02:14:36.474,0.94971,0.94995,1.13,1.88
2011.05.30 02:14:37.023,0.94971,0.94995,1.13,2.63
2011.05.30 02:14:38.115,0.94971,0.94996,1.13,2.25
2011.05.30 02:14:38.444,0.94971,0.94997,1.13,1.13
2011.05.30 02:14:38.665,0.94971,0.94997,1.13,1.13
2011.05.30 02:14:40.594,0.94976,0.95,1.13,1.50
2011.05.30 02:14:41.164,0.94976,0.94996,1.13,1.50
2011.05.30 02:14:42.355,0.94979,0.94996,1.35,1.50
2011.05.30 02:14:42.575,0.94982,0.95007,1.73,4.28
2011.05.30 02:14:42.684,0.94982,0.95008,1.73,1.88
2011.05.30 02:14:43.233,0.94982,0.95008,1.73,1.13
2011.05.30 02:14:43.564,0.94989,0.95008,2.10,1.13
2011.05.30 02:14:46.993,0.94989,0.95006,2.10,1.50
2011.05.30 02:14:50.284,0.94989,0.95003,2.10,1.50
2011.05.30 02:14:51.169,0.94989,0.95003,2.10,1.50
2011.05.30 02:14:51.395,0.94986,0.95003,1.35,1.88
2011.05.30 02:14:51.506,0.94981,0.95001,2.10,2.25
2011.05.30 02:14:55.911,0.94988,0.95005,1.35,1.13
2011.05.30 02:14:56.315,0.94988,0.95006,2.10,1.50
2011.05.30 02:14:56.644,0.9499,0.95008,1.35,1.13
2011.05.30 02:14:57.303,0.94994,0.95009,1.35,1.88
2011.05.30 02:15:01.155,0.94994,0.95009,1.35,1.13
2011.05.30 02:15:01.943,0.94994,0.95009,1.35,1.13
2011.05.30 02:15:04.154,0.94994,0.95009,1.35,1.13
2011.05.30 02:15:05.675,0.94988,0.95005,2.85,1.13
2011.05.30 02:15:15.996,0.94986,0.95005,1.35,1.13
2011.05.30 02:15:17.061,0.94992,0.95009,1.35,1.50
2011.05.30 02:15:28.604,0.94991,0.9501,1.35,1.50
2011.05.30 02:15:29.864,0.94988,0.95008,1.35,1.13
2011.05.30 02:15:30.194,0.94986,0.95003,2.10,1.50
2011.05.30 02:15:34.483,0.94982,0.95003,1.13,1.50
2011.05.30 02:15:35.835,0.9498,0.95002,1.35,1.13
2011.05.30 02:15:36.523,0.94974,0.94998,1.73,1.50
2011.05.30 02:15:38.584,0.94976,0.94998,1.13,1.50
2011.05.30 02:15:43.526,0.94974,0.94996,1.35,1.13
2011.05.30 02:15:43.634,0.94974,0.94996,1.35,1.13
2011.05.30 02:15:43.744,0.94974,0.94995,1.35,1.50
2011.05.30 02:15:44.354,0.94974,0.94995,1.35,1.50
2011.05.30 02:15:44.926,0.94974,0.94996,1.35,1.88
2011.05.30 02:15:47.015,0.94974,0.94996,1.35,1.13
2011.05.30 02:15:48.227,0.94972,0.94998,1.35,1.13
2011.05.30 02:15:48.554,0.94974,0.94998,1.35,1.13
2011.05.30 02:15:50.824,0.94975,0.95,1.13,2.25
2011.05.30 02:15:50.934,0.94972,0.95001,2.46,1.13
2011.05.30 02:15:51.045,0.94974,0.95,3.75,1.13
2011.05.30 02:15:51.374,0.94974,0.95,1.35,1.13
2011.05.30 02:15:52.517,0.94974,0.95,1.35,1.13
2011.05.30 02:15:54.355,0.94974,0.95,1.35,1.88
2011.05.30 02:15:54.575,0.94974,0.95,1.35,1.13
2011.05.30 02:15:56.534,0.94974,0.95,1.35,1.13
2011.05.30 02:15:57.414,0.94974,0.95,1.35,1.13
2011.05.30 02:16:03.645,0.94974,0.94997,1.35,1.13
2011.05.30 02:16:08.194,0.94974,0.95,1.35,1.13
2011.05.30 02:16:11.189,0.94974,0.94998,1.35,1.13
2011.05.30 02:16:16.365,0.9497,0.94998,1.48,3.90
2011.05.30 02:16:16.913,0.94969,0.94997,1.35,1.50
2011.05.30 02:16:17.605,0.94969,0.94994,1.35,1.88
2011.05.30 02:16:17.825,0.94969,0.94998,1.35,2.25
2011.05.30 02:16:18.264,0.94969,0.94994,1.35,1.88
2011.05.30 02:16:18.934,0.94969,0.94994,1.35,1.13
2011.05.30 02:16:28.795,0.94969,0.94992,1.35,1.50
2011.05.30 02:16:31.614,0.94969,0.94992,1.35,1.50
2011.05.30 02:16:31.946,0.94969,0.94992,1.35,1.50
2011.05.30 02:16:32.495,0.94969,0.94994,1.35,1.13
2011.05.30 02:16:32.605,0.9497,0.94999,1.48,2.63
2011.05.30 02:16:36.553,0.94971,0.94999,1.48,1.13
2011.05.30 02:16:36.774,0.94975,0.95001,2.08,1.13
2011.05.30 02:16:37.104,0.94975,0.95001,2.08,1.13
2011.05.30 02:16:42.937,0.94975,0.95001,2.08,1.13
2011.05.30 02:16:43.154,0.94975,0.95001,2.08,1.13
2011.05.30 02:16:52.949,0.94977,0.95001,1.13,1.88
2011.05.30 02:16:54.994,0.94976,0.95001,1.13,1.50
2011.05.30 02:16:55.324,0.9498,0.95001,1.35,1.50
2011.05.30 02:16:55.435,0.9498,0.95005,1.35,1.13
2011.05.30 02:16:56.995,0.9498,0.95005,1.35,1.13
2011.05.30 02:16:57.104,0.9498,0.95005,1.35,1.13
2011.05.30 02:16:57.324,0.9498,0.95005,1.35,1.13
2011.05.30 02:16:57.894,0.9498,0.95005,1.35,1.13
2011.05.30 02:17:04.535,0.9498,0.95005,1.35,1.13
2011.05.30 02:17:09.825,0.9498,0.95002,1.35,1.50
2011.05.30 02:17:09.934,0.9498,0.95,1.35,1.13
2011.05.30 02:17:10.484,0.94972,0.94996,1.35,1.13
2011.05.30 02:17:11.145,0.94972,0.94996,1.35,1.13
2011.05.30 02:17:13.954,0.94972,0.94996,1.73,1.13
2011.05.30 02:17:14.284,0.94972,0.94998,1.73,1.13
2011.05.30 02:17:19.029,0.94972,0.94996,1.73,1.13
2011.05.30 02:17:19.253,0.94972,0.94996,1.73,1.13
2011.05.30 02:17:19.825,0.94972,0.94998,1.35,1.13
2011.05.30 02:17:20.044,0.94972,0.94998,1.35,1.13
2011.05.30 02:17:22.404,0.94972,0.94998,1.35,1.13
2011.05.30 02:17:24.324,0.94972,0.94998,1.35,1.13
2011.05.30 02:17:30.575,0.94972,0.94998,1.73,1.13
2011.05.30 02:17:32.135,0.94972,0.94998,1.73,1.13
2011.05.30 02:17:34.296,0.94972,0.94998,1.73,1.13
2011.05.30 02:17:34.995,0.94972,0.94998,1.73,1.13
2011.05.30 02:17:35.434,0.94972,0.94998,1.73,1.13
2011.05.30 02:17:36.866,0.94972,0.94998,1.73,1.13
2011.05.30 02:17:37.084,0.94972,0.94998,1.73,1.13
2011.05.30 02:17:37.414,0.94972,0.94994,1.73,1.50
2011.05.30 02:17:38.309,0.94972,0.94994,1.73,1.50
2011.05.30 02:17:38.815,0.94972,0.94994,1.73,1.50
2011.05.30 02:17:42.804,0.94972,0.94994,1.73,1.50
2011.05.30 02:17:46.546,0.94972,0.94995,1.35,1.88
2011.05.30 02:17:46.764,0.94972,0.94997,1.35,1.13
2011.05.30 02:17:46.875,0.94972,0.94997,1.35,1.13
2011.05.30 02:17:47.314,0.94972,0.94997,1.35,1.13
2011.05.30 02:18:06.198,0.94972,0.94997,1.35,1.13
2011.05.30 02:18:07.975,0.94972,0.94997,1.35,1.13
2011.05.30 02:18:08.525,0.94972,0.94995,1.35,1.13
2011.05.30 02:18:08.744,0.94972,0.94995,1.35,1.13
2011.05.30 02:18:10.205,0.94971,0.94995,1.13,1.13
2011.05.30 02:18:11.306,0.94971,0.94995,1.13,1.88
2011.05.30 02:18:11.420,0.94971,0.94995,1.13,1.88
2011.05.30 02:18:11.537,0.94971,0.94995,1.13,1.88
2011.05.30 02:18:16.284,0.94971,0.94995,1.13,1.88
2011.05.30 02:18:16.835,0.94971,0.94995,1.13,1.88
2011.05.30 02:18:24.023,0.94971,0.94995,1.13,1.88
2011.05.30 02:18:24.794,0.94971,0.94994,1.13,1.50
2011.05.30 02:18:29.754,0.94971,0.94994,1.13,1.50
2011.05.30 02:18:47.713,0.94971,0.94994,1.13,1.50
2011.05.30 02:18:48.665,0.94971,0.94995,1.13,1.13
2011.05.30 02:18:51.553,0.94971,0.94996,1.13,1.13
2011.05.30 02:18:53.005,0.94974,0.95,1.50,1.88
2011.05.30 02:18:56.304,0.94974,0.95,1.50,2.48
2011.05.30 02:18:56.524,0.94971,0.95,1.88,2.48
2011.05.30 02:19:00.159,0.94969,0.94992,1.13,1.50
2011.05.30 02:19:00.497,0.94967,0.94988,1.35,1.50
2011.05.30 02:19:01.375,0.94961,0.94987,1.73,1.13
2011.05.30 02:19:05.685,0.94961,0.94987,2.48,1.13
2011.05.30 02:19:05.796,0.9497,0.94992,1.48,1.13
2011.05.30 02:19:07.754,0.94966,0.94992,1.48,1.13
2011.05.30 02:19:09.266,0.94966,0.94991,1.48,1.13
2011.05.30 02:19:09.817,0.94969,0.94991,1.48,1.13
2011.05.30 02:19:09.928,0.94972,0.94994,1.50,3.90
2011.05.30 02:19:10.036,0.94972,0.94994,1.50,3.53
2011.05.30 02:19:10.584,0.94975,0.94998,1.48,5.03
2011.05.30 02:19:11.171,0.94975,0.94998,1.48,5.03
2011.05.30 02:19:12.444,0.94975,0.94997,1.48,1.13
2011.05.30 02:19:20.644,0.94975,0.94997,1.48,1.13
2011.05.30 02:19:21.375,0.9497,0.94993,1.48,1.50
2011.05.30 02:19:22.255,0.94966,0.94991,1.48,2.48
2011.05.30 02:19:22.955,0.94961,0.94991,1.48,6.38
2011.05.30 02:19:36.643,0.94961,0.9499,1.48,1.13
2011.05.30 02:19:38.975,0.94959,0.9499,1.86,1.88
2011.05.30 02:19:39.245,0.94959,0.9499,1.86,1.88
2011.05.30 02:19:39.904,0.94959,0.9499,1.86,1.88
2011.05.30 02:19:40.453,0.94959,0.9499,1.86,1.88
2011.05.30 02:19:41.425,0.94959,0.9499,1.86,1.88
2011.05.30 02:19:41.865,0.94961,0.94989,1.48,1.13
2011.05.30 02:19:46.134,0.94959,0.94988,1.13,1.13
2011.05.30 02:19:46.355,0.94957,0.94979,1.88,1.50
2011.05.30 02:19:46.576,0.94954,0.94978,1.50,1.13
2011.05.30 02:19:46.796,0.9495,0.94976,1.13,1.88
2011.05.30 02:19:47.123,0.9495,0.94976,1.13,1.88
2011.05.30 02:19:47.455,0.94949,0.94973,1.13,1.50
2011.05.30 02:19:51.287,0.94949,0.94973,1.13,1.88
2011.05.30 02:19:51.507,0.94948,0.94968,1.13,1.50
2011.05.30 02:19:51.835,0.94948,0.94968,1.13,1.50
2011.05.30 02:19:53.265,0.94948,0.94968,1.13,1.50
2011.05.30 02:19:58.674,0.94948,0.94968,1.13,1.50
2011.05.30 02:20:03.293,0.94948,0.94968,1.13,1.50
2011.05.30 02:20:03.504,0.94948,0.94968,1.13,1.50
2011.05.30 02:20:04.322,0.94948,0.94968,1.13,1.50
2011.05.30 02:20:04.865,0.94942,0.94966,1.13,1.13
2011.05.30 02:20:06.315,0.94941,0.94966,1.13,1.13
2011.05.30 02:20:12.804,0.9494,0.94966,1.13,1.13
2011.05.30 02:20:14.415,0.9494,0.94966,1.13,1.13
2011.05.30 02:20:16.595,0.9494,0.94966,1.13,1.13
2011.05.30 02:20:17.404,0.9494,0.94966,1.13,1.13
2011.05.30 02:20:18.254,0.9494,0.94966,1.13,1.13
2011.05.30 02:20:18.693,0.9494,0.94966,1.13,1.13
2011.05.30 02:20:19.964,0.9494,0.94966,1.13,1.13
2011.05.30 02:20:26.516,0.94939,0.94966,1.13,1.13
2011.05.30 02:20:27.064,0.94939,0.94966,1.13,1.13
2011.05.30 02:20:27.614,0.94943,0.94968,1.48,1.35
2011.05.30 02:20:28.986,0.94946,0.94969,1.13,3.53
2011.05.30 02:20:29.096,0.94947,0.94971,1.48,1.50
2011.05.30 02:20:29.205,0.94947,0.94971,1.48,1.13
2011.05.30 02:20:29.314,0.94947,0.94971,1.48,1.13
2011.05.30 02:20:30.156,0.94947,0.94971,1.48,1.13
2011.05.30 02:20:30.265,0.94947,0.94971,1.48,1.13
2011.05.30 02:20:30.486,0.94945,0.94971,1.13,1.13
2011.05.30 02:20:30.595,0.94945,0.94968,1.13,1.50
2011.05.30 02:20:30.815,0.94945,0.94969,1.13,1.50
2011.05.30 02:20:34.165,0.94945,0.94969,1.13,1.50
2011.05.30 02:20:37.225,0.94945,0.94969,1.13,1.50
2011.05.30 02:20:37.774,0.94945,0.94969,1.13,1.50
2011.05.30 02:20:38.104,0.94945,0.94969,1.13,1.50
2011.05.30 02:20:38.214,0.94945,0.9497,1.13,1.50
2011.05.30 02:20:38.545,0.94951,0.94971,1.48,1.13
2011.05.30 02:20:40.524,0.94951,0.94971,1.48,1.13
2011.05.30 02:20:42.334,0.94951,0.94971,1.48,1.13
2011.05.30 02:20:45.854,0.94951,0.94971,1.48,1.13
2011.05.30 02:20:47.504,0.94951,0.94976,1.48,1.73
2011.05.30 02:21:00.895,0.94951,0.94974,1.48,1.13
2011.05.30 02:21:29.465,0.94944,0.9497,1.13,1.13
2011.05.30 02:21:30.484,0.94944,0.9497,1.13,1.13
2011.05.30 02:21:33.054,0.94944,0.9497,1.13,1.13
2011.05.30 02:21:33.275,0.94944,0.94968,1.13,1.13
2011.05.30 02:21:34.404,0.94944,0.94968,1.13,1.88
2011.05.30 02:21:34.624,0.94942,0.94966,3.90,1.50
2011.05.30 02:21:34.734,0.94942,0.94966,3.90,1.88
2011.05.30 02:21:35.065,0.94938,0.94966,1.48,1.88
2011.05.30 02:21:36.333,0.94938,0.94966,1.48,1.88
2011.05.30 02:21:37.104,0.94938,0.94966,1.48,1.50
2011.05.30 02:21:37.434,0.94937,0.94966,1.11,1.13
2011.05.30 02:21:38.030,0.94937,0.94964,1.13,1.13
2011.05.30 02:21:40.258,0.94936,0.94964,1.73,1.13
2011.05.30 02:21:40.589,0.94934,0.94964,1.86,2.48
2011.05.30 02:21:40.925,0.94937,0.94959,1.48,1.73
2011.05.30 02:21:41.255,0.94937,0.94959,1.48,1.73
2011.05.30 02:21:41.804,0.94937,0.94959,1.48,1.73
2011.05.30 02:21:46.435,0.94937,0.94959,1.48,1.35
2011.05.30 02:21:47.422,0.94937,0.94959,1.48,1.73
2011.05.30 02:21:49.354,0.94937,0.94959,1.48,1.73
2011.05.30 02:21:49.686,0.94937,0.94961,2.46,3.15
2011.05.30 02:21:50.016,0.94945,0.94969,1.48,2.10
2011.05.30 02:21:50.125,0.94942,0.94969,1.48,2.10
2011.05.30 02:21:50.455,0.94942,0.94965,1.48,1.13
2011.05.30 02:21:53.517,0.94942,0.94966,1.48,1.50
2011.05.30 02:21:59.294,0.94949,0.94969,1.48,1.35
2011.05.30 02:22:11.495,0.94949,0.94969,1.48,1.35
2011.05.30 02:22:12.535,0.94955,0.94974,1.48,3.53
2011.05.30 02:22:12.645,0.94955,0.94974,1.48,4.65
2011.05.30 02:22:12.975,0.9495,0.94973,1.48,1.88
2011.05.30 02:22:22.239,0.9495,0.94968,1.48,1.13
2011.05.30 02:22:23.435,0.94949,0.94968,1.48,1.13
2011.05.30 02:22:25.826,0.94952,0.94968,1.48,1.13
2011.05.30 02:22:26.377,0.94952,0.94973,1.48,1.88
2011.05.30 02:22:28.105,0.94952,0.94968,1.48,1.13
2011.05.30 02:22:28.215,0.94952,0.94968,1.48,1.13
2011.05.30 02:22:29.286,0.94952,0.94972,1.48,1.13
2011.05.30 02:22:29.396,0.94952,0.94972,1.48,1.13
2011.05.30 02:22:30.805,0.9495,0.94972,2.23,1.13
2011.05.30 02:22:30.915,0.94946,0.94969,1.48,1.50
2011.05.30 02:22:31.245,0.94946,0.94969,1.48,1.88
2011.05.30 02:22:34.058,0.94946,0.94959,1.48,1.13
2011.05.30 02:22:34.276,0.94945,0.94959,1.48,1.13
2011.05.30 02:22:34.389,0.9494,0.94959,1.48,1.13
2011.05.30 02:22:34.616,0.9494,0.94959,1.48,1.13
2011.05.30 02:22:34.837,0.9494,0.94959,1.48,1.13
2011.05.30 02:22:35.386,0.94939,0.94953,1.48,1.13
2011.05.30 02:22:35.496,0.94938,0.94953,1.50,1.13
2011.05.30 02:22:36.045,0.94935,0.94953,1.48,1.13
2011.05.30 02:22:36.957,0.94936,0.94953,1.48,1.13
2011.05.30 02:22:42.887,0.94935,0.94956,1.48,1.13
2011.05.30 02:22:42.996,0.94935,0.94957,1.48,1.13
2011.05.30 02:22:43.108,0.94935,0.94958,1.86,3.15
2011.05.30 02:22:43.438,0.94944,0.94968,1.48,3.23
2011.05.30 02:22:43.546,0.94944,0.94967,1.48,1.50
2011.05.30 02:22:44.787,0.94944,0.94968,1.48,5.63
2011.05.30 02:22:45.275,0.94945,0.94963,1.48,1.13
2011.05.30 02:22:45.417,0.94945,0.94964,1.48,1.13
2011.05.30 02:22:46.226,0.94942,0.94954,1.48,1.13
2011.05.30 02:22:46.445,0.94936,0.94954,1.48,1.13
2011.05.30 02:22:46.994,0.94936,0.94954,1.48,1.13
2011.05.30 02:22:49.675,0.94936,0.94954,1.48,1.13
2011.05.30 02:22:49.785,0.94936,0.94954,1.48,1.13
2011.05.30 02:22:51.935,0.94936,0.94957,1.48,1.50
2011.05.30 02:22:52.050,0.94941,0.94958,1.48,1.13
2011.05.30 02:22:54.035,0.94942,0.94963,1.48,1.13
2011.05.30 02:22:59.224,0.94943,0.94963,1.48,1.13
2011.05.30 02:22:59.336,0.94943,0.94965,1.48,4.13
2011.05.30 02:22:59.556,0.94946,0.94969,1.48,4.65
2011.05.30 02:22:59.884,0.94946,0.94969,1.48,4.65
2011.05.30 02:22:59.994,0.94946,0.94969,1.48,4.65
2011.05.30 02:23:00.544,0.94946,0.94968,1.48,1.13
2011.05.30 02:23:00.985,0.94946,0.94963,1.48,1.13
2011.05.30 02:23:01.315,0.94944,0.94963,1.48,1.50
2011.05.30 02:23:01.755,0.94944,0.94963,1.48,1.88
2011.05.30 02:23:04.306,0.94944,0.94962,1.48,1.13
2011.05.30 02:23:04.417,0.94941,0.94954,2.23,1.13
2011.05.30 02:23:04.526,0.94941,0.94954,2.23,1.73
2011.05.30 02:23:04.748,0.94934,0.94948,1.48,4.65
2011.05.30 02:23:05.626,0.94927,0.94948,1.48,4.28
2011.05.30 02:23:06.515,0.94931,0.94948,1.48,1.13
2011.05.30 02:23:09.315,0.94931,0.94945,1.48,1.13
2011.05.30 02:23:09.644,0.94924,0.94941,1.48,1.13
2011.05.30 02:23:09.756,0.94916,0.94937,1.48,1.35
2011.05.30 02:23:09.865,0.94916,0.94937,1.48,1.35
2011.05.30 02:23:11.476,0.94916,0.94941,1.48,1.50
2011.05.30 02:23:11.587,0.94926,0.94946,2.23,3.15
2011.05.30 02:23:11.805,0.94928,0.94951,1.48,3.53
2011.05.30 02:23:12.026,0.94937,0.94957,1.48,3.53
2011.05.30 02:23:12.355,0.94937,0.94959,1.48,4.50
2011.05.30 02:23:12.575,0.94937,0.94959,1.48,1.35
2011.05.30 02:23:13.145,0.94938,0.94959,1.48,1.35
2011.05.30 02:23:17.330,0.94938,0.94959,1.48,1.35
2011.05.30 02:23:19.237,0.94938,0.94959,1.48,1.35
2011.05.30 02:23:20.092,0.94944,0.94961,1.50,4.88
2011.05.30 02:23:20.209,0.9495,0.94971,1.48,1.13
2011.05.30 02:23:20.327,0.94957,0.94977,1.48,5.63
2011.05.30 02:23:20.436,0.94955,0.94974,2.23,1.35
2011.05.30 02:23:20.547,0.94952,0.94974,1.48,2.48
2011.05.30 02:23:20.656,0.94952,0.94974,1.48,2.10
2011.05.30 02:23:20.766,0.94952,0.94976,1.48,1.35
2011.05.30 02:23:21.425,0.94954,0.94976,1.48,1.35
2011.05.30 02:23:25.856,0.94954,0.94969,1.48,1.35
2011.05.30 02:23:26.186,0.94944,0.94962,1.48,1.35
2011.05.30 02:23:26.295,0.9494,0.9496,1.48,4.13
2011.05.30 02:23:26.406,0.9494,0.9496,1.48,5.63
2011.05.30 02:23:26.516,0.94937,0.94957,1.48,3.53
2011.05.30 02:23:26.846,0.94937,0.9496,1.48,4.13
2011.05.30 02:23:27.396,0.94941,0.94963,2.23,1.50
2011.05.30 02:23:27.614,0.94946,0.94966,1.50,5.25
2011.05.30 02:23:27.726,0.94948,0.94971,1.48,5.40
2011.05.30 02:23:27.945,0.94953,0.94973,1.48,1.73
2011.05.30 02:23:29.935,0.94952,0.94972,1.48,1.35
2011.05.30 02:23:30.265,0.94946,0.94969,1.48,4.65
2011.05.30 02:23:30.376,0.94946,0.94958,1.48,2.10
2011.05.30 02:23:31.148,0.94935,0.94953,1.48,1.50
2011.05.30 02:23:31.695,0.94932,0.94953,1.48,1.13
2011.05.30 02:23:36.595,0.94932,0.94954,1.48,2.63
2011.05.30 02:23:42.266,0.94932,0.94954,1.48,2.63
2011.05.30 02:23:43.164,0.94932,0.94954,1.48,2.63
2011.05.30 02:23:43.714,0.94931,0.94954,1.48,2.25
2011.05.30 02:23:43.826,0.94931,0.94954,1.48,1.50
2011.05.30 02:23:44.156,0.94937,0.9496,1.48,3.53
2011.05.30 02:23:44.376,0.94946,0.94963,1.48,1.13
2011.05.30 02:23:44.488,0.94946,0.94968,1.48,3.53
2011.05.30 02:23:44.597,0.94946,0.94969,1.48,6.38
2011.05.30 02:23:44.927,0.94953,0.94969,1.48,3.15
2011.05.30 02:23:45.034,0.94953,0.94973,1.48,1.13
2011.05.30 02:23:45.147,0.94953,0.94973,1.48,1.13
2011.05.30 02:23:47.129,0.94953,0.94969,1.48,5.03
2011.05.30 02:23:47.247,0.94952,0.94969,1.48,5.40
2011.05.30 02:23:47.355,0.94948,0.94969,1.48,5.78
2011.05.30 02:23:48.907,0.94948,0.94969,1.48,5.78
2011.05.30 02:23:49.018,0.94946,0.94969,1.13,4.65
2011.05.30 02:23:49.349,0.94947,0.94973,1.48,1.50
2011.05.30 02:23:49.972,0.94949,0.94975,1.48,5.25
2011.05.30 02:23:50.305,0.94949,0.94974,1.48,1.50
2011.05.30 02:23:50.854,0.94949,0.94974,1.48,1.50
2011.05.30 02:23:52.255,0.94949,0.94973,1.48,1.13
2011.05.30 02:23:52.587,0.94946,0.94958,1.48,2.25
2011.05.30 02:23:52.696,0.94933,0.94956,1.48,1.13
2011.05.30 02:23:52.805,0.94933,0.94956,1.48,1.13
2011.05.30 02:23:53.355,0.94933,0.94957,1.48,1.13
2011.05.30 02:23:53.836,0.94933,0.94958,1.48,3.90
2011.05.30 02:23:54.056,0.94934,0.94958,1.13,3.15
2011.05.30 02:23:54.277,0.94936,0.94962,1.48,4.13
2011.05.30 02:23:54.606,0.94939,0.94964,1.48,1.35
2011.05.30 02:23:56.545,0.94939,0.94961,1.48,1.35
2011.05.30 02:23:56.658,0.94938,0.94961,1.50,1.35
2011.05.30 02:23:56.885,0.94937,0.94961,1.48,1.35
2011.05.30 02:23:59.337,0.94932,0.94961,1.86,2.10
2011.05.30 02:24:02.475,0.94935,0.94961,1.48,1.35
2011.05.30 02:24:03.535,0.94932,0.94961,1.86,2.10
2011.05.30 02:24:03.757,0.9494,0.94961,1.48,1.35
2011.05.30 02:24:04.696,0.9494,0.94964,1.48,1.13
2011.05.30 02:24:05.244,0.94946,0.94967,1.48,1.50
2011.05.30 02:24:05.876,0.94946,0.94967,1.48,1.50
2011.05.30 02:24:06.315,0.94943,0.94967,1.48,1.50
2011.05.30 02:24:07.375,0.94943,0.94957,1.48,1.13
2011.05.30 02:24:07.486,0.94941,0.94956,1.48,1.35
2011.05.30 02:24:07.595,0.94931,0.94954,1.48,1.13
2011.05.30 02:24:08.906,0.94931,0.94954,1.48,1.13
2011.05.30 02:24:09.345,0.94934,0.94956,1.13,1.35
2011.05.30 02:24:09.456,0.94935,0.94957,1.50,3.15
2011.05.30 02:24:09.676,0.94936,0.94963,1.48,2.48
2011.05.30 02:24:10.116,0.94939,0.94963,1.48,2.48
2011.05.30 02:24:11.767,0.94941,0.94965,1.48,1.13
2011.05.30 02:24:11.880,0.94941,0.94967,2.08,1.88
2011.05.30 02:24:12.435,0.94944,0.94965,1.48,4.50
2011.05.30 02:24:13.575,0.94935,0.94964,1.11,1.13
2011.05.30 02:24:15.257,0.9493,0.94959,1.13,1.13
2011.05.30 02:24:15.586,0.9493,0.94954,1.13,1.50
2011.05.30 02:24:16.065,0.9493,0.9495,1.13,1.50
2011.05.30 02:24:16.783,0.94919,0.94948,1.48,4.65
2011.05.30 02:24:16.901,0.94918,0.94948,1.48,5.25
2011.05.30 02:24:18.226,0.94919,0.94948,2.10,4.65
2011.05.30 02:24:18.774,0.94924,0.94954,1.11,4.28
2011.05.30 02:24:19.385,0.94925,0.94954,1.86,3.90
2011.05.30 02:24:19.717,0.94927,0.94958,1.86,4.28
2011.05.30 02:24:20.965,0.9493,0.9496,1.48,3.90
2011.05.30 02:24:21.296,0.94923,0.9495,1.13,1.13
2011.05.30 02:24:21.407,0.94923,0.9495,1.13,1.13
2011.05.30 02:24:22.756,0.94928,0.94953,1.86,3.90
2011.05.30 02:24:22.865,0.94928,0.94959,1.86,1.35
2011.05.30 02:24:23.415,0.94928,0.94959,1.86,1.35
2011.05.30 02:24:24.277,0.94928,0.94958,1.48,1.35
2011.05.30 02:24:24.496,0.94927,0.94956,1.86,5.63
2011.05.30 02:24:24.994,0.94925,0.94953,2.23,1.73
2011.05.30 02:24:25.107,0.94923,0.94953,1.11,1.73
2011.05.30 02:24:25.545,0.94924,0.94953,1.11,1.13
2011.05.30 02:24:26.516,0.94923,0.94953,1.11,1.13
2011.05.30 02:24:27.945,0.94919,0.94941,1.13,1.50
2011.05.30 02:24:28.057,0.94918,0.94941,4.28,1.50
2011.05.30 02:24:28.168,0.94913,0.94936,1.50,1.50
2011.05.30 02:24:28.937,0.94916,0.94945,1.13,1.50
2011.05.30 02:24:29.155,0.94925,0.9495,1.48,3.90
2011.05.30 02:24:30.366,0.94925,0.9495,1.48,3.90
2011.05.30 02:24:32.096,0.94925,0.94947,1.48,3.90
2011.05.30 02:24:32.206,0.9492,0.94947,1.48,4.65
2011.05.30 02:24:33.545,0.94923,0.94947,1.48,4.65
2011.05.30 02:24:33.859,0.94923,0.94947,1.48,5.03
2011.05.30 02:24:34.086,0.94924,0.94947,1.11,4.28
2011.05.30 02:24:34.196,0.94928,0.94948,1.48,1.13
2011.05.30 02:24:34.945,0.94928,0.94953,1.48,1.13
2011.05.30 02:24:35.586,0.94929,0.94954,1.11,3.15
2011.05.30 02:24:35.695,0.94933,0.94958,1.11,1.88
2011.05.30 02:24:38.785,0.94935,0.94962,1.48,2.48
2011.05.30 02:24:46.246,0.94934,0.9496,2.23,2.48
2011.05.30 02:24:46.576,0.9493,0.94956,1.48,5.25
2011.05.30 02:24:46.685,0.9493,0.94956,1.48,6.00
2011.05.30 02:24:49.556,0.9493,0.94949,1.48,2.10
2011.05.30 02:24:49.775,0.94923,0.94949,1.48,2.10
2011.05.30 02:24:51.745,0.94923,0.94947,1.48,1.35
2011.05.30 02:24:52.296,0.94923,0.94948,1.86,1.73
2011.05.30 02:24:52.626,0.94933,0.94953,1.48,1.13
2011.05.30 02:24:53.065,0.94932,0.94954,1.48,2.10
2011.05.30 02:24:53.287,0.94928,0.94953,1.48,1.13
2011.05.30 02:24:53.505,0.94928,0.94956,1.48,5.25
2011.05.30 02:24:53.835,0.94928,0.94953,1.48,2.63
2011.05.30 02:24:55.054,0.94928,0.94951,1.48,1.13
2011.05.30 02:24:55.605,0.94927,0.94949,1.48,1.13
2011.05.30 02:24:56.025,0.94927,0.9495,1.86,3.15
2011.05.30 02:24:56.355,0.94932,0.94951,1.48,1.13
2011.05.30 02:24:56.464,0.94932,0.94955,1.48,1.35
2011.05.30 02:24:57.126,0.94932,0.94954,1.48,2.48
2011.05.30 02:24:57.455,0.94928,0.94948,1.48,1.35
2011.05.30 02:24:58.012,0.94927,0.94948,1.48,1.35
2011.05.30 02:24:58.605,0.94927,0.9495,1.86,3.53
2011.05.30 02:24:58.715,0.94928,0.94951,1.48,1.50
2011.05.30 02:24:58.826,0.9493,0.94954,1.48,1.73
2011.05.30 02:24:58.934,0.9493,0.94954,1.48,1.73
2011.05.30 02:24:59.156,0.94931,0.94955,1.48,1.73
2011.05.30 02:24:59.268,0.94933,0.94956,1.13,4.28
2011.05.30 02:24:59.594,0.94933,0.94962,1.13,7.13
2011.05.30 02:25:00.144,0.94931,0.9496,1.13,1.13
2011.05.30 02:25:00.585,0.94927,0.9496,3.58,1.13
2011.05.30 02:25:02.227,0.94927,0.94955,1.88,1.73
2011.05.30 02:25:03.435,0.94928,0.94957,1.86,1.35
2011.05.30 02:25:04.061,0.94928,0.9495,1.48,1.13
2011.05.30 02:25:04.177,0.94925,0.94952,1.48,2.48
2011.05.30 02:25:04.286,0.94925,0.9495,1.48,3.53
2011.05.30 02:25:04.506,0.94925,0.94952,1.86,2.10
2011.05.30 02:25:04.836,0.94931,0.94951,1.48,1.13
2011.05.30 02:25:04.946,0.94931,0.94956,1.48,4.88
2011.05.30 02:25:05.056,0.94932,0.94956,1.50,4.88
2011.05.30 02:25:05.606,0.94935,0.94954,1.48,3.90
2011.05.30 02:25:05.935,0.94927,0.94952,2.23,1.73
2011.05.30 02:25:07.515,0.94927,0.94952,2.61,1.73
2011.05.30 02:25:07.627,0.94927,0.94952,1.86,1.13
2011.05.30 02:25:08.174,0.94933,0.94953,1.48,1.13
2011.05.30 02:25:08.725,0.94933,0.94956,1.48,3.90
2011.05.30 02:25:10.616,0.94934,0.94956,1.48,3.53
2011.05.30 02:25:10.946,0.94935,0.94962,1.48,1.88
2011.05.30 02:25:11.736,0.9494,0.94964,1.48,1.50
2011.05.30 02:25:11.851,0.94944,0.94968,1.48,2.63
2011.05.30 02:25:12.405,0.94944,0.94968,1.48,2.63
2011.05.30 02:25:14.755,0.94942,0.94963,1.48,1.13
2011.05.30 02:25:15.414,0.94941,0.94963,1.48,1.13
2011.05.30 02:25:16.024,0.94941,0.94963,1.48,1.13
2011.05.30 02:25:17.356,0.94941,0.94963,1.48,1.13
2011.05.30 02:25:17.575,0.94944,0.94967,1.48,1.35
2011.05.30 02:25:18.667,0.94948,0.94968,1.48,1.50
2011.05.30 02:25:20.185,0.94948,0.94968,1.48,1.13
2011.05.30 02:25:20.296,0.94944,0.94968,2.23,5.03
2011.05.30 02:25:21.552,0.94947,0.94968,1.48,5.03
2011.05.30 02:25:21.666,0.94948,0.94968,1.48,5.03
2011.05.30 02:25:22.214,0.94948,0.94968,1.48,1.13
2011.05.30 02:25:22.546,0.94945,0.94968,1.48,1.13
2011.05.30 02:25:22.655,0.94945,0.94968,1.48,1.88
2011.05.30 02:25:22.766,0.94947,0.94968,1.48,1.13
2011.05.30 02:25:23.245,0.94947,0.94969,1.48,1.73
2011.05.30 02:25:24.624,0.94945,0.94969,1.48,6.38
2011.05.30 02:25:24.736,0.94942,0.94964,1.48,1.73
2011.05.30 02:25:25.506,0.9494,0.94965,1.48,2.10
2011.05.30 02:25:25.616,0.94946,0.94965,1.48,2.10
2011.05.30 02:25:25.946,0.94938,0.94961,1.48,5.03
2011.05.30 02:25:26.055,0.94937,0.94961,1.48,5.03
2011.05.30 02:25:29.694,0.94937,0.94961,1.48,3.90
2011.05.30 02:25:29.936,0.94937,0.94961,1.48,4.28
2011.05.30 02:25:30.484,0.94937,0.94959,1.48,3.53
2011.05.30 02:25:37.005,0.94937,0.94959,1.48,3.53
2011.05.30 02:25:38.100,0.94937,0.9496,1.48,3.53
2011.05.30 02:25:38.216,0.94937,0.94959,1.48,3.90
2011.05.30 02:25:39.688,0.94933,0.94956,1.48,3.53
2011.05.30 02:25:40.125,0.94931,0.94956,1.48,3.53
2011.05.30 02:25:40.685,0.94935,0.94959,1.48,3.53
2011.05.30 02:25:44.405,0.94937,0.94959,1.48,3.15
2011.05.30 02:25:44.625,0.9494,0.94961,1.48,1.13
2011.05.30 02:25:45.395,0.94939,0.94962,1.48,3.75
2011.05.30 02:25:45.507,0.94939,0.94966,1.48,3.53
2011.05.30 02:25:46.635,0.94945,0.94967,1.48,4.65
2011.05.30 02:25:48.227,0.94945,0.94967,1.48,5.03
2011.05.30 02:25:48.447,0.94939,0.94961,1.48,3.53
2011.05.30 02:25:48.555,0.94944,0.94961,1.48,3.53
2011.05.30 02:25:48.666,0.94944,0.94967,1.48,3.90
2011.05.30 02:25:55.127,0.94944,0.94968,1.48,4.65
2011.05.30 02:25:55.456,0.94944,0.94964,1.48,1.88
2011.05.30 02:25:55.567,0.94942,0.94964,1.50,2.63
2011.05.30 02:25:55.785,0.94934,0.94963,1.48,1.50
2011.05.30 02:25:56.482,0.94934,0.94963,1.48,1.50
2011.05.30 02:25:57.064,0.94937,0.94963,1.48,5.25
2011.05.30 02:25:57.285,0.94938,0.94963,1.86,4.88
2011.05.30 02:25:57.506,0.94937,0.94962,1.48,1.13
2011.05.30 02:25:57.615,0.94936,0.94961,1.48,3.53
2011.05.30 02:25:59.436,0.94934,0.9496,2.23,4.50
2011.05.30 02:25:59.656,0.94932,0.94957,1.48,3.53
2011.05.30 02:25:59.766,0.9493,0.94957,1.48,3.53
2011.05.30 02:26:00.315,0.9493,0.94957,1.48,3.90
2011.05.30 02:26:00.428,0.9493,0.94954,1.48,1.13
2011.05.30 02:26:02.506,0.9493,0.94946,1.48,1.13
2011.05.30 02:26:02.727,0.94918,0.94943,1.48,1.13
2011.05.30 02:26:02.835,0.94916,0.94943,2.23,1.13
2011.05.30 02:26:02.945,0.94916,0.94943,1.48,1.13
2011.05.30 02:26:03.495,0.94916,0.94945,1.48,4.65
2011.05.30 02:26:03.606,0.94916,0.94945,2.23,1.13
2011.05.30 02:26:03.935,0.9492,0.94945,1.48,1.50
2011.05.30 02:26:06.807,0.9492,0.94946,1.48,4.65
2011.05.30 02:26:06.918,0.9492,0.94946,1.48,1.50
2011.05.30 02:26:12.485,0.94922,0.94945,2.23,1.35
2011.05.30 02:26:12.706,0.94923,0.94948,1.48,4.13
2011.05.30 02:26:12.816,0.94923,0.94948,1.48,3.15
2011.05.30 02:26:12.926,0.94929,0.94953,1.48,4.13
2011.05.30 02:26:13.255,0.9493,0.94954,1.48,4.13
2011.05.30 02:26:14.635,0.9493,0.94955,1.48,4.28
2011.05.30 02:26:16.305,0.9493,0.94955,1.48,3.90
2011.05.30 02:26:16.854,0.94932,0.94955,1.48,4.65
2011.05.30 02:26:23.119,0.94931,0.94955,1.48,3.15
2011.05.30 02:26:23.237,0.94937,0.94962,1.48,3.90
2011.05.30 02:26:23.346,0.94937,0.94962,1.48,3.53
2011.05.30 02:26:23.895,0.94937,0.94961,1.13,1.13
2011.05.30 02:26:32.737,0.94937,0.94963,1.50,1.50
2011.05.30 02:26:33.067,0.94944,0.94971,1.13,1.13
2011.05.30 02:26:33.506,0.94941,0.94967,4.28,1.13
2011.05.30 02:26:35.596,0.94945,0.9497,3.00,1.50
2011.05.30 02:26:35.708,0.94948,0.94972,1.13,3.15
2011.05.30 02:26:35.816,0.94953,0.94977,1.13,1.13
2011.05.30 02:26:35.927,0.94953,0.9498,1.13,1.13
2011.05.30 02:26:36.146,0.94955,0.94983,1.13,1.13
2011.05.30 02:26:36.694,0.94955,0.9498,1.13,1.88
2011.05.30 02:26:39.366,0.94953,0.94979,1.13,1.13
2011.05.30 02:26:39.917,0.94953,0.94979,1.13,1.88
2011.05.30 02:26:40.355,0.94953,0.9498,1.13,1.13
2011.05.30 02:26:40.946,0.94951,0.9498,1.33,2.25
2011.05.30 02:26:41.166,0.94946,0.94977,2.23,1.35
2011.05.30 02:26:41.834,0.94944,0.94974,1.13,1.13
2011.05.30 02:26:41.951,0.94941,0.94973,2.23,4.28
2011.05.30 02:26:42.505,0.9494,0.94971,1.86,1.50
2011.05.30 02:26:42.827,0.94941,0.94971,1.13,1.13
2011.05.30 02:26:43.155,0.94945,0.94974,1.13,1.13
2011.05.30 02:26:44.196,0.94944,0.94974,1.86,1.13
2011.05.30 02:26:44.744,0.94942,0.94972,1.11,1.13
2011.05.30 02:26:45.326,0.94945,0.94974,1.13,1.13
2011.05.30 02:26:45.655,0.94945,0.94974,1.48,3.90
2011.05.30 02:26:46.096,0.94941,0.9497,1.13,1.88
2011.05.30 02:26:46.426,0.94939,0.94968,1.13,1.88
2011.05.30 02:26:46.645,0.94939,0.94968,1.13,1.88
2011.05.30 02:26:48.216,0.94941,0.94968,1.13,1.50
2011.05.30 02:26:48.326,0.94938,0.94968,1.86,1.50
2011.05.30 02:26:48.656,0.94937,0.94966,1.13,1.73
2011.05.30 02:26:49.095,0.94937,0.94966,1.13,1.73
2011.05.30 02:26:50.256,0.94933,0.94964,5.01,1.35
2011.05.30 02:26:50.805,0.94932,0.94962,1.48,3.90
2011.05.30 02:26:52.726,0.94932,0.94962,1.48,4.28
2011.05.30 02:26:53.167,0.94926,0.94955,1.50,5.03
2011.05.30 02:26:54.625,0.94925,0.94955,1.50,5.03
2011.05.30 02:26:55.773,0.94926,0.94955,1.50,5.03
2011.05.30 02:26:56.276,0.94926,0.94953,1.50,1.13
2011.05.30 02:26:56.496,0.94921,0.94946,1.50,1.50
2011.05.30 02:26:56.605,0.9492,0.94946,1.50,1.88
2011.05.30 02:26:56.936,0.9492,0.94946,1.50,1.13
2011.05.30 02:26:57.486,0.94922,0.94949,1.13,5.03
2011.05.30 02:26:58.035,0.94922,0.94949,1.13,1.13
2011.05.30 02:26:58.257,0.94923,0.94952,1.13,1.13
2011.05.30 02:26:58.986,0.94926,0.94954,1.13,1.88
2011.05.30 02:26:59.205,0.94927,0.94954,1.13,1.88
2011.05.30 02:26:59.425,0.9493,0.94956,1.13,1.13
2011.05.30 02:27:02.916,0.9493,0.94958,1.13,2.10
2011.05.30 02:27:04.386,0.94927,0.94958,1.48,2.48
2011.05.30 02:27:04.496,0.94927,0.94956,1.48,1.50
2011.05.30 02:27:04.606,0.94929,0.94953,1.11,3.15
2011.05.30 02:27:04.715,0.94929,0.94959,1.86,4.50
2011.05.30 02:27:11.575,0.94929,0.94959,1.86,4.50
2011.05.30 02:27:12.016,0.94929,0.94958,1.86,1.50
2011.05.30 02:27:23.135,0.94927,0.94958,1.11,2.48
2011.05.30 02:27:30.627,0.94925,0.94949,1.13,1.50
2011.05.30 02:27:42.445,0.94924,0.94949,3.53,1.88
2011.05.30 02:27:42.555,0.94923,0.94949,1.13,1.50
2011.05.30 02:27:46.465,0.94924,0.94949,3.53,1.50
2011.05.30 02:27:47.515,0.94924,0.94949,3.53,1.50
2011.05.30 02:27:48.096,0.94925,0.94953,5.63,1.50
2011.05.30 02:27:49.685,0.94925,0.9495,2.48,1.50
2011.05.30 02:27:52.504,0.94926,0.94954,4.13,1.50
2011.05.30 02:28:02.315,0.94925,0.94954,4.88,1.88
2011.05.30 02:28:02.535,0.94925,0.94952,4.88,1.50
2011.05.30 02:28:02.865,0.94925,0.9495,4.88,1.50
2011.05.30 02:28:04.326,0.94925,0.9495,5.25,1.50
2011.05.30 02:28:04.765,0.94929,0.9496,1.11,5.63
2011.05.30 02:28:07.585,0.94927,0.94957,1.71,4.28
2011.05.30 02:28:07.806,0.94927,0.94954,1.11,3.53
2011.05.30 02:28:10.976,0.94927,0.94956,1.11,3.53
2011.05.30 02:28:11.547,0.94928,0.94956,1.13,3.53
2011.05.30 02:28:12.545,0.94925,0.94953,1.13,1.13
2011.05.30 02:28:17.457,0.94923,0.94952,1.48,3.90
2011.05.30 02:28:17.786,0.94916,0.94943,1.88,1.13
2011.05.30 02:28:18.007,0.94914,0.94943,2.08,1.88
2011.05.30 02:28:18.335,0.94913,0.94943,3.75,1.88
2011.05.30 02:28:18.555,0.94912,0.94941,1.11,1.13
2011.05.30 02:28:19.258,0.94912,0.94941,1.11,1.13
2011.05.30 02:28:19.366,0.94912,0.94941,1.11,1.13
2011.05.30 02:28:22.335,0.94913,0.94942,3.53,1.13
2011.05.30 02:28:22.665,0.94916,0.94946,1.86,1.50
2011.05.30 02:28:28.486,0.94918,0.94947,1.86,3.90
2011.05.30 02:28:28.597,0.94918,0.9495,5.01,1.88
2011.05.30 02:28:28.706,0.9492,0.9495,1.11,1.13
2011.05.30 02:28:28.926,0.94922,0.94952,1.13,1.13
2011.05.30 02:28:29.476,0.94923,0.94952,1.86,1.13
2011.05.30 02:28:39.105,0.94925,0.94955,1.50,1.50
2011.05.30 02:28:39.325,0.94931,0.94956,1.13,1.50
2011.05.30 02:28:40.565,0.94931,0.94961,1.86,2.85
2011.05.30 02:28:53.216,0.94931,0.94957,1.13,1.88
2011.05.30 02:29:08.847,0.94932,0.94957,1.13,1.50
2011.05.30 02:29:09.397,0.94936,0.94957,1.13,1.50
2011.05.30 02:29:10.596,0.94937,0.94957,1.13,1.50
2011.05.30 02:29:16.494,0.94942,0.94967,1.13,1.50
2011.05.30 02:29:21.909,0.94942,0.94967,1.13,1.50
2011.05.30 02:29:22.457,0.94939,0.94966,1.13,1.50
2011.05.30 02:29:23.006,0.94937,0.94965,1.35,1.50
2011.05.30 02:29:25.380,0.94937,0.94964,1.13,4.88
2011.05.30 02:29:25.719,0.94929,0.94955,1.73,1.50
2011.05.30 02:29:25.937,0.94927,0.94955,1.13,1.50
2011.05.30 02:29:26.967,0.94927,0.94955,1.50,1.50
2011.05.30 02:29:28.337,0.94927,0.94953,1.13,1.73
2011.05.30 02:29:28.557,0.94925,0.94947,1.13,1.50
2011.05.30 02:29:29.107,0.94927,0.94947,1.13,1.50
2011.05.30 02:29:29.217,0.94927,0.94952,1.88,2.10
2011.05.30 02:29:29.812,0.94926,0.94952,1.88,1.50
2011.05.30 02:29:35.827,0.94926,0.94951,1.50,1.13
2011.05.30 02:29:38.768,0.94926,0.94952,1.13,1.50
2011.05.30 02:29:40.108,0.94925,0.94953,2.85,1.50
2011.05.30 02:29:40.218,0.94925,0.94951,2.48,1.13
2011.05.30 02:29:40.330,0.94925,0.94944,1.88,1.13
2011.05.30 02:29:40.449,0.94914,0.94944,3.00,1.13
2011.05.30 02:29:40.557,0.94914,0.94941,1.50,1.50
2011.05.30 02:29:41.107,0.94914,0.94941,1.50,1.50
2011.05.30 02:29:41.439,0.94919,0.94942,3.90,1.50
2011.05.30 02:29:41.657,0.94919,0.94946,5.03,1.50
2011.05.30 02:29:44.157,0.94919,0.94945,1.13,1.88
2011.05.30 02:29:44.378,0.94915,0.94943,3.90,1.50
2011.05.30 02:29:46.247,0.94914,0.94943,5.03,1.88
2011.05.30 02:29:46.797,0.94918,0.94943,1.13,1.50
2011.05.30 02:29:48.326,0.9492,0.94944,1.13,1.35
2011.05.30 02:29:50.716,0.9492,0.94944,1.13,1.35
2011.05.30 02:29:51.048,0.94925,0.94946,1.13,1.50
2011.05.30 02:29:51.269,0.94928,0.94952,1.13,1.50
2011.05.30 02:29:52.203,0.94928,0.94952,4.28,1.50
2011.05.30 02:29:52.756,0.94933,0.94952,1.13,1.50
2011.05.30 02:29:55.026,0.94928,0.94952,3.53,1.50
2011.05.30 02:30:00.037,0.94926,0.94951,1.35,1.13
2011.05.30 02:30:00.148,0.94925,0.94952,4.13,1.50
2011.05.30 02:30:01.746,0.94927,0.94952,3.90,1.50
2011.05.30 02:30:02.076,0.94935,0.94957,1.13,1.50
2011.05.30 02:30:05.257,0.94932,0.94955,3.15,1.13
2011.05.30 02:30:05.477,0.94927,0.94953,3.90,1.50
2011.05.30 02:30:07.587,0.94929,0.94957,1.13,1.73
2011.05.30 02:30:14.057,0.94926,0.94955,1.48,1.13
2011.05.30 02:30:14.606,0.94925,0.94951,1.13,1.73
2011.05.30 02:30:14.940,0.9492,0.94949,4.28,1.73
2011.05.30 02:30:16.147,0.94919,0.94948,1.13,4.50
2011.05.30 02:30:16.257,0.94917,0.94945,1.11,1.13
2011.05.30 02:30:16.480,0.94914,0.94946,1.88,2.48
2011.05.30 02:30:18.317,0.94912,0.94942,1.71,1.13
2011.05.30 02:30:18.429,0.94912,0.94942,1.71,1.50
2011.05.30 02:30:18.760,0.94906,0.94934,1.13,4.13
2011.05.30 02:30:19.308,0.94907,0.94935,1.13,4.13
2011.05.30 02:30:20.159,0.94909,0.94936,1.13,1.13
2011.05.30 02:30:20.268,0.94909,0.94937,2.63,1.50
2011.05.30 02:30:20.597,0.94913,0.94942,1.11,1.73
2011.05.30 02:30:22.337,0.94914,0.94942,1.13,1.73
2011.05.30 02:30:24.488,0.94913,0.94942,1.33,4.65
2011.05.30 02:30:24.709,0.94915,0.94945,1.11,1.88
2011.05.30 02:30:25.807,0.94917,0.94945,1.13,1.13
2011.05.30 02:30:28.637,0.94917,0.94945,1.13,1.13
2011.05.30 02:30:32.040,0.94915,0.94946,1.48,1.35
2011.05.30 02:30:32.477,0.94914,0.94943,2.48,1.50
2011.05.30 02:30:33.750,0.94903,0.94932,2.63,1.50
2011.05.30 02:30:36.327,0.94909,0.94935,4.88,1.50
2011.05.30 02:30:36.548,0.94914,0.94948,1.71,2.63
2011.05.30 02:30:36.657,0.94917,0.94948,4.13,1.50
2011.05.30 02:30:36.769,0.94919,0.94949,3.88,1.50
2011.05.30 02:30:36.987,0.94919,0.94951,5.01,1.35
2011.05.30 02:30:37.208,0.94921,0.94952,4.63,1.35
2011.05.30 02:30:37.758,0.94922,0.94954,1.33,4.28
2011.05.30 02:30:38.307,0.94922,0.94953,1.33,1.88
2011.05.30 02:30:38.747,0.94919,0.94951,3.88,1.35
2011.05.30 02:30:38.859,0.94919,0.94945,3.15,1.35
2011.05.30 02:30:39.078,0.94914,0.94945,4.26,1.35
2011.05.30 02:30:39.188,0.94921,0.9495,1.35,3.90
2011.05.30 02:30:39.297,0.94925,0.9495,1.48,3.15
2011.05.30 02:30:39.407,0.94925,0.94953,1.48,4.13
2011.05.30 02:30:39.736,0.94921,0.94953,1.35,5.63
2011.05.30 02:30:39.847,0.9492,0.94953,1.33,6.38
2011.05.30 02:30:40.299,0.9492,0.94949,1.33,1.50
2011.05.30 02:30:40.519,0.94918,0.94948,1.86,1.88
2011.05.30 02:30:40.628,0.94918,0.94949,2.61,1.50
2011.05.30 02:30:41.219,0.94921,0.94954,1.48,5.03
2011.05.30 02:30:44.468,0.94921,0.94954,1.48,1.50
2011.05.30 02:30:44.910,0.94921,0.94954,6.36,1.35
2011.05.30 02:30:45.456,0.94921,0.94956,5.76,2.25
2011.05.30 02:30:49.458,0.94926,0.94958,3.15,1.50
2011.05.30 02:30:49.786,0.94928,0.9496,1.48,4.28
2011.05.30 02:30:51.326,0.94928,0.94956,2.08,3.15
2011.05.30 02:30:51.877,0.94927,0.94955,1.48,3.75
2011.05.30 02:30:52.577,0.94927,0.94955,1.48,4.50
2011.05.30 02:30:52.906,0.94925,0.94949,1.48,3.15
2011.05.30 02:30:53.019,0.94925,0.94951,1.48,1.73
2011.05.30 02:30:58.830,0.9492,0.94951,1.48,1.88
2011.05.30 02:30:59.047,0.94918,0.94948,1.48,1.35
2011.05.30 02:30:59.598,0.94918,0.94948,1.48,3.98
2011.05.30 02:30:59.707,0.94914,0.94946,1.48,2.48
2011.05.30 02:31:00.367,0.94916,0.94946,1.33,1.50
2011.05.30 02:31:00.587,0.94919,0.94952,3.53,1.35
2011.05.30 02:31:00.698,0.94922,0.94953,1.48,3.15
2011.05.30 02:31:00.917,0.94922,0.94956,1.11,1.13
2011.05.30 02:31:01.357,0.94926,0.94956,1.48,1.13
2011.05.30 02:31:02.057,0.94926,0.94957,1.48,3.53
2011.05.30 02:31:02.558,0.94927,0.94957,1.48,3.53
2011.05.30 02:31:02.668,0.94925,0.94957,1.48,3.53
2011.05.30 02:31:03.727,0.94931,0.94957,1.48,3.53
2011.05.30 02:31:06.407,0.94931,0.94957,1.48,3.53
2011.05.30 02:31:07.996,0.94924,0.94957,1.48,4.28
2011.05.30 02:31:13.057,0.94924,0.94955,1.48,3.53
2011.05.30 02:31:17.711,0.94923,0.94955,1.48,3.53
2011.05.30 02:31:20.817,0.94922,0.94955,1.48,5.03
2011.05.30 02:31:21.798,0.94922,0.94946,1.48,3.15
2011.05.30 02:31:21.908,0.94917,0.94946,1.48,3.90
2011.05.30 02:31:22.128,0.94913,0.94943,1.48,3.15
2011.05.30 02:31:26.041,0.94913,0.94943,1.48,3.53
2011.05.30 02:31:26.378,0.94906,0.94938,1.48,4.65
2011.05.30 02:31:26.488,0.94906,0.94939,1.48,5.63
2011.05.30 02:31:28.118,0.94911,0.94941,1.35,1.50
2011.05.30 02:31:28.227,0.94912,0.94942,1.33,3.90
2011.05.30 02:31:28.667,0.94913,0.94942,1.48,3.15
2011.05.30 02:31:29.107,0.94918,0.94942,1.48,3.15
2011.05.30 02:31:30.549,0.94913,0.94944,1.48,3.15
2011.05.30 02:31:30.988,0.94916,0.94945,1.48,3.53
2011.05.30 02:31:31.318,0.94913,0.94941,1.48,3.15
2011.05.30 02:31:32.716,0.94913,0.94944,1.48,1.88
2011.05.30 02:31:32.828,0.94917,0.94946,1.50,4.65
2011.05.30 02:31:32.938,0.94918,0.94949,1.48,2.25
2011.05.30 02:31:33.048,0.9492,0.94952,3.53,2.25
2011.05.30 02:31:33.378,0.94922,0.94955,1.48,1.13
2011.05.30 02:31:35.497,0.94926,0.94956,1.48,3.53
2011.05.30 02:31:35.717,0.94923,0.94955,1.48,1.13
2011.05.30 02:31:41.939,0.94923,0.94954,1.48,1.13
2011.05.30 02:31:42.267,0.94916,0.94944,1.33,3.15
2011.05.30 02:31:42.816,0.94916,0.94945,2.08,3.15
2011.05.30 02:31:47.297,0.94917,0.94945,1.13,3.15
2011.05.30 02:31:47.407,0.94917,0.94945,1.73,3.15
2011.05.30 02:31:47.518,0.94917,0.94945,1.13,3.15
2011.05.30 02:31:47.629,0.94919,0.94953,4.63,3.90
2011.05.30 02:31:47.739,0.94921,0.94953,1.48,3.90
2011.05.30 02:31:47.848,0.94921,0.94955,1.48,5.03
2011.05.30 02:31:48.396,0.94923,0.94955,2.23,5.03
2011.05.30 02:31:49.498,0.94924,0.94954,1.48,2.25
2011.05.30 02:31:49.719,0.94923,0.94949,1.50,4.28
2011.05.30 02:31:50.267,0.94918,0.94949,1.48,4.28
2011.05.30 02:31:50.598,0.94921,0.94949,1.48,4.28
2011.05.30 02:31:51.728,0.94921,0.94947,1.48,3.15
2011.05.30 02:31:52.339,0.94921,0.94946,1.48,4.28
2011.05.30 02:31:55.408,0.94921,0.94944,1.48,1.13
2011.05.30 02:31:55.738,0.94913,0.94939,2.23,4.13
2011.05.30 02:31:56.307,0.94912,0.94938,1.48,3.90
2011.05.30 02:31:56.529,0.94913,0.94944,1.48,3.90
2011.05.30 02:31:57.077,0.94919,0.94944,1.48,3.15
2011.05.30 02:32:04.458,0.94916,0.94944,1.48,3.53
2011.05.30 02:32:04.676,0.94915,0.94944,1.48,3.53
2011.05.30 02:32:05.407,0.94917,0.94944,1.48,3.53
2011.05.30 02:32:07.897,0.94917,0.94944,1.48,3.90
2011.05.30 02:32:08.227,0.94917,0.94935,1.48,3.15
2011.05.30 02:32:08.337,0.94911,0.94935,1.48,3.15
2011.05.30 02:32:09.396,0.9491,0.94938,1.48,1.73
2011.05.30 02:32:09.618,0.94914,0.94939,1.48,3.75
2011.05.30 02:32:09.728,0.94918,0.94942,1.48,3.15
2011.05.30 02:32:09.837,0.94918,0.94945,1.48,4.88
2011.05.30 02:32:15.347,0.94918,0.94945,1.48,3.90
2011.05.30 02:32:15.678,0.94919,0.94949,1.48,3.15
2011.05.30 02:32:16.227,0.94926,0.9495,1.48,1.50
2011.05.30 02:32:28.591,0.94925,0.9495,1.48,1.50
2011.05.30 02:32:35.889,0.94925,0.9495,2.23,2.25
2011.05.30 02:32:36.217,0.94923,0.94945,1.48,1.13
2011.05.30 02:32:39.200,0.94923,0.94945,1.48,1.13
2011.05.30 02:32:40.287,0.94917,0.94945,1.48,1.13
2011.05.30 02:32:40.398,0.94917,0.94945,1.48,1.13
2011.05.30 02:32:40.840,0.94921,0.94948,1.13,1.50
2011.05.30 02:32:41.170,0.94924,0.94955,1.48,1.50
2011.05.30 02:32:41.278,0.94923,0.94956,1.48,3.15
2011.05.30 02:32:41.387,0.94923,0.94956,1.48,3.15
2011.05.30 02:32:50.818,0.94926,0.94956,1.48,3.53
2011.05.30 02:32:51.037,0.94926,0.9495,1.48,3.90
2011.05.30 02:32:51.258,0.9492,0.94947,1.48,3.53
2011.05.30 02:32:51.588,0.94916,0.94944,1.48,3.90
2011.05.30 02:32:51.697,0.94916,0.94944,1.48,3.90
2011.05.30 02:32:52.247,0.94917,0.94945,1.48,4.28
2011.05.30 02:32:52.467,0.94917,0.94948,1.48,1.50
2011.05.30 02:32:52.797,0.94919,0.94948,1.48,1.50
2011.05.30 02:32:54.908,0.94921,0.94949,1.13,3.15
2011.05.30 02:32:55.020,0.94922,0.94953,1.35,2.25
2011.05.30 02:32:55.128,0.94932,0.94955,1.48,3.15
2011.05.30 02:32:55.378,0.94932,0.94955,1.48,3.15
2011.05.30 02:32:55.927,0.94927,0.94956,1.48,3.15
2011.05.30 02:32:56.517,0.94927,0.94955,1.48,3.53
2011.05.30 02:32:58.717,0.94931,0.94956,1.48,3.53
2011.05.30 02:33:03.628,0.94932,0.94956,1.48,3.53
2011.05.30 02:33:03.847,0.94924,0.94955,2.23,1.88
2011.05.30 02:33:04.428,0.94924,0.94955,1.48,4.28
2011.05.30 02:33:08.277,0.94928,0.94955,1.48,4.28
2011.05.30 02:33:08.964,0.94924,0.94955,1.48,4.28
2011.05.30 02:33:09.477,0.94924,0.94955,1.48,4.28
2011.05.30 02:33:09.810,0.94924,0.94955,1.48,4.28
2011.05.30 02:33:12.587,0.94927,0.94955,1.48,4.28
2011.05.30 02:33:13.214,0.94925,0.94955,1.48,4.28
2011.05.30 02:33:18.078,0.94928,0.94955,1.48,4.28
2011.05.30 02:33:25.298,0.94928,0.94955,2.23,4.28
2011.05.30 02:33:29.919,0.94938,0.94961,1.48,1.13
2011.05.30 02:33:30.139,0.94937,0.94962,1.48,2.25
2011.05.30 02:33:30.358,0.94936,0.94961,1.48,1.88
2011.05.30 02:33:30.907,0.94936,0.94961,1.48,1.88
2011.05.30 02:33:31.237,0.94936,0.94961,1.48,1.88
2011.05.30 02:33:46.718,0.94936,0.94956,1.48,1.50
2011.05.30 02:33:47.048,0.94932,0.94953,1.48,1.50
2011.05.30 02:33:48.288,0.94932,0.94955,1.48,1.50
2011.05.30 02:33:52.308,0.94932,0.94955,1.48,1.50
2011.05.30 02:33:53.087,0.94932,0.94954,1.48,2.25
2011.05.30 02:33:54.669,0.94932,0.94954,1.48,1.50
2011.05.30 02:33:59.048,0.94931,0.94954,1.48,1.50
2011.05.30 02:34:05.908,0.94929,0.94947,1.48,6.00
2011.05.30 02:34:06.238,0.94928,0.94947,1.48,1.35
2011.05.30 02:34:34.349,0.94928,0.94952,1.48,1.50
2011.05.30 02:34:34.567,0.94929,0.94952,1.48,1.50
2011.05.30 02:34:37.467,0.94929,0.94949,1.48,3.15
2011.05.30 02:34:40.508,0.94928,0.94949,1.48,3.75
2011.05.30 02:34:40.838,0.94922,0.94944,2.23,3.90
2011.05.30 02:34:40.947,0.94922,0.94944,1.48,3.90
2011.05.30 02:34:41.497,0.94923,0.94947,1.48,2.10
2011.05.30 02:34:41.828,0.94923,0.94947,2.23,1.35
2011.05.30 02:34:41.939,0.94927,0.94948,1.48,4.65
2011.05.30 02:34:42.048,0.94927,0.94949,1.48,3.15
2011.05.30 02:34:42.157,0.94927,0.94949,1.48,3.90
2011.05.30 02:34:42.377,0.94927,0.94949,2.23,3.90
2011.05.30 02:34:43.139,0.94929,0.94949,1.48,3.15
2011.05.30 02:34:46.648,0.94927,0.94949,2.23,3.15
2011.05.30 02:35:00.697,0.94928,0.94949,1.48,3.15
2011.05.30 02:35:04.648,0.94928,0.94943,1.48,3.15
2011.05.30 02:35:04.868,0.94928,0.9495,2.23,3.90
2011.05.30 02:35:24.057,0.94928,0.9495,2.23,3.15
2011.05.30 02:35:24.277,0.94928,0.9495,1.48,3.90
2011.05.30 02:35:40.108,0.9493,0.94952,1.33,1.50
2011.05.30 02:35:40.439,0.94939,0.94957,1.48,1.50
2011.05.30 02:35:40.549,0.94939,0.94962,1.48,3.90
2011.05.30 02:35:40.879,0.94939,0.94962,1.48,3.90
2011.05.30 02:35:41.107,0.94939,0.94962,1.48,3.90
2011.05.30 02:35:42.308,0.94939,0.94962,1.48,3.90
2011.05.30 02:35:44.411,0.94939,0.94957,1.48,3.90
2011.05.30 02:35:44.531,0.94934,0.94956,1.48,3.90
2011.05.30 02:35:44.978,0.94931,0.94952,1.48,3.90
2011.05.30 02:35:45.088,0.94931,0.94952,1.48,3.90
2011.05.30 02:36:04.937,0.94931,0.94952,1.48,3.90
2011.05.30 02:36:05.158,0.94929,0.94951,1.48,3.90
2011.05.30 02:36:06.807,0.94929,0.94951,1.48,3.15
2011.05.30 02:36:07.137,0.94929,0.94951,1.48,3.90
2011.05.30 02:36:07.927,0.94929,0.94951,1.48,3.90
2011.05.30 02:36:23.858,0.94931,0.94951,1.48,3.90
2011.05.30 02:36:25.069,0.94932,0.94953,1.48,3.15
2011.05.30 02:36:25.179,0.94936,0.9496,1.48,1.50
2011.05.30 02:36:25.727,0.94936,0.94961,1.48,1.88
2011.05.30 02:36:27.530,0.94941,0.94965,1.48,2.25
2011.05.30 02:36:28.314,0.94941,0.94968,1.48,5.03
2011.05.30 02:36:28.431,0.94945,0.94968,1.48,5.03
2011.05.30 02:36:29.288,0.94945,0.94972,1.48,5.03
2011.05.30 02:36:29.618,0.94949,0.94968,1.71,3.90
2011.05.30 02:36:29.839,0.94959,0.94977,1.33,1.50
2011.05.30 02:36:29.949,0.94959,0.94982,1.33,1.50
2011.05.30 02:36:30.058,0.94967,0.94983,1.48,1.50
2011.05.30 02:36:30.278,0.94968,0.94994,1.48,1.35
2011.05.30 02:36:30.388,0.94968,0.94994,1.48,1.35
2011.05.30 02:36:31.158,0.9497,0.94998,1.48,3.90
2011.05.30 02:36:31.766,0.94972,0.94998,1.48,3.90
2011.05.30 02:36:32.178,0.94972,0.94993,1.48,1.50
2011.05.30 02:36:32.509,0.94961,0.94993,4.48,1.73
2011.05.30 02:36:32.621,0.94968,0.94993,1.48,1.73
2011.05.30 02:36:32.730,0.94968,0.94993,1.48,1.35
2011.05.30 02:36:33.063,0.94968,0.94996,1.48,1.50
2011.05.30 02:36:33.906,0.9497,0.94997,1.48,5.03
2011.05.30 02:36:34.808,0.9497,0.94997,1.48,5.03
2011.05.30 02:36:39.461,0.9497,0.94989,1.48,3.90
2011.05.30 02:36:39.692,0.94961,0.94983,1.48,1.35
2011.05.30 02:36:39.919,0.94957,0.94979,1.48,1.13
2011.05.30 02:36:40.138,0.94947,0.94973,1.48,1.35
2011.05.30 02:36:40.250,0.94945,0.94972,1.48,1.35
2011.05.30 02:36:45.309,0.94945,0.94969,1.48,1.13
2011.05.30 02:36:45.421,0.94941,0.94969,4.63,2.48
2011.05.30 02:36:45.529,0.94941,0.94963,1.48,3.15
2011.05.30 02:36:45.858,0.94939,0.94962,1.48,3.90
2011.05.30 02:36:46.407,0.94939,0.94963,1.48,3.90
2011.05.30 02:36:46.517,0.94939,0.94963,1.48,3.90
2011.05.30 02:36:48.978,0.94939,0.94967,2.08,1.50
2011.05.30 02:36:49.089,0.94939,0.94969,2.08,3.15
2011.05.30 02:36:49.202,0.94946,0.9497,1.33,1.13
2011.05.30 02:36:49.431,0.94956,0.9498,1.48,3.15
2011.05.30 02:36:49.759,0.94958,0.94983,1.48,3.90
2011.05.30 02:36:49.981,0.94961,0.9499,1.48,3.90
2011.05.30 02:36:50.088,0.94967,0.9499,1.48,3.15
2011.05.30 02:36:50.418,0.94973,0.94998,1.48,5.03
2011.05.30 02:36:50.967,0.94973,0.94998,1.48,4.28
2011.05.30 02:36:54.268,0.94972,0.94998,1.48,5.03
2011.05.30 02:36:55.318,0.94973,0.94993,1.48,1.88
2011.05.30 02:36:55.649,0.94962,0.94988,1.48,2.48
2011.05.30 02:36:55.869,0.94961,0.94985,1.48,3.90
2011.05.30 02:36:56.088,0.94958,0.94986,1.48,1.88
2011.05.30 02:37:05.130,0.94958,0.94982,1.48,1.13
2011.05.30 02:37:05.240,0.94955,0.94981,1.48,3.90
2011.05.30 02:37:05.461,0.94951,0.94978,1.48,2.85
2011.05.30 02:37:06.018,0.9495,0.94978,1.48,2.10
2011.05.30 02:37:09.508,0.94952,0.94977,1.33,1.50
2011.05.30 02:37:11.448,0.9495,0.94972,1.33,1.13
2011.05.30 02:37:11.559,0.94949,0.94972,1.33,1.13
2011.05.30 02:37:20.447,0.94949,0.94966,1.33,3.15
2011.05.30 02:37:20.779,0.94947,0.94965,1.48,3.90
2011.05.30 02:37:20.998,0.94943,0.94964,1.33,3.90
2011.05.30 02:37:21.109,0.94943,0.94964,1.33,3.90
2011.05.30 02:37:21.661,0.94936,0.94958,2.08,1.50
2011.05.30 02:37:21.768,0.94938,0.94958,1.35,1.50
2011.05.30 02:37:22.318,0.94938,0.94961,1.33,1.50
2011.05.30 02:37:28.228,0.94939,0.94955,1.33,3.90
2011.05.30 02:37:28.339,0.94937,0.94953,1.48,1.88
2011.05.30 02:37:28.449,0.94928,0.94953,1.35,1.88
2011.05.30 02:37:28.669,0.94927,0.94952,1.33,1.50
2011.05.30 02:37:30.239,0.94927,0.9495,1.33,3.90
2011.05.30 02:37:31.318,0.94927,0.94952,1.71,1.50
2011.05.30 02:37:31.648,0.94938,0.94962,1.33,1.88
2011.05.30 02:37:31.979,0.94942,0.94965,1.48,1.50
2011.05.30 02:37:32.089,0.94942,0.94966,1.48,3.90
2011.05.30 02:37:32.638,0.94945,0.94969,1.48,3.90
2011.05.30 02:37:32.747,0.94945,0.94969,1.48,3.15
2011.05.30 02:37:35.678,0.94945,0.94969,1.48,4.28
2011.05.30 02:37:35.898,0.94941,0.94967,2.08,4.65
2011.05.30 02:37:36.010,0.94941,0.94967,2.08,4.65
2011.05.30 02:37:39.459,0.94944,0.94967,2.83,1.50
2011.05.30 02:37:45.049,0.94951,0.94975,2.10,1.50
2011.05.30 02:37:45.158,0.94951,0.94979,2.10,1.50
2011.05.30 02:37:45.270,0.94954,0.9498,1.33,1.50
2011.05.30 02:37:45.488,0.94954,0.94982,1.33,1.88
2011.05.30 02:37:46.827,0.94957,0.94982,2.08,1.88
2011.05.30 02:37:52.017,0.94957,0.94982,2.08,1.88
2011.05.30 02:37:53.167,0.94957,0.94982,2.08,1.88
2011.05.30 02:37:53.498,0.94951,0.94975,1.33,3.90
2011.05.30 02:37:54.048,0.94949,0.94972,1.33,1.50
2011.05.30 02:37:58.467,0.94949,0.94973,1.33,1.13
2011.05.30 02:37:59.547,0.94949,0.94974,1.33,5.03
2011.05.30 02:37:59.659,0.94947,0.94968,1.48,1.13
2011.05.30 02:37:59.768,0.94944,0.94968,1.33,5.03
2011.05.30 02:37:59.878,0.94944,0.94966,1.33,1.13
2011.05.30 02:38:00.427,0.94942,0.94965,1.33,1.50
2011.05.30 02:38:01.169,0.94946,0.94969,1.35,2.25
2011.05.30 02:38:01.388,0.94949,0.94972,1.33,5.03
2011.05.30 02:38:02.390,0.94948,0.94972,1.33,5.03
2011.05.30 02:38:08.019,0.94948,0.94972,1.33,5.03
2011.05.30 02:38:11.696,0.94948,0.94972,1.33,5.03
2011.05.30 02:39:01.249,0.94946,0.94972,1.48,4.28
2011.05.30 02:39:02.389,0.94946,0.9497,1.48,1.13
2011.05.30 02:39:02.610,0.94945,0.94968,1.33,4.28
2011.05.30 02:39:03.268,0.94944,0.94968,1.33,5.03
2011.05.30 02:39:08.358,0.9494,0.94964,1.33,1.13
2011.05.30 02:39:09.750,0.94936,0.9496,1.33,4.28
2011.05.30 02:39:09.969,0.94936,0.94964,2.10,1.88
2011.05.30 02:39:10.190,0.94942,0.94964,1.33,1.88
2011.05.30 02:39:10.521,0.94942,0.94967,1.33,1.13
2011.05.30 02:39:11.071,0.94942,0.94967,2.08,1.13
2011.05.30 02:39:19.538,0.94948,0.94968,1.33,1.50
2011.05.30 02:39:19.978,0.94949,0.94973,2.10,1.50
2011.05.30 02:39:20.087,0.94949,0.94973,2.10,1.50
2011.05.30 02:39:25.258,0.94951,0.94976,1.33,1.50
2011.05.30 02:39:25.958,0.9495,0.94968,1.48,3.15
2011.05.30 02:39:26.288,0.94945,0.94969,1.33,3.90
2011.05.30 02:39:26.838,0.94945,0.94967,1.33,3.90
2011.05.30 02:39:27.269,0.94948,0.94969,2.10,1.50
2011.05.30 02:39:27.378,0.94948,0.94974,2.10,3.90
2011.05.30 02:39:27.928,0.94952,0.94975,1.33,5.03
2011.05.30 02:39:37.999,0.94948,0.94971,2.10,1.13
2011.05.30 02:39:38.218,0.94945,0.9497,1.33,4.65
2011.05.30 02:39:38.758,0.94945,0.9497,1.33,4.65
2011.05.30 02:39:40.507,0.94946,0.94969,1.33,4.28
2011.05.30 02:39:45.700,0.9494,0.94964,1.33,1.50
2011.05.30 02:39:46.248,0.9494,0.94962,1.33,3.90
2011.05.30 02:39:48.188,0.94941,0.94959,1.33,1.13
2011.05.30 02:39:48.408,0.94934,0.94958,1.33,4.65
2011.05.30 02:39:48.957,0.94934,0.94958,1.33,4.65
2011.05.30 02:39:50.830,0.9494,0.9496,1.33,1.50
2011.05.30 02:39:50.938,0.9494,0.94962,1.33,3.90
2011.05.30 02:39:51.489,0.94943,0.94966,2.10,1.50
2011.05.30 02:39:51.598,0.94943,0.94971,2.10,4.28
2011.05.30 02:39:54.139,0.94947,0.94972,2.10,1.50
2011.05.30 02:39:54.579,0.94954,0.94979,2.08,2.25
2011.05.30 02:39:54.689,0.94955,0.94982,2.83,1.50
2011.05.30 02:39:54.909,0.94961,0.94984,1.33,4.65
2011.05.30 02:39:55.573,0.94962,0.94987,1.33,1.13
2011.05.30 02:39:56.168,0.94964,0.94988,1.33,1.88
2011.05.30 02:39:56.388,0.94964,0.94988,1.33,1.88
2011.05.30 02:39:56.830,0.9497,0.94991,1.35,3.90
2011.05.30 02:39:56.938,0.94973,0.94994,1.33,1.13
2011.05.30 02:39:57.497,0.94972,0.94995,1.33,1.50
2011.05.30 02:39:58.758,0.94972,0.94995,1.33,1.88
2011.05.30 02:39:58.978,0.94972,0.94993,1.33,1.13
2011.05.30 02:39:59.090,0.9497,0.9499,1.48,3.15
2011.05.30 02:39:59.201,0.9497,0.94989,1.48,3.53
2011.05.30 02:39:59.528,0.94962,0.94987,2.10,1.88
2011.05.30 02:40:00.078,0.94962,0.94987,2.10,1.88
2011.05.30 02:40:05.229,0.94959,0.94983,1.33,1.13
2011.05.30 02:40:05.338,0.94959,0.94981,1.33,1.13
2011.05.30 02:40:05.447,0.94956,0.94981,1.33,1.13
2011.05.30 02:40:05.558,0.94956,0.9498,1.33,1.50
2011.05.30 02:40:06.768,0.94956,0.9498,1.33,1.50
2011.05.30 02:40:06.988,0.94956,0.94982,2.08,1.13
2011.05.30 02:40:07.428,0.94955,0.94978,1.48,4.65
2011.05.30 02:40:07.538,0.94952,0.94978,1.33,4.65
2011.05.30 02:40:08.088,0.94953,0.94978,1.33,4.65
2011.05.30 02:40:08.858,0.94947,0.94974,1.33,1.88
2011.05.30 02:40:12.658,0.94947,0.94972,1.33,1.13
2011.05.30 02:40:12.772,0.94942,0.94968,1.33,1.13
2011.05.30 02:40:13.000,0.94939,0.94964,1.33,1.88
2011.05.30 02:40:13.547,0.94938,0.94964,2.83,1.88
2011.05.30 02:40:14.929,0.94935,0.9496,2.10,1.13
2011.05.30 02:40:15.258,0.94939,0.94964,1.33,1.88
2011.05.30 02:40:15.808,0.94939,0.94966,2.08,1.13
2011.05.30 02:40:20.380,0.94948,0.94974,1.35,1.50
2011.05.30 02:40:20.489,0.9495,0.94975,1.33,5.03
2011.05.30 02:40:20.929,0.94949,0.94975,1.33,4.28
2011.05.30 02:40:25.530,0.94949,0.94973,1.48,1.13
2011.05.30 02:40:25.860,0.94944,0.94972,1.48,3.90
2011.05.30 02:40:25.969,0.94944,0.94973,2.23,2.63
2011.05.30 02:40:26.409,0.94946,0.94972,1.48,1.50
2011.05.30 02:40:26.850,0.94951,0.94977,1.48,1.50
2011.05.30 02:40:29.459,0.94951,0.94973,1.48,1.88
2011.05.30 02:40:29.570,0.94947,0.94969,1.48,1.13
2011.05.30 02:40:29.679,0.94947,0.94969,1.48,1.13
2011.05.30 02:40:29.789,0.94945,0.94969,1.33,1.13
2011.05.30 02:40:30.568,0.94945,0.94969,1.33,1.50
2011.05.30 02:40:31.143,0.94942,0.94968,1.48,1.50
2011.05.30 02:40:33.571,0.9494,0.94966,1.33,4.65
2011.05.30 02:40:34.128,0.9494,0.94966,1.33,4.65
2011.05.30 02:40:35.758,0.94935,0.94961,1.48,1.13
2011.05.30 02:40:35.870,0.94933,0.94959,1.48,1.88
2011.05.30 02:40:35.978,0.9493,0.94954,1.50,1.13
2011.05.30 02:40:36.089,0.94929,0.94954,1.48,1.88
2011.05.30 02:40:36.197,0.94928,0.94954,1.33,1.88
2011.05.30 02:40:36.528,0.94933,0.94959,2.08,3.15
2011.05.30 02:40:38.217,0.94933,0.9496,2.08,1.13
2011.05.30 02:40:39.049,0.94936,0.94961,1.48,4.65
2011.05.30 02:40:39.377,0.94941,0.94967,1.48,1.50
2011.05.30 02:40:39.928,0.94942,0.94968,1.48,5.40
2011.05.30 02:40:40.149,0.94951,0.94976,1.48,1.50
2011.05.30 02:40:40.368,0.94954,0.94984,1.33,1.50
2011.05.30 02:40:40.588,0.94954,0.94982,1.33,1.50
2011.05.30 02:40:40.919,0.94957,0.94985,1.33,1.50
2011.05.30 02:40:41.029,0.94957,0.94987,1.33,1.50
2011.05.30 02:40:41.139,0.94959,0.94989,1.33,1.50
2011.05.30 02:40:42.280,0.9496,0.94986,1.48,3.75
2011.05.30 02:40:42.608,0.94961,0.9499,1.48,3.90
2011.05.30 02:40:48.618,0.94961,0.94992,1.48,1.50
2011.05.30 02:40:49.747,0.94961,0.94994,4.63,2.25
2011.05.30 02:40:49.969,0.94964,0.94993,1.48,3.90
2011.05.30 02:40:50.079,0.94963,0.94989,1.48,3.90
2011.05.30 02:40:51.507,0.94962,0.94991,1.48,3.53
2011.05.30 02:40:51.618,0.94962,0.94989,1.48,3.15
2011.05.30 02:40:51.948,0.94962,0.94989,1.48,3.90
2011.05.30 02:40:52.278,0.94945,0.94958,1.48,3.15
2011.05.30 02:40:52.610,0.94955,0.94973,1.48,3.79
2011.05.30 02:40:52.830,0.94957,0.94986,1.48,3.15
2011.05.30 02:40:55.860,0.94962,0.94989,1.48,4.65
2011.05.30 02:40:56.188,0.94961,0.94989,1.48,4.65
2011.05.30 02:40:58.748,0.94961,0.94992,1.48,3.90
2011.05.30 02:40:58.859,0.94961,0.94992,1.48,3.90
2011.05.30 02:40:59.409,0.94965,0.94989,1.48,3.90
2011.05.30 02:41:01.799,0.94959,0.94989,1.48,3.90
2011.05.30 02:41:01.909,0.94958,0.94986,1.33,3.90
2011.05.30 02:41:02.020,0.94958,0.94985,1.33,1.50
2011.05.30 02:41:02.568,0.94958,0.94983,1.33,1.50
2011.05.30 02:41:03.008,0.94958,0.94985,1.33,5.40
2011.05.30 02:41:04.349,0.94961,0.94985,1.48,5.40
2011.05.30 02:41:04.459,0.94961,0.94988,1.48,1.50
2011.05.30 02:41:05.008,0.94962,0.94988,1.48,1.50
2011.05.30 02:41:05.548,0.94962,0.94988,1.48,1.50
2011.05.30 02:41:07.188,0.94958,0.94988,2.08,1.50
2011.05.30 02:41:07.738,0.94958,0.94986,2.08,5.40
2011.05.30 02:41:10.689,0.94958,0.94987,2.08,3.90
2011.05.30 02:41:10.802,0.94962,0.94988,1.48,4.65
2011.05.30 02:41:11.249,0.94962,0.94983,1.48,3.90
2011.05.30 02:41:11.798,0.94962,0.94983,1.48,3.90
2011.05.30 02:41:12.176,0.94962,0.94983,1.48,3.90
2011.05.30 02:41:13.588,0.94958,0.94984,2.08,1.50
2011.05.30 02:41:13.919,0.94958,0.94978,2.08,1.50
2011.05.30 02:41:14.030,0.94953,0.94978,1.48,1.50
2011.05.30 02:41:14.140,0.94953,0.94975,1.48,1.50
2011.05.30 02:41:14.470,0.94957,0.94978,1.48,1.50
2011.05.30 02:41:15.409,0.94957,0.9498,1.48,3.90
2011.05.30 02:41:15.849,0.94953,0.94978,1.48,3.90
2011.05.30 02:41:16.070,0.94953,0.94974,1.48,3.90
2011.05.30 02:41:16.179,0.94949,0.94974,2.08,3.90
2011.05.30 02:41:16.290,0.94949,0.94971,2.08,3.90
2011.05.30 02:41:16.838,0.94949,0.94972,1.33,3.90
2011.05.30 02:41:18.198,0.94949,0.94972,1.33,3.90
2011.05.30 02:41:18.859,0.94949,0.94972,1.33,3.90
2011.05.30 02:41:19.619,0.94949,0.9497,1.33,3.90
2011.05.30 02:41:20.439,0.94949,0.94973,1.33,3.90
2011.05.30 02:41:23.938,0.94952,0.94973,1.48,3.90
2011.05.30 02:41:24.771,0.94949,0.9497,1.33,3.90
2011.05.30 02:41:26.255,0.94949,0.94968,1.33,3.90
2011.05.30 02:41:27.078,0.94949,0.9497,1.33,3.90
2011.05.30 02:41:27.628,0.94949,0.94971,2.08,3.90
2011.05.30 02:41:28.358,0.94949,0.94971,2.08,3.90
2011.05.30 02:41:32.314,0.94951,0.9497,1.48,3.90
2011.05.30 02:41:32.650,0.94949,0.94971,1.33,4.65
2011.05.30 02:41:32.979,0.94952,0.94969,1.48,3.90
2011.05.30 02:41:33.956,0.94951,0.94972,1.48,3.90
2011.05.30 02:41:36.069,0.94951,0.94974,1.48,1.50
2011.05.30 02:41:36.288,0.94953,0.94975,1.48,1.50
2011.05.30 02:41:36.618,0.94955,0.94977,1.48,1.50
2011.05.30 02:41:36.948,0.94957,0.94978,1.48,2.25
2011.05.30 02:41:37.278,0.9496,0.94979,1.48,1.50
2011.05.30 02:41:38.015,0.94959,0.94979,1.48,1.50
2011.05.30 02:41:47.978,0.94959,0.94977,1.48,4.65
2011.05.30 02:41:48.773,0.94957,0.94977,1.48,4.65
2011.05.30 02:41:48.895,0.94949,0.94974,2.08,1.50
2011.05.30 02:41:49.012,0.94946,0.94961,2.08,3.90
2011.05.30 02:41:49.240,0.94947,0.94968,1.48,3.90
2011.05.30 02:41:49.680,0.94946,0.94968,1.48,3.90
2011.05.30 02:41:49.900,0.94946,0.9497,1.48,3.90
2011.05.30 02:41:50.509,0.94956,0.94974,1.48,1.50
2011.05.30 02:41:50.949,0.94957,0.94975,1.48,1.50
2011.05.30 02:41:52.324,0.94961,0.9498,1.48,4.65
2011.05.30 02:41:54.119,0.94962,0.9498,1.48,1.50
2011.05.30 02:41:54.228,0.94962,0.94983,1.48,1.50
2011.05.30 02:41:54.448,0.94965,0.94986,1.48,3.90
2011.05.30 02:41:54.672,0.94957,0.94986,1.48,3.90
2011.05.30 02:41:54.790,0.94955,0.94978,1.48,3.90
2011.05.30 02:41:54.900,0.94955,0.94978,1.48,3.90
2011.05.30 02:41:56.938,0.94955,0.94977,1.48,3.90
2011.05.30 02:41:57.268,0.94954,0.94978,1.33,4.65
2011.05.30 02:41:57.379,0.94954,0.94977,1.33,1.50
2011.05.30 02:41:57.708,0.94954,0.94977,2.08,1.50
2011.05.30 02:41:57.931,0.94954,0.94974,2.08,1.50
2011.05.30 02:41:58.039,0.94954,0.94974,1.33,1.50
2011.05.30 02:41:58.839,0.94951,0.94974,1.33,1.50
2011.05.30 02:41:58.951,0.94951,0.94974,1.33,2.25
2011.05.30 02:41:59.172,0.94948,0.94969,1.48,3.90
2011.05.30 02:41:59.281,0.94943,0.94969,1.48,3.90
2011.05.30 02:41:59.391,0.94943,0.94968,1.48,3.90
2011.05.30 02:42:01.988,0.94943,0.94968,1.48,4.65
2011.05.30 02:42:02.318,0.94943,0.94968,1.48,4.65
2011.05.30 02:42:04.254,0.94946,0.94968,1.33,4.65
2011.05.30 02:42:04.589,0.94944,0.94968,2.23,4.65
2011.05.30 02:42:07.618,0.94945,0.94964,1.33,3.15
2011.05.30 02:42:07.949,0.94943,0.94963,1.33,3.90
2011.05.30 02:42:09.450,0.94945,0.94963,2.10,3.90
2011.05.30 02:42:09.560,0.94945,0.94967,2.10,1.50
2011.05.30 02:42:09.778,0.94946,0.94968,1.33,4.65
2011.05.30 02:42:10.799,0.9495,0.94968,2.10,1.50
2011.05.30 02:42:11.238,0.94953,0.94975,1.33,1.50
2011.05.30 02:42:11.804,0.94953,0.94976,1.33,4.65
2011.05.30 02:42:14.447,0.94953,0.94976,1.33,4.65
2011.05.30 02:42:16.353,0.94951,0.94968,1.48,1.50
2011.05.30 02:42:16.472,0.94951,0.94968,1.48,4.65
2011.05.30 02:42:16.591,0.94943,0.94966,1.33,3.90
2011.05.30 02:42:16.809,0.94951,0.94971,1.33,1.50
2011.05.30 02:42:17.469,0.94951,0.94973,1.33,5.40
2011.05.30 02:42:24.129,0.94948,0.94963,1.48,1.50
2011.05.30 02:42:24.240,0.9494,0.94961,2.08,3.15
2011.05.30 02:42:24.350,0.9494,0.94961,1.33,3.90
