2008.01.17 21:00:00.291,0.96985,0.9702,6.40,8.80
2008.01.17 21:00:00.515,0.96985,0.9702,6.40,8.80
2008.01.17 21:00:00.779,0.96985,0.97025,6.40,8.90
2008.01.17 21:00:01.042,0.96985,0.97025,2.40,8.90
2008.01.17 21:00:01.305,0.96985,0.97025,2.40,8.90
2008.01.17 21:00:01.569,0.96985,0.97025,2.40,8.90
2008.01.17 21:00:01.791,0.96985,0.97025,2.40,8.90
2008.01.17 21:00:02.051,0.96985,0.97025,2.40,8.90
2008.01.17 21:00:02.273,0.96985,0.97025,2.40,8.90
2008.01.17 21:00:02.524,0.96985,0.97025,2.40,8.90
2008.01.17 21:00:02.979,0.9698,0.9702,8.00,0.20
2008.01.17 21:00:02.994,0.9698,0.9702,8.00,0.20
2008.01.17 21:00:03.459,0.9698,0.9702,8.00,0.20
2008.01.17 21:00:03.702,0.9698,0.9702,8.00,0.20
2008.01.17 21:00:03.953,0.9698,0.9702,8.00,0.20
2008.01.17 21:00:04.154,0.9698,0.9702,8.00,0.20
2008.01.17 21:00:04.400,0.9698,0.9702,8.00,0.20
2008.01.17 21:00:04.827,0.9698,0.9702,8.00,0.20
2008.01.17 21:00:05.029,0.9698,0.9702,8.00,0.20
2008.01.17 21:00:05.273,0.9698,0.9702,8.00,0.20
2008.01.17 21:00:05.784,0.9698,0.9702,8.00,0.20
2008.01.17 21:00:06.060,0.9698,0.9702,8.00,0.20
2008.01.17 21:00:06.323,0.9698,0.9702,8.00,0.20
2008.01.17 21:00:06.731,0.9698,0.9702,8.00,0.20
2008.01.17 21:00:06.782,0.9698,0.97025,8.00,11.50
2008.01.17 21:00:06.923,0.9698,0.9702,8.00,0.20
2008.01.17 21:00:07.169,0.9698,0.97025,8.00,11.50
2008.01.17 21:00:07.417,0.9698,0.97025,8.00,11.50
2008.01.17 21:00:07.665,0.9698,0.9702,8.00,0.20
2008.01.17 21:00:08.148,0.9698,0.97025,8.00,11.50
2008.01.17 21:00:08.397,0.9698,0.97025,8.00,11.50
2008.01.17 21:00:08.656,0.9698,0.9702,8.00,0.20
2008.01.17 21:00:08.914,0.9698,0.97025,8.00,11.50
2008.01.17 21:00:09.172,0.9698,0.9702,8.00,0.20
2008.01.17 21:00:09.633,0.9698,0.97025,8.00,11.50
2008.01.17 21:00:09.865,0.9698,0.9702,8.00,0.20
2008.01.17 21:00:10.132,0.9698,0.9702,8.00,0.20
2008.01.17 21:00:10.585,0.9698,0.97025,8.00,11.50
2008.01.17 21:00:10.802,0.9698,0.9702,8.00,0.20
2008.01.17 21:00:11.058,0.9698,0.97025,8.00,11.50
2008.01.17 21:00:11.490,0.9698,0.97025,8.00,11.50
2008.01.17 21:00:11.699,0.9698,0.97025,8.00,11.50
2008.01.17 21:00:11.963,0.9698,0.9702,8.00,0.20
2008.01.17 21:00:14.098,0.9698,0.9702,8.00,0.20
2008.01.17 21:00:14.513,0.96985,0.9703,12.00,11.40
2008.01.17 21:00:14.609,0.96985,0.9703,12.00,11.40
2008.01.17 21:00:14.857,0.96985,0.97025,12.00,0.60
2008.01.17 21:00:14.955,0.96985,0.97025,12.00,0.60
2008.01.17 21:00:15.279,0.96985,0.9703,12.00,11.40
2008.01.17 21:00:15.543,0.96985,0.97025,12.00,0.90
2008.01.17 21:00:15.812,0.96985,0.9703,12.00,11.40
2008.01.17 21:00:16.080,0.96985,0.97025,12.00,0.70
2008.01.17 21:00:16.347,0.96985,0.97025,12.00,0.50
2008.01.17 21:00:16.763,0.96985,0.9703,12.00,11.40
2008.01.17 21:00:16.970,0.96985,0.9703,12.00,11.40
2008.01.17 21:00:17.327,0.96985,0.9703,12.00,11.40
2008.01.17 21:00:17.568,0.96985,0.97025,12.00,0.60
2008.01.17 21:00:17.875,0.96985,0.97025,12.00,0.90
2008.01.17 21:00:18.120,0.96985,0.9703,12.00,11.40
2008.01.17 21:00:18.405,0.96985,0.97025,12.00,0.50
2008.01.17 21:00:18.608,0.96985,0.9703,12.00,11.20
2008.01.17 21:00:18.877,0.96995,0.97035,8.00,0.70
2008.01.17 21:00:19.080,0.96995,0.9704,8.00,15.40
2008.01.17 21:00:19.332,0.96995,0.9704,8.00,15.40
2008.01.17 21:00:19.535,0.96995,0.97035,8.00,0.80
2008.01.17 21:00:19.783,0.96995,0.97035,8.00,0.50
2008.01.17 21:00:20.031,0.96995,0.9704,8.00,15.40
2008.01.17 21:00:20.369,0.96995,0.9704,12.00,11.40
2008.01.17 21:00:20.620,0.96995,0.97035,12.00,0.50
2008.01.17 21:00:20.864,0.96995,0.9704,12.00,11.40
2008.01.17 21:00:21.072,0.96995,0.97035,12.00,0.50
2008.01.17 21:00:21.498,0.96995,0.97035,12.00,0.50
2008.01.17 21:00:21.705,0.96995,0.9704,12.00,11.40
2008.01.17 21:00:21.952,0.96995,0.9704,12.00,11.40
2008.01.17 21:00:22.192,0.96995,0.97035,12.00,0.50
2008.01.17 21:00:22.441,0.96995,0.9704,12.00,11.40
2008.01.17 21:00:22.905,0.96995,0.9704,12.00,11.40
2008.01.17 21:00:22.928,0.96995,0.97035,12.00,0.60
2008.01.17 21:00:23.372,0.96995,0.9704,12.00,11.40
2008.01.17 21:00:23.597,0.96995,0.9704,12.00,11.40
2008.01.17 21:00:23.844,0.96995,0.9704,12.00,11.40
2008.01.17 21:00:24.064,0.96995,0.9704,12.00,11.40
2008.01.17 21:00:24.311,0.96995,0.9704,12.00,11.40
2008.01.17 21:00:24.553,0.96995,0.9704,12.00,11.40
2008.01.17 21:00:24.798,0.96995,0.97035,12.00,2.70
2008.01.17 21:00:25.040,0.96995,0.9704,4.00,11.50
2008.01.17 21:00:25.285,0.96995,0.9704,4.00,11.50
2008.01.17 21:00:25.507,0.96995,0.97035,12.00,0.90
2008.01.17 21:00:25.759,0.96995,0.9704,12.00,11.40
2008.01.17 21:00:25.979,0.96995,0.97035,12.00,0.90
2008.01.17 21:00:26.237,0.96995,0.97035,12.00,0.90
2008.01.17 21:00:26.683,0.96995,0.9704,12.00,11.40
2008.01.17 21:00:26.739,0.96995,0.97035,12.00,2.70
2008.01.17 21:00:27.071,0.96995,0.97035,4.00,11.50
2008.01.17 21:00:27.347,0.96995,0.97035,4.00,11.50
2008.01.17 21:00:27.589,0.96995,0.97035,4.00,11.50
2008.01.17 21:00:27.813,0.96995,0.97035,4.00,11.50
2008.01.17 21:00:28.102,0.9699,0.97035,8.00,11.50
2008.01.17 21:00:28.330,0.9699,0.9703,8.00,0.20
2008.01.17 21:00:28.569,0.9699,0.9703,8.00,0.20
2008.01.17 21:00:28.812,0.9699,0.97035,8.00,11.50
2008.01.17 21:00:29.057,0.9699,0.97035,8.00,11.50
2008.01.17 21:00:29.299,0.9699,0.9703,8.00,0.20
2008.01.17 21:00:29.543,0.9699,0.97035,8.00,11.50
2008.01.17 21:00:29.785,0.9699,0.97035,8.00,11.50
2008.01.17 21:00:30.050,0.9699,0.9703,8.00,0.20
2008.01.17 21:00:30.314,0.96995,0.9703,2.40,0.20
2008.01.17 21:00:30.578,0.96995,0.9703,2.40,0.20
2008.01.17 21:00:30.842,0.96995,0.97035,2.40,9.10
2008.01.17 21:00:31.088,0.96995,0.9703,2.40,0.20
2008.01.17 21:00:31.276,0.96995,0.9703,2.40,0.20
2008.01.17 21:00:31.532,0.96995,0.97035,2.40,9.10
2008.01.17 21:00:31.935,0.96995,0.97035,2.40,9.10
2008.01.17 21:00:32.177,0.96995,0.97035,2.40,9.10
2008.01.17 21:00:32.425,0.96995,0.9703,2.40,0.20
2008.01.17 21:00:32.667,0.96995,0.97035,2.40,9.10
2008.01.17 21:00:32.918,0.96995,0.97035,2.40,9.10
2008.01.17 21:00:33.157,0.96995,0.97035,2.40,9.10
2008.01.17 21:00:33.433,0.96995,0.97035,2.40,9.10
2008.01.17 21:00:33.686,0.96995,0.9703,2.40,0.20
2008.01.17 21:00:33.941,0.96995,0.97035,2.40,9.10
2008.01.17 21:00:34.193,0.96995,0.9703,2.40,0.20
2008.01.17 21:00:34.470,0.96995,0.97035,2.40,9.10
2008.01.17 21:00:34.672,0.96995,0.9703,2.40,0.20
2008.01.17 21:00:35.019,0.96995,0.97035,2.40,9.10
2008.01.17 21:00:35.223,0.96995,0.9703,2.40,0.20
2008.01.17 21:00:35.479,0.96995,0.9703,2.40,0.20
2008.01.17 21:00:35.690,0.96995,0.9703,2.40,0.20
2008.01.17 21:00:35.935,0.96995,0.9703,2.40,0.20
2008.01.17 21:00:36.152,0.96995,0.9703,2.40,0.20
2008.01.17 21:00:36.402,0.96995,0.9703,2.40,0.20
2008.01.17 21:00:36.877,0.96995,0.9703,2.40,0.20
2008.01.17 21:00:37.124,0.96995,0.9703,2.40,0.20
2008.01.17 21:00:37.387,0.96995,0.9703,2.40,0.20
2008.01.17 21:00:37.625,0.96995,0.9703,2.40,0.20
2008.01.17 21:00:37.865,0.96995,0.9703,2.40,0.20
2008.01.17 21:00:38.105,0.96995,0.9703,2.40,0.20
2008.01.17 21:00:38.354,0.96995,0.9703,2.40,0.20
2008.01.17 21:00:38.592,0.96995,0.9703,2.40,0.20
2008.01.17 21:00:38.874,0.96995,0.9703,2.40,0.20
2008.01.17 21:00:39.158,0.96995,0.9703,2.40,0.20
2008.01.17 21:00:39.440,0.96995,0.9703,2.40,0.20
2008.01.17 21:00:39.623,0.96995,0.9703,2.40,0.20
2008.01.17 21:00:39.866,0.96995,0.9703,2.40,0.20
2008.01.17 21:00:40.048,0.96995,0.9703,2.40,0.20
2008.01.17 21:00:40.314,0.96995,0.9703,2.40,0.20
2008.01.17 21:00:40.497,0.96995,0.9703,2.40,0.20
2008.01.17 21:00:40.908,0.96995,0.9703,2.40,0.20
2008.01.17 21:00:41.161,0.96995,0.9703,2.40,0.20
2008.01.17 21:00:41.413,0.96995,0.9703,2.40,0.20
2008.01.17 21:00:41.888,0.96995,0.9703,2.40,0.20
2008.01.17 21:00:41.903,0.96995,0.9703,2.40,0.20
2008.01.17 21:00:42.147,0.96995,0.9703,2.40,0.20
2008.01.17 21:00:42.492,0.96995,0.9703,2.40,0.20
2008.01.17 21:00:42.739,0.96995,0.9703,2.40,0.20
2008.01.17 21:00:42.983,0.96995,0.9703,2.40,0.20
2008.01.17 21:00:43.174,0.96995,0.9703,2.40,0.20
2008.01.17 21:00:43.417,0.9699,0.9703,8.80,0.20
2008.01.17 21:00:43.610,0.9699,0.9703,8.80,0.20
2008.01.17 21:00:43.847,0.9699,0.9703,8.80,0.20
2008.01.17 21:00:44.116,0.9699,0.9703,8.80,0.20
2008.01.17 21:00:44.385,0.9699,0.9703,8.80,0.20
2008.01.17 21:00:44.654,0.9699,0.9703,8.80,0.20
2008.01.17 21:00:44.933,0.9699,0.9703,8.80,0.20
2008.01.17 21:00:45.137,0.9699,0.9703,8.80,0.20
2008.01.17 21:00:45.445,0.9699,0.9703,8.80,0.20
2008.01.17 21:00:45.649,0.9699,0.9703,8.80,0.20
2008.01.17 21:00:45.907,0.9699,0.9703,8.80,0.20
2008.01.17 21:00:46.109,0.9699,0.9703,8.80,0.20
2008.01.17 21:00:46.379,0.9699,0.9703,8.80,0.20
2008.01.17 21:00:46.871,0.9699,0.9703,8.80,0.20
2008.01.17 21:00:47.137,0.9699,0.9703,8.80,0.20
2008.01.17 21:00:47.405,0.9699,0.9703,8.80,0.20
2008.01.17 21:00:47.844,0.9699,0.9703,8.80,0.20
2008.01.17 21:00:48.065,0.9699,0.9703,8.80,0.20
2008.01.17 21:00:48.323,0.9699,0.97025,8.80,0.20
2008.01.17 21:00:48.564,0.96985,0.97025,12.00,0.20
2008.01.17 21:00:48.810,0.96985,0.97025,12.00,0.20
2008.01.17 21:00:49.053,0.96985,0.97025,8.00,0.20
2008.01.17 21:00:49.300,0.96985,0.97025,8.00,0.20
2008.01.17 21:00:49.544,0.96985,0.97025,8.00,0.20
2008.01.17 21:00:49.804,0.96985,0.9703,10.40,8.80
2008.01.17 21:00:50.262,0.97,0.97035,0.80,2.50
2008.01.17 21:00:50.495,0.97,0.97035,0.80,2.50
2008.01.17 21:00:50.729,0.97,0.97035,0.80,2.50
2008.01.17 21:00:50.963,0.97,0.97035,0.80,2.50
2008.01.17 21:00:51.214,0.97,0.97035,0.80,2.50
2008.01.17 21:00:51.671,0.97,0.97035,0.80,2.50
2008.01.17 21:00:51.908,0.97,0.97035,0.80,2.50
2008.01.17 21:00:52.158,0.97,0.97035,0.80,2.50
2008.01.17 21:00:52.426,0.97,0.97035,0.80,2.50
2008.01.17 21:00:52.848,0.97,0.97035,0.80,2.50
2008.01.17 21:00:53.117,0.97,0.97035,0.80,2.50
2008.01.17 21:00:53.496,0.97,0.97035,0.80,2.50
2008.01.17 21:00:53.507,0.96995,0.97035,14.40,2.50
2008.01.17 21:00:53.683,0.97,0.97035,0.80,2.50
2008.01.17 21:00:54.080,0.97,0.97035,0.80,2.50
2008.01.17 21:00:54.253,0.96995,0.97035,14.40,2.50
2008.01.17 21:00:54.495,0.96995,0.97035,14.40,2.50
2008.01.17 21:00:54.730,0.97,0.97035,0.80,2.50
2008.01.17 21:00:55.085,0.97,0.97035,0.80,2.50
2008.01.17 21:00:55.322,0.96995,0.97035,14.40,2.50
2008.01.17 21:00:55.668,0.96995,0.97035,14.40,2.50
2008.01.17 21:00:55.866,0.97,0.97035,0.80,2.50
2008.01.17 21:00:56.288,0.96995,0.97035,14.40,2.50
2008.01.17 21:00:56.696,0.97,0.97035,0.80,2.50
2008.01.17 21:00:56.863,0.96995,0.97035,14.40,2.50
2008.01.17 21:00:57.118,0.96995,0.97035,14.40,2.50
2008.01.17 21:00:57.284,0.96995,0.97035,14.40,2.50
2008.01.17 21:00:57.525,0.96995,0.97035,14.40,2.50
2008.01.17 21:00:58.088,0.96995,0.97035,16.80,0.20
2008.01.17 21:00:58.424,0.97005,0.9704,1.10,0.20
2008.01.17 21:00:58.677,0.97005,0.9704,0.60,0.20
2008.01.17 21:00:58.824,0.97,0.9704,10.40,0.20
2008.01.17 21:00:59.061,0.97,0.9704,10.40,0.20
2008.01.17 21:00:59.207,0.97,0.9704,10.40,0.20
2008.01.17 21:00:59.451,0.97,0.9704,10.40,0.20
2008.01.17 21:00:59.731,0.97005,0.97045,1.40,15.30
2008.01.17 21:01:00.009,0.96995,0.97045,16.80,6.50
2008.01.17 21:01:00.508,0.96995,0.97045,16.80,6.50
2008.01.17 21:01:00.707,0.97005,0.97045,5.10,6.50
2008.01.17 21:01:01.117,0.96995,0.97045,16.80,2.50
2008.01.17 21:01:01.316,0.97005,0.97045,0.60,2.50
2008.01.17 21:01:01.634,0.96995,0.97045,16.80,2.50
2008.01.17 21:01:02.049,0.96995,0.97045,16.80,2.50
2008.01.17 21:01:02.248,0.97005,0.97045,0.50,2.50
2008.01.17 21:01:02.525,0.96995,0.97045,16.80,2.50
2008.01.17 21:01:02.721,0.97005,0.97045,1.10,2.50
2008.01.17 21:01:03.108,0.97005,0.97045,1.80,2.50
2008.01.17 21:01:03.366,0.97005,0.97045,7.20,0.20
2008.01.17 21:01:03.624,0.96995,0.97045,19.20,0.20
2008.01.17 21:01:03.883,0.97015,0.97045,0.80,0.20
2008.01.17 21:01:04.136,0.97015,0.9705,0.80,0.20
2008.01.17 21:01:04.582,0.97015,0.97045,0.80,0.20
2008.01.17 21:01:04.805,0.9701,0.97045,9.60,0.20
2008.01.17 21:01:05.060,0.97015,0.9705,0.80,0.20
2008.01.17 21:01:05.268,0.9701,0.9705,9.60,0.20
2008.01.17 21:01:05.509,0.9702,0.9705,0.80,0.20
2008.01.17 21:01:05.717,0.9702,0.9705,0.80,0.20
2008.01.17 21:01:05.964,0.97015,0.9705,14.40,0.20
2008.01.17 21:01:06.419,0.97015,0.9705,14.40,0.20
2008.01.17 21:01:06.448,0.9702,0.9705,0.80,0.20
2008.01.17 21:01:06.900,0.97015,0.9705,14.40,0.20
2008.01.17 21:01:07.134,0.97015,0.9705,14.40,0.20
2008.01.17 21:01:07.397,0.97015,0.9705,14.40,0.20
2008.01.17 21:01:07.661,0.9702,0.9705,0.80,0.20
2008.01.17 21:01:07.938,0.97015,0.9705,14.40,0.20
2008.01.17 21:01:08.201,0.9702,0.9705,0.80,0.20
2008.01.17 21:01:08.636,0.9702,0.9705,0.80,0.20
2008.01.17 21:01:08.844,0.9702,0.9705,0.80,0.20
2008.01.17 21:01:09.272,0.97015,0.9705,14.40,0.20
2008.01.17 21:01:09.424,0.97015,0.9705,14.40,0.20
2008.01.17 21:01:09.705,0.97015,0.97055,14.40,2.50
2008.01.17 21:01:09.859,0.9702,0.97055,0.80,0.20
2008.01.17 21:01:10.114,0.97015,0.97055,16.80,0.20
2008.01.17 21:01:10.267,0.97015,0.97055,16.80,0.20
2008.01.17 21:01:10.643,0.97015,0.97055,16.80,0.20
2008.01.17 21:01:10.962,0.97015,0.97055,16.80,0.20
2008.01.17 21:01:11.283,0.97015,0.97055,16.80,0.20
2008.01.17 21:01:11.431,0.9702,0.97055,0.80,0.20
2008.01.17 21:01:11.723,0.9702,0.9705,0.80,0.20
2008.01.17 21:01:11.866,0.97015,0.9705,15.20,0.20
2008.01.17 21:01:12.114,0.9701,0.9705,15.20,0.20
2008.01.17 21:01:12.503,0.9701,0.9705,15.20,0.20
2008.01.17 21:01:12.815,0.9701,0.9705,11.20,0.20
2008.01.17 21:01:13.128,0.9701,0.9705,11.20,0.20
2008.01.17 21:01:13.441,0.9701,0.9705,11.20,0.20
2008.01.17 21:01:13.755,0.9701,0.9705,11.20,0.20
2008.01.17 21:01:13.949,0.9701,0.9705,11.20,0.20
2008.01.17 21:01:14.221,0.97015,0.9705,0.90,0.20
2008.01.17 21:01:14.413,0.97015,0.9705,0.70,0.20
2008.01.17 21:01:14.759,0.97015,0.9705,1.10,0.20
2008.01.17 21:01:14.967,0.9701,0.9705,11.20,0.20
2008.01.17 21:01:15.210,0.9701,0.9705,11.20,0.20
2008.01.17 21:01:15.418,0.9701,0.9705,11.20,0.20
2008.01.17 21:01:15.668,0.97015,0.9705,1.20,0.20
2008.01.17 21:01:15.874,0.97015,0.9705,1.30,0.20
2008.01.17 21:01:16.230,0.9701,0.9705,11.20,0.20
2008.01.17 21:01:16.493,0.9701,0.9705,11.20,0.20
2008.01.17 21:01:16.755,0.97015,0.9705,1.00,0.20
2008.01.17 21:01:17.019,0.97015,0.9705,1.40,0.20
2008.01.17 21:01:17.277,0.97015,0.9705,0.50,0.20
2008.01.17 21:01:17.512,0.9701,0.9705,11.20,0.20
2008.01.17 21:01:17.749,0.9701,0.9705,11.20,0.20
2008.01.17 21:01:17.986,0.9701,0.9705,11.20,0.20
2008.01.17 21:01:18.389,0.97015,0.9705,1.10,0.20
2008.01.17 21:01:18.663,0.97015,0.9705,0.50,0.20
2008.01.17 21:01:18.935,0.9701,0.9705,11.20,0.20
2008.01.17 21:01:19.210,0.97015,0.9705,0.60,0.20
2008.01.17 21:01:19.581,0.9701,0.9705,11.20,0.20
2008.01.17 21:01:19.728,0.9701,0.9705,11.20,0.20
2008.01.17 21:01:20.032,0.97015,0.9705,0.90,0.20
2008.01.17 21:01:20.180,0.9701,0.9705,11.20,0.20
2008.01.17 21:01:20.534,0.97015,0.9705,1.00,0.20
2008.01.17 21:01:20.837,0.9701,0.9705,11.20,0.20
2008.01.17 21:01:21.139,0.9701,0.9705,11.20,0.20
2008.01.17 21:01:21.443,0.97015,0.9705,1.10,0.20
2008.01.17 21:01:21.691,0.9701,0.9705,11.20,0.20
2008.01.17 21:01:21.839,0.9701,0.9705,11.20,0.20
2008.01.17 21:01:22.206,0.9701,0.9705,11.20,0.20
2008.01.17 21:01:22.356,0.97015,0.9705,2.40,0.20
2008.01.17 21:01:22.644,0.9702,0.9705,8.00,0.20
2008.01.17 21:01:22.945,0.97025,0.97055,2.40,0.20
2008.01.17 21:01:23.244,0.97025,0.97055,2.40,0.20
2008.01.17 21:01:23.542,0.97025,0.97055,2.40,0.20
2008.01.17 21:01:23.781,0.97025,0.97055,2.40,0.20
2008.01.17 21:01:23.948,0.97025,0.97055,2.40,0.20
2008.01.17 21:01:24.269,0.97025,0.97055,2.40,0.20
2008.01.17 21:01:24.438,0.97025,0.97055,2.40,0.20
2008.01.17 21:01:24.695,0.97025,0.97055,2.40,0.20
2008.01.17 21:01:24.930,0.97025,0.97055,2.40,0.20
2008.01.17 21:01:25.251,0.97025,0.97055,2.40,0.20
2008.01.17 21:01:25.491,0.97025,0.97055,2.40,0.20
2008.01.17 21:01:25.730,0.97025,0.9706,2.40,8.80
2008.01.17 21:01:25.958,0.9703,0.97065,0.80,4.10
2008.01.17 21:01:26.212,0.9703,0.97065,0.80,4.10
2008.01.17 21:01:26.670,0.9703,0.97065,0.80,12.90
2008.01.17 21:01:27.138,0.9703,0.97065,0.80,8.90
2008.01.17 21:01:27.635,0.9703,0.97065,0.80,8.90
2008.01.17 21:01:27.907,0.9703,0.97065,0.80,8.90
2008.01.17 21:01:28.152,0.9703,0.97065,0.80,8.90
2008.01.17 21:01:28.350,0.9703,0.97065,0.80,8.90
2008.01.17 21:01:28.599,0.9703,0.97065,0.80,8.90
2008.01.17 21:01:28.797,0.9703,0.97065,0.80,8.90
2008.01.17 21:01:29.039,0.9703,0.97065,0.80,8.90
2008.01.17 21:01:29.512,0.9703,0.97065,0.80,8.90
2008.01.17 21:01:29.758,0.9703,0.97065,0.80,8.90
2008.01.17 21:01:30.019,0.9703,0.97065,0.80,8.90
2008.01.17 21:01:30.268,0.9703,0.97065,0.80,8.80
2008.01.17 21:01:30.538,0.97035,0.97075,2.40,15.30
2008.01.17 21:01:30.806,0.97035,0.97075,2.40,15.30
2008.01.17 21:01:31.074,0.97035,0.97075,6.40,11.30
2008.01.17 21:01:31.241,0.97035,0.97075,6.40,11.30
2008.01.17 21:01:31.574,0.97035,0.97075,6.40,11.30
2008.01.17 21:01:31.723,0.97035,0.97075,6.40,11.30
2008.01.17 21:01:31.966,0.97035,0.97075,6.40,11.30
2008.01.17 21:01:32.134,0.97035,0.97075,6.40,11.30
2008.01.17 21:01:32.533,0.97035,0.97075,6.40,11.30
2008.01.17 21:01:32.816,0.97035,0.97075,6.40,11.30
2008.01.17 21:01:33.275,0.97035,0.97075,6.40,11.30
2008.01.17 21:01:33.413,0.97035,0.97075,6.40,11.30
2008.01.17 21:01:33.727,0.97035,0.97075,6.40,11.30
2008.01.17 21:01:33.870,0.97035,0.97075,6.40,11.30
2008.01.17 21:01:34.241,0.97035,0.97075,6.40,11.30
2008.01.17 21:01:34.379,0.97035,0.97075,6.40,11.30
2008.01.17 21:01:34.717,0.97035,0.97075,6.40,11.30
2008.01.17 21:01:34.994,0.97035,0.97075,8.00,8.90
2008.01.17 21:01:35.268,0.97035,0.9708,16.80,8.90
2008.01.17 21:01:35.771,0.9704,0.9708,0.80,8.90
2008.01.17 21:01:35.787,0.9704,0.9708,0.80,8.90
2008.01.17 21:01:36.016,0.9704,0.9708,0.80,8.90
2008.01.17 21:01:36.256,0.9704,0.9708,0.80,8.90
2008.01.17 21:01:36.713,0.9704,0.9708,0.80,8.90
2008.01.17 21:01:36.729,0.9704,0.9708,0.80,8.90
2008.01.17 21:01:36.937,0.9704,0.9708,0.80,8.90
2008.01.17 21:01:37.360,0.9704,0.9708,0.80,8.90
2008.01.17 21:01:37.569,0.9704,0.9708,0.80,8.90
2008.01.17 21:01:37.942,0.97035,0.97075,6.40,11.30
2008.01.17 21:01:38.404,0.97035,0.97075,6.40,11.30
2008.01.17 21:01:38.642,0.97035,0.97075,6.40,11.20
2008.01.17 21:01:38.902,0.97035,0.97075,8.80,8.80
2008.01.17 21:01:39.342,0.9704,0.9708,0.80,8.90
2008.01.17 21:01:41.410,0.9704,0.9708,0.80,8.90
2008.01.17 21:01:41.735,0.97025,0.9706,7.20,0.20
2008.01.17 21:01:41.846,0.97025,0.9706,7.20,0.20
2008.01.17 21:01:42.094,0.97025,0.9706,3.20,0.20
2008.01.17 21:01:42.197,0.97025,0.9706,3.20,0.20
2008.01.17 21:01:42.522,0.97025,0.9706,3.20,0.20
2008.01.17 21:01:42.845,0.97025,0.9706,3.20,0.20
2008.01.17 21:01:43.168,0.97025,0.9706,3.20,0.20
2008.01.17 21:01:43.491,0.97025,0.9706,3.20,0.20
2008.01.17 21:01:43.814,0.97025,0.97065,2.40,8.90
2008.01.17 21:01:43.992,0.97025,0.97065,10.40,0.20
2008.01.17 21:01:44.307,0.97025,0.97065,10.40,0.20
2008.01.17 21:01:44.488,0.97025,0.97065,10.40,0.20
2008.01.17 21:01:44.895,0.97025,0.9707,12.00,8.90
2008.01.17 21:01:45.093,0.9703,0.9707,8.80,8.90
2008.01.17 21:01:45.338,0.9703,0.9707,8.80,8.90
2008.01.17 21:01:45.537,0.9703,0.9707,8.80,8.90
2008.01.17 21:01:45.785,0.9703,0.9707,8.80,8.90
2008.01.17 21:01:45.986,0.9703,0.9707,8.80,8.90
2008.01.17 21:01:46.365,0.9703,0.9707,8.80,8.90
2008.01.17 21:01:46.649,0.9703,0.9707,8.80,8.90
2008.01.17 21:01:46.931,0.9703,0.9707,8.80,8.90
2008.01.17 21:01:47.145,0.9703,0.9707,8.80,8.90
2008.01.17 21:01:47.404,0.9703,0.9707,8.80,8.90
2008.01.17 21:01:47.619,0.9703,0.9707,8.80,8.90
2008.01.17 21:01:47.982,0.9703,0.9707,8.80,8.90
2008.01.17 21:01:48.413,0.9703,0.9707,8.80,8.90
2008.01.17 21:01:48.429,0.9703,0.9707,8.80,8.90
2008.01.17 21:01:48.861,0.9703,0.97065,8.80,0.20
2008.01.17 21:01:48.880,0.9703,0.97065,8.80,0.20
2008.01.17 21:01:49.313,0.9703,0.97065,0.80,8.90
2008.01.17 21:01:49.585,0.9703,0.97065,0.80,8.90
2008.01.17 21:01:49.860,0.9703,0.97065,0.80,8.90
2008.01.17 21:01:50.132,0.9703,0.97065,0.80,8.90
2008.01.17 21:01:50.400,0.9703,0.97065,0.80,8.90
2008.01.17 21:01:50.621,0.9703,0.97065,0.80,8.90
2008.01.17 21:01:50.865,0.97035,0.97065,0.60,8.80
2008.01.17 21:01:51.317,0.97035,0.97075,9.20,15.30
2008.01.17 21:01:51.546,0.97035,0.97075,9.70,15.30
2008.01.17 21:01:51.801,0.97035,0.97075,10.00,15.30
2008.01.17 21:01:52.028,0.97035,0.97075,14.00,11.30
2008.01.17 21:01:52.347,0.97035,0.97075,14.00,11.30
2008.01.17 21:01:52.565,0.97035,0.97075,14.00,11.30
2008.01.17 21:01:52.866,0.97035,0.97075,14.00,11.30
2008.01.17 21:01:53.086,0.97035,0.97075,14.00,11.30
2008.01.17 21:01:53.374,0.97035,0.9707,12.80,0.20
2008.01.17 21:01:53.839,0.97035,0.9707,4.00,8.80
2008.01.17 21:01:54.073,0.97035,0.97075,8.00,11.30
2008.01.17 21:01:54.311,0.97035,0.97075,8.80,11.30
2008.01.17 21:01:54.542,0.97035,0.97075,10.40,11.30
2008.01.17 21:01:54.797,0.97035,0.97075,10.40,8.80
2008.01.17 21:01:55.273,0.97035,0.97075,14.40,8.80
2008.01.17 21:01:55.525,0.97035,0.97075,14.40,8.80
2008.01.17 21:01:55.779,0.97035,0.97075,14.40,8.80
2008.01.17 21:01:55.997,0.97035,0.97075,4.50,8.80
2008.01.17 21:01:56.016,0.97025,0.97075,20.00,8.80
2008.01.17 21:01:56.261,0.97025,0.97075,20.00,8.80
2008.01.17 21:01:56.492,0.97025,0.97075,20.00,8.80
2008.01.17 21:01:56.755,0.97035,0.97075,3.00,8.80
2008.01.17 21:01:57.197,0.97035,0.97075,1.70,8.80
2008.01.17 21:01:57.648,0.97035,0.97075,2.30,8.80
2008.01.17 21:01:57.667,0.97025,0.97085,12.00,11.20
2008.01.17 21:01:57.891,0.97025,0.9707,20.00,8.80
2008.01.17 21:01:58.136,0.97025,0.9707,6.80,8.80
2008.01.17 21:01:58.598,0.97015,0.9707,22.40,8.80
2008.01.17 21:01:58.827,0.97015,0.9707,22.40,8.80
2008.01.17 21:01:59.122,0.97015,0.9707,22.40,8.80
2008.01.17 21:01:59.348,0.97015,0.9707,22.40,8.80
2008.01.17 21:01:59.616,0.97025,0.9707,6.30,8.80
2008.01.17 21:01:59.839,0.9703,0.97075,4.40,8.80
2008.01.17 21:02:00.115,0.97025,0.97075,16.00,8.80
2008.01.17 21:02:00.337,0.97025,0.97075,20.00,8.80
2008.01.17 21:02:00.635,0.9703,0.97075,3.20,8.80
2008.01.17 21:02:00.912,0.9703,0.97075,3.20,8.80
2008.01.17 21:02:01.218,0.97025,0.97075,20.00,8.80
2008.01.17 21:02:01.616,0.97025,0.97075,20.00,8.80
2008.01.17 21:02:01.639,0.97025,0.97075,20.00,8.80
2008.01.17 21:02:02.042,0.9703,0.97075,1.10,8.80
2008.01.17 21:02:02.215,0.97025,0.97075,20.00,8.80
2008.01.17 21:02:02.512,0.97025,0.97075,20.00,8.80
2008.01.17 21:02:02.811,0.9703,0.97075,2.20,8.80
2008.01.17 21:02:03.135,0.97025,0.97075,20.00,8.80
2008.01.17 21:02:03.434,0.9703,0.97075,1.60,8.80
2008.01.17 21:02:03.713,0.97025,0.97075,20.00,8.80
2008.01.17 21:02:03.899,0.9703,0.97075,0.80,8.80
2008.01.17 21:02:04.169,0.9703,0.97075,3.70,8.80
2008.01.17 21:02:04.582,0.9703,0.97075,3.40,8.80
2008.01.17 21:02:04.601,0.97025,0.97075,20.00,8.80
2008.01.17 21:02:05.069,0.97025,0.97075,20.00,8.80
2008.01.17 21:02:05.310,0.97025,0.97075,16.80,11.20
2008.01.17 21:02:05.558,0.97025,0.97075,16.80,11.20
2008.01.17 21:02:05.800,0.97025,0.9707,6.40,8.80
2008.01.17 21:02:06.042,0.97025,0.9707,0.90,8.80
2008.01.17 21:02:06.274,0.9702,0.97065,14.40,8.80
2008.01.17 21:02:06.533,0.9702,0.97065,12.00,8.80
2008.01.17 21:02:06.980,0.9702,0.97065,12.00,8.80
2008.01.17 21:02:07.224,0.9702,0.97065,1.50,8.80
2008.01.17 21:02:07.619,0.97015,0.97065,20.00,8.80
2008.01.17 21:02:07.861,0.9702,0.97065,1.70,8.80
2008.01.17 21:02:08.105,0.97015,0.97065,20.00,8.80
2008.01.17 21:02:08.307,0.97015,0.97065,20.00,8.80
2008.01.17 21:02:08.558,0.97015,0.97065,20.00,8.80
2008.01.17 21:02:08.755,0.9702,0.97065,2.00,8.80
2008.01.17 21:02:08.999,0.9702,0.97065,1.00,8.80
2008.01.17 21:02:09.200,0.97015,0.97065,20.00,8.80
2008.01.17 21:02:09.532,0.97015,0.97065,20.00,8.80
2008.01.17 21:02:09.802,0.97015,0.97065,20.00,8.80
2008.01.17 21:02:10.169,0.97015,0.97065,20.00,8.80
2008.01.17 21:02:10.439,0.97025,0.9707,1.30,8.80
2008.01.17 21:02:10.688,0.97025,0.9707,3.00,8.80
2008.01.17 21:02:10.893,0.97015,0.9707,20.00,8.80
2008.01.17 21:02:11.326,0.97025,0.9707,2.10,8.80
2008.01.17 21:02:11.489,0.97025,0.9707,14.40,8.80
2008.01.17 21:02:11.750,0.97025,0.9707,14.40,8.80
2008.01.17 21:02:12.143,0.9703,0.9707,4.00,8.80
2008.01.17 21:02:12.305,0.97025,0.9707,4.70,8.80
2008.01.17 21:02:12.552,0.97015,0.9707,20.00,8.80
2008.01.17 21:02:12.885,0.9703,0.97075,3.00,8.80
2008.01.17 21:02:13.217,0.97025,0.9708,20.00,8.80
2008.01.17 21:02:13.695,0.97025,0.97075,20.00,8.80
2008.01.17 21:02:13.853,0.97025,0.97075,20.00,8.80
2008.01.17 21:02:14.104,0.97025,0.9708,20.00,8.80
2008.01.17 21:02:14.262,0.97035,0.9708,1.50,8.80
2008.01.17 21:02:14.506,0.97035,0.9708,0.50,8.80
2008.01.17 21:02:14.741,0.97025,0.9708,20.00,8.80
2008.01.17 21:02:14.996,0.97035,0.97085,9.60,11.30
2008.01.17 21:02:15.460,0.97035,0.97085,10.40,11.30
2008.01.17 21:02:15.917,0.97035,0.97085,10.40,11.30
2008.01.17 21:02:16.156,0.97035,0.97085,14.40,11.30
2008.01.17 21:02:16.412,0.9704,0.97085,1.90,11.30
2008.01.17 21:02:16.648,0.9704,0.97085,1.80,11.30
2008.01.17 21:02:16.888,0.9704,0.97085,2.20,11.30
2008.01.17 21:02:17.125,0.9704,0.97085,2.90,11.30
2008.01.17 21:02:17.419,0.9704,0.97085,3.10,11.30
2008.01.17 21:02:17.658,0.97035,0.97085,14.40,11.30
2008.01.17 21:02:18.118,0.97035,0.97085,14.40,11.30
2008.01.17 21:02:18.336,0.9704,0.97085,1.80,11.30
2008.01.17 21:02:18.650,0.97035,0.97085,14.40,11.30
2008.01.17 21:02:18.868,0.97035,0.97085,14.40,11.30
2008.01.17 21:02:19.112,0.97035,0.97085,14.40,11.30
2008.01.17 21:02:19.329,0.97035,0.97085,14.40,11.30
2008.01.17 21:02:19.735,0.97035,0.97085,14.40,11.30
2008.01.17 21:02:19.922,0.97035,0.9708,6.60,8.80
2008.01.17 21:02:20.163,0.97025,0.9708,20.00,8.80
2008.01.17 21:02:20.384,0.97025,0.9708,20.00,8.80
2008.01.17 21:02:20.740,0.97025,0.9708,20.00,8.80
2008.01.17 21:02:20.962,0.97025,0.9708,20.00,8.80
2008.01.17 21:02:21.404,0.97025,0.9708,20.00,8.80
2008.01.17 21:02:21.618,0.97025,0.9708,20.00,8.80
2008.01.17 21:02:21.861,0.97025,0.9708,20.00,8.80
2008.01.17 21:02:22.072,0.97035,0.9708,4.70,8.80
2008.01.17 21:02:22.337,0.97025,0.9708,20.00,8.80
2008.01.17 21:02:22.804,0.97035,0.9707,3.00,0.20
2008.01.17 21:02:23.267,0.97035,0.9707,1.90,0.20
2008.01.17 21:02:23.498,0.9703,0.9707,13.60,0.20
2008.01.17 21:02:23.743,0.9703,0.9707,13.60,0.20
2008.01.17 21:02:23.987,0.9703,0.9707,13.60,0.20
2008.01.17 21:02:24.231,0.97035,0.9707,0.80,0.20
2008.01.17 21:02:24.718,0.97035,0.9707,0.80,0.20
2008.01.17 21:02:24.935,0.97035,0.9707,0.80,0.20
2008.01.17 21:02:25.263,0.97035,0.9707,0.80,0.20
2008.01.17 21:02:25.487,0.97035,0.9707,0.80,0.20
2008.01.17 21:02:25.892,0.97035,0.9707,0.80,0.20
2008.01.17 21:02:26.075,0.97035,0.9707,0.80,0.20
2008.01.17 21:02:26.477,0.97035,0.9707,0.80,0.20
2008.01.17 21:02:26.659,0.97035,0.9707,2.40,0.20
2008.01.17 21:02:26.921,0.97035,0.97065,1.60,0.20
2008.01.17 21:02:27.375,0.9703,0.97065,8.80,0.20
2008.01.17 21:02:27.627,0.9703,0.97065,8.80,0.20
2008.01.17 21:02:27.881,0.9703,0.97065,8.80,0.20
2008.01.17 21:02:28.132,0.9703,0.97065,8.80,0.20
2008.01.17 21:02:28.376,0.9703,0.97065,8.80,0.20
2008.01.17 21:02:28.581,0.9703,0.97065,8.80,0.20
2008.01.17 21:02:28.904,0.9703,0.97065,8.80,0.20
2008.01.17 21:02:29.113,0.9703,0.97065,8.00,0.20
2008.01.17 21:02:29.357,0.97025,0.97065,16.80,0.20
2008.01.17 21:02:29.591,0.97025,0.97065,16.80,0.20
2008.01.17 21:02:29.845,0.97025,0.97065,16.80,0.20
2008.01.17 21:02:30.080,0.97025,0.97065,16.80,0.20
2008.01.17 21:02:30.326,0.97025,0.97065,16.80,0.20
2008.01.17 21:02:30.782,0.97025,0.97065,16.80,0.20
2008.01.17 21:02:30.799,0.97025,0.97065,16.80,0.20
2008.01.17 21:02:31.243,0.9703,0.97065,0.80,0.20
2008.01.17 21:02:31.692,0.9703,0.97065,0.80,0.20
2008.01.17 21:02:31.970,0.9703,0.97065,0.80,0.20
2008.01.17 21:02:32.249,0.9703,0.97065,8.80,0.20
2008.01.17 21:02:32.527,0.9703,0.97065,8.80,0.20
2008.01.17 21:02:32.771,0.9703,0.97065,8.80,0.20
2008.01.17 21:02:32.972,0.9703,0.97065,8.80,0.20
2008.01.17 21:02:33.210,0.9703,0.97065,8.80,0.20
2008.01.17 21:02:33.408,0.9703,0.97065,8.80,0.20
2008.01.17 21:02:33.727,0.9703,0.97065,8.80,0.20
2008.01.17 21:02:33.949,0.9703,0.97065,8.80,0.20
2008.01.17 21:02:34.194,0.9703,0.97065,8.80,0.20
2008.01.17 21:02:34.417,0.9703,0.97065,8.80,0.20
2008.01.17 21:02:34.752,0.9703,0.97065,8.80,0.20
2008.01.17 21:02:34.954,0.9703,0.97065,8.80,0.20
2008.01.17 21:02:35.382,0.9703,0.97065,8.80,0.20
2008.01.17 21:02:35.397,0.9703,0.97065,8.80,0.20
2008.01.17 21:02:35.600,0.9703,0.97065,8.80,0.20
2008.01.17 21:02:35.945,0.9703,0.97065,8.80,0.20
2008.01.17 21:02:36.139,0.9703,0.97065,8.80,0.20
2008.01.17 21:02:36.379,0.9703,0.97065,8.80,0.20
2008.01.17 21:02:36.574,0.9703,0.97065,8.80,0.20
2008.01.17 21:02:36.829,0.9703,0.97065,8.80,0.20
2008.01.17 21:02:37.021,0.9703,0.97065,8.80,0.20
2008.01.17 21:02:37.355,0.9703,0.97065,8.80,0.20
2008.01.17 21:02:37.689,0.9703,0.97065,8.80,0.20
2008.01.17 21:02:38.021,0.9703,0.97065,8.80,0.20
2008.01.17 21:02:38.194,0.9703,0.97065,8.80,0.20
2008.01.17 21:02:38.497,0.9703,0.97065,8.80,0.20
2008.01.17 21:02:38.668,0.9703,0.97065,8.80,0.20
2008.01.17 21:02:39.069,0.9703,0.97065,8.80,0.20
2008.01.17 21:02:39.263,0.9703,0.97065,8.80,0.20
2008.01.17 21:02:39.555,0.9703,0.97065,8.80,0.20
2008.01.17 21:02:39.747,0.9703,0.97065,8.80,0.20
2008.01.17 21:02:40.106,0.9703,0.97065,8.80,0.20
2008.01.17 21:02:40.342,0.9703,0.97065,8.80,0.20
2008.01.17 21:02:40.809,0.9703,0.97065,8.80,0.20
2008.01.17 21:02:41.044,0.9703,0.97065,8.80,0.20
2008.01.17 21:02:41.298,0.9703,0.97065,8.80,0.20
2008.01.17 21:02:41.493,0.9703,0.97065,8.80,0.20
2008.01.17 21:02:41.806,0.9703,0.97065,8.80,0.20
2008.01.17 21:02:41.995,0.9703,0.9707,8.80,8.90
2008.01.17 21:02:42.238,0.9703,0.9707,8.80,8.90
2008.01.17 21:02:42.286,0.97025,0.9707,16.00,8.90
2008.01.17 21:02:42.654,0.97025,0.9707,16.00,8.90
2008.01.17 21:02:42.766,0.97025,0.9707,7.60,8.90
2008.01.17 21:02:43.325,0.97025,0.9707,5.60,8.90
2008.01.17 21:02:43.473,0.97025,0.9707,3.40,8.90
2008.01.17 21:02:43.839,0.9702,0.9707,12.00,8.90
2008.01.17 21:02:43.988,0.9702,0.9707,11.20,8.90
2008.01.17 21:02:44.258,0.9702,0.9707,11.20,8.90
2008.01.17 21:02:44.407,0.9702,0.9707,11.20,8.90
2008.01.17 21:02:44.703,0.97025,0.9707,4.80,8.90
2008.01.17 21:02:44.996,0.9702,0.9707,11.20,8.90
2008.01.17 21:02:45.306,0.97025,0.9707,4.30,8.90
2008.01.17 21:02:45.600,0.9702,0.9707,11.20,8.90
2008.01.17 21:02:45.850,0.97025,0.97065,12.80,0.20
2008.01.17 21:02:46.282,0.9703,0.97065,0.80,0.20
2008.01.17 21:02:46.479,0.97025,0.97065,12.80,0.20
2008.01.17 21:02:46.734,0.97025,0.9706,12.80,0.20
2008.01.17 21:02:46.997,0.9702,0.97065,15.20,8.90
2008.01.17 21:02:47.260,0.97025,0.97065,0.80,8.90
2008.01.17 21:02:47.748,0.97025,0.97065,2.40,0.20
2008.01.17 21:02:47.969,0.9703,0.97065,0.80,0.20
2008.01.17 21:02:48.219,0.9703,0.97065,0.80,0.20
2008.01.17 21:02:48.445,0.97025,0.97065,16.80,0.20
2008.01.17 21:02:48.699,0.9703,0.97065,0.80,0.20
2008.01.17 21:02:48.920,0.9703,0.97065,0.80,0.20
2008.01.17 21:02:49.176,0.9703,0.9707,0.80,8.90
2008.01.17 21:02:49.426,0.9702,0.9707,15.20,8.90
2008.01.17 21:02:49.679,0.9702,0.9707,15.20,8.90
2008.01.17 21:02:50.148,0.9702,0.9707,8.80,8.90
2008.01.17 21:02:50.604,0.97025,0.9707,2.50,8.90
2008.01.17 21:02:50.832,0.9702,0.9707,8.80,8.90
2008.01.17 21:02:51.084,0.9702,0.9707,8.80,8.90
2008.01.17 21:02:51.535,0.9702,0.9707,8.80,8.90
2008.01.17 21:02:51.600,0.9702,0.9707,8.80,8.90
2008.01.17 21:02:52.073,0.9703,0.97065,2.00,0.20
2008.01.17 21:02:52.584,0.97025,0.97065,10.40,0.20
2008.01.17 21:02:52.797,0.97025,0.97065,10.40,0.20
2008.01.17 21:02:53.047,0.97025,0.97065,10.40,0.20
2008.01.17 21:02:53.258,0.97025,0.97065,14.40,0.20
2008.01.17 21:02:53.508,0.9703,0.97065,0.80,0.20
2008.01.17 21:02:53.743,0.9703,0.97055,0.80,0.20
2008.01.17 21:02:53.995,0.97025,0.97055,0.60,0.20
2008.01.17 21:02:54.455,0.9702,0.9706,12.80,8.90
2008.01.17 21:02:54.688,0.9702,0.9706,12.80,8.80
2008.01.17 21:02:54.941,0.97025,0.97065,3.50,8.90
2008.01.17 21:02:55.410,0.97015,0.97065,11.20,12.80
2008.01.17 21:02:55.666,0.9702,0.97065,9.60,4.10
2008.01.17 21:02:55.920,0.9702,0.97065,9.60,4.10
2008.01.17 21:02:56.122,0.9702,0.97065,9.60,12.80
2008.01.17 21:02:56.368,0.9702,0.97065,9.60,8.80
2008.01.17 21:02:56.794,0.9702,0.9707,9.60,8.90
2008.01.17 21:02:57.137,0.97025,0.9707,1.10,8.90
2008.01.17 21:02:57.394,0.97025,0.9707,4.60,8.90
2008.01.17 21:02:57.651,0.9702,0.9706,9.60,0.20
2008.01.17 21:02:57.909,0.97015,0.9706,16.00,8.90
2008.01.17 21:02:58.167,0.9702,0.9706,2.20,8.90
2008.01.17 21:02:58.601,0.97015,0.9706,16.00,8.90
2008.01.17 21:02:58.818,0.97015,0.9705,16.00,0.20
2008.01.17 21:02:59.082,0.97015,0.9705,12.00,0.20
2008.01.17 21:02:59.519,0.9701,0.9705,12.80,0.20
2008.01.17 21:02:59.573,0.97015,0.9705,2.80,0.20
2008.01.17 21:03:00.044,0.9701,0.9705,12.80,0.20
2008.01.17 21:03:00.317,0.97015,0.9705,2.50,0.20
2008.01.17 21:03:00.577,0.9701,0.9705,12.80,0.20
2008.01.17 21:03:00.769,0.9701,0.9705,12.80,0.20
2008.01.17 21:03:01.106,0.9701,0.9705,12.80,0.20
2008.01.17 21:03:01.298,0.97015,0.9705,2.40,0.20
2008.01.17 21:03:01.621,0.97015,0.9705,1.00,0.20
2008.01.17 21:03:02.063,0.97015,0.9705,1.60,0.20
2008.01.17 21:03:02.504,0.97015,0.9705,0.60,0.20
2008.01.17 21:03:02.712,0.9701,0.9705,10.40,0.20
2008.01.17 21:03:03.001,0.97015,0.9705,3.40,0.20
2008.01.17 21:03:03.476,0.9701,0.9705,12.00,0.20
2008.01.17 21:03:03.762,0.97015,0.9705,2.70,0.20
2008.01.17 21:03:04.052,0.9701,0.9705,12.00,0.20
2008.01.17 21:03:04.238,0.9701,0.9705,12.00,0.20
2008.01.17 21:03:04.495,0.9701,0.9705,12.00,0.20
2008.01.17 21:03:04.684,0.97015,0.9705,5.10,0.20
2008.01.17 21:03:05.100,0.9701,0.9705,12.00,0.20
2008.01.17 21:03:05.343,0.97015,0.9705,11.20,0.20
2008.01.17 21:03:05.586,0.97015,0.9705,11.20,0.20
2008.01.17 21:03:05.830,0.9702,0.9705,0.50,0.20
2008.01.17 21:03:06.074,0.97015,0.9705,11.20,0.20
2008.01.17 21:03:06.293,0.9701,0.9705,12.00,0.20
2008.01.17 21:03:06.537,0.97015,0.9705,1.20,0.20
2008.01.17 21:03:06.754,0.9701,0.9705,12.00,0.20
2008.01.17 21:03:06.998,0.9701,0.9705,12.00,0.20
2008.01.17 21:03:07.231,0.97015,0.9705,5.90,0.20
2008.01.17 21:03:07.478,0.97015,0.9705,2.80,0.20
2008.01.17 21:03:07.715,0.97015,0.9705,5.30,0.20
2008.01.17 21:03:08.173,0.9701,0.9705,12.00,0.20
2008.01.17 21:03:08.359,0.97015,0.9705,4.90,0.20
2008.01.17 21:03:08.770,0.97015,0.9705,2.30,0.20
2008.01.17 21:03:08.957,0.9701,0.9705,12.00,0.20
2008.01.17 21:03:09.374,0.9701,0.9705,12.00,0.20
2008.01.17 21:03:09.562,0.9701,0.9705,12.00,0.20
2008.01.17 21:03:09.976,0.97015,0.9705,3.00,0.20
2008.01.17 21:03:10.163,0.9701,0.9705,12.00,0.20
2008.01.17 21:03:10.574,0.9701,0.9705,12.00,0.20
2008.01.17 21:03:10.762,0.97015,0.9705,5.90,0.20
2008.01.17 21:03:10.959,0.97015,0.9705,2.40,0.20
2008.01.17 21:03:11.210,0.9701,0.9705,12.00,0.20
2008.01.17 21:03:11.408,0.9701,0.9705,12.00,0.20
2008.01.17 21:03:11.833,0.97015,0.9705,5.70,0.20
2008.01.17 21:03:12.047,0.9701,0.9705,12.00,0.20
2008.01.17 21:03:12.287,0.97015,0.9705,1.90,0.20
2008.01.17 21:03:12.500,0.9701,0.9705,12.00,0.20
2008.01.17 21:03:12.755,0.97015,0.9705,4.20,0.20
2008.01.17 21:03:12.990,0.9701,0.9705,12.00,0.20
2008.01.17 21:03:13.293,0.97015,0.97055,0.80,0.20
2008.01.17 21:03:13.528,0.9702,0.97055,9.60,0.20
2008.01.17 21:03:13.768,0.9702,0.97055,9.60,0.20
2008.01.17 21:03:13.987,0.9702,0.97055,9.60,0.20
2008.01.17 21:03:14.388,0.9702,0.97055,9.60,0.20
2008.01.17 21:03:14.609,0.97025,0.97055,0.80,0.20
2008.01.17 21:03:15.049,0.9702,0.97055,9.60,0.20
2008.01.17 21:03:15.246,0.97025,0.97055,0.80,0.20
2008.01.17 21:03:15.672,0.97025,0.97055,0.80,0.20
2008.01.17 21:03:15.869,0.9702,0.97055,9.60,0.20
2008.01.17 21:03:16.031,0.97025,0.97055,0.80,0.20
2008.01.17 21:03:16.270,0.97025,0.97055,0.80,0.20
2008.01.17 21:03:16.435,0.9702,0.97055,9.60,0.20
2008.01.17 21:03:16.824,0.97025,0.97055,0.80,0.20
2008.01.17 21:03:16.984,0.9702,0.97055,9.60,0.20
2008.01.17 21:03:17.249,0.9702,0.97055,9.60,0.20
2008.01.17 21:03:17.513,0.97025,0.97055,0.80,0.20
2008.01.17 21:03:17.775,0.9702,0.97055,9.60,0.20
2008.01.17 21:03:18.038,0.97025,0.97055,0.80,0.20
2008.01.17 21:03:18.288,0.97025,0.97055,0.80,0.20
2008.01.17 21:03:18.505,0.9702,0.97055,9.60,0.20
2008.01.17 21:03:18.829,0.9702,0.97055,9.60,0.20
2008.01.17 21:03:19.047,0.9702,0.9705,9.60,0.20
2008.01.17 21:03:19.335,0.9702,0.9705,1.60,0.20
2008.01.17 21:03:19.550,0.97015,0.9705,2.60,0.20
2008.01.17 21:03:19.797,0.9701,0.9705,16.00,0.20
2008.01.17 21:03:20.011,0.9701,0.9705,12.00,0.20
2008.01.17 21:03:20.249,0.97015,0.9705,1.10,0.20
2008.01.17 21:03:20.477,0.97015,0.9705,1.10,0.20
2008.01.17 21:03:20.722,0.9701,0.9705,12.00,0.20
2008.01.17 21:03:20.951,0.9701,0.9705,12.00,0.20
2008.01.17 21:03:21.327,0.97015,0.9705,1.40,0.20
2008.01.17 21:03:21.535,0.9701,0.9705,12.00,0.20
2008.01.17 21:03:21.869,0.9701,0.9705,12.00,0.20
2008.01.17 21:03:22.081,0.9701,0.9705,9.60,0.20
2008.01.17 21:03:22.335,0.97015,0.9705,0.80,0.20
2008.01.17 21:03:22.838,0.9701,0.9705,9.60,0.20
2008.01.17 21:03:23.110,0.97015,0.97045,0.80,0.20
2008.01.17 21:03:23.444,0.97005,0.97045,13.60,0.20
2008.01.17 21:03:23.609,0.97,0.97045,13.60,0.20
2008.01.17 21:03:23.853,0.97005,0.97045,1.00,0.20
2008.01.17 21:03:24.020,0.97,0.97045,9.60,0.20
2008.01.17 21:03:24.271,0.97005,0.97045,2.90,0.20
2008.01.17 21:03:24.439,0.97005,0.97045,4.60,0.20
2008.01.17 21:03:24.771,0.97005,0.97045,1.10,0.20
2008.01.17 21:03:25.330,0.97,0.97045,9.60,0.20
2008.01.17 21:03:25.437,0.97005,0.97045,3.70,0.20
2008.01.17 21:03:25.993,0.97,0.97045,9.60,0.20
2008.01.17 21:03:26.167,0.97005,0.97045,4.20,0.20
2008.01.17 21:03:26.566,0.97005,0.97045,3.00,0.20
2008.01.17 21:03:26.723,0.97005,0.97045,4.10,0.20
2008.01.17 21:03:26.991,0.97,0.97045,9.60,0.20
2008.01.17 21:03:27.364,0.97,0.97035,9.60,0.20
2008.01.17 21:03:27.517,0.96995,0.97035,12.80,0.20
2008.01.17 21:03:27.762,0.97,0.9704,11.20,0.20
2008.01.17 21:03:28.061,0.97005,0.9704,1.60,0.20
2008.01.17 21:03:28.359,0.97,0.9704,11.20,0.20
2008.01.17 21:03:28.887,0.97,0.97045,11.20,8.90
2008.01.17 21:03:29.388,0.96995,0.9704,19.20,0.20
2008.01.17 21:03:29.583,0.97,0.9704,11.20,0.20
2008.01.17 21:03:29.831,0.97005,0.97045,0.60,8.90
2008.01.17 21:03:30.028,0.97005,0.97045,0.50,0.20
2008.01.17 21:03:30.291,0.96995,0.97045,19.20,0.20
2008.01.17 21:03:30.553,0.97005,0.97045,2.80,0.20
2008.01.17 21:03:30.816,0.96995,0.97045,19.20,0.20
2008.01.17 21:03:31.080,0.96995,0.97045,19.20,0.20
2008.01.17 21:03:31.352,0.96995,0.97045,19.20,0.20
2008.01.17 21:03:31.764,0.96995,0.97045,19.20,0.20
2008.01.17 21:03:31.966,0.97005,0.97045,3.90,0.20
2008.01.17 21:03:32.220,0.97005,0.9704,2.20,0.20
2008.01.17 21:03:32.680,0.97,0.9704,12.80,0.20
2008.01.17 21:03:32.917,0.97,0.9704,12.80,0.20
2008.01.17 21:03:33.157,0.97,0.9704,12.80,0.20
2008.01.17 21:03:33.398,0.97,0.9704,12.80,0.20
2008.01.17 21:03:33.681,0.97,0.9704,12.80,0.20
2008.01.17 21:03:33.964,0.97,0.9704,12.80,0.20
2008.01.17 21:03:34.247,0.97,0.9704,12.80,0.20
2008.01.17 21:03:34.439,0.97,0.9704,12.00,0.20
2008.01.17 21:03:34.711,0.97005,0.9704,1.20,0.20
2008.01.17 21:03:34.904,0.97005,0.9704,1.90,0.20
2008.01.17 21:03:35.163,0.97,0.9704,12.80,0.20
2008.01.17 21:03:35.358,0.97,0.9704,12.80,0.20
2008.01.17 21:03:35.779,0.97,0.9704,12.80,0.20
2008.01.17 21:03:36.223,0.97,0.9704,11.20,0.20
2008.01.17 21:03:36.243,0.97005,0.9704,1.40,0.20
2008.01.17 21:03:36.695,0.97,0.9704,11.20,0.20
2008.01.17 21:03:37.149,0.97005,0.9704,0.60,0.20
2008.01.17 21:03:37.373,0.97,0.9704,11.20,0.20
2008.01.17 21:03:37.625,0.97,0.97035,11.20,0.20
2008.01.17 21:03:38.109,0.97,0.97035,2.60,0.20
2008.01.17 21:03:38.142,0.96995,0.97035,16.80,0.20
2008.01.17 21:03:38.631,0.97,0.97035,4.30,0.20
2008.01.17 21:03:38.889,0.96995,0.97035,12.80,0.20
2008.01.17 21:03:39.211,0.96995,0.97035,12.80,0.20
2008.01.17 21:03:39.438,0.97,0.97035,3.90,0.20
2008.01.17 21:03:39.799,0.97,0.97035,3.70,0.20
2008.01.17 21:03:39.993,0.96995,0.97035,10.40,0.20
2008.01.17 21:03:40.244,0.97,0.97035,3.10,0.20
2008.01.17 21:03:40.672,0.97,0.97035,0.80,0.20
2008.01.17 21:03:40.684,0.96995,0.97035,12.80,0.20
2008.01.17 21:03:40.876,0.96995,0.97035,12.80,0.20
2008.01.17 21:03:41.196,0.96995,0.97035,12.80,0.20
2008.01.17 21:03:41.458,0.96995,0.97035,12.80,0.20
2008.01.17 21:03:41.723,0.97,0.97035,4.20,0.20
2008.01.17 21:03:42.212,0.96995,0.97035,12.80,0.20
2008.01.17 21:03:42.235,0.96995,0.97035,12.80,0.20
2008.01.17 21:03:42.486,0.96995,0.97035,12.80,0.20
2008.01.17 21:03:42.781,0.97,0.97035,2.30,0.20
2008.01.17 21:03:43.030,0.97,0.97035,0.60,0.20
2008.01.17 21:03:43.410,0.96995,0.97035,12.80,0.20
2008.01.17 21:03:43.613,0.96995,0.97035,12.80,0.20
2008.01.17 21:03:44.032,0.96995,0.97035,12.80,0.20
2008.01.17 21:03:44.205,0.97,0.97035,2.50,0.20
2008.01.17 21:03:44.606,0.96995,0.97035,12.80,0.20
2008.01.17 21:03:44.621,0.97,0.97035,0.80,0.20
2008.01.17 21:03:44.792,0.96995,0.97035,12.80,0.20
2008.01.17 21:03:45.195,0.97,0.97035,3.00,0.20
2008.01.17 21:03:45.403,0.97,0.97035,2.80,0.20
2008.01.17 21:03:45.800,0.97,0.97035,2.20,0.20
2008.01.17 21:03:46.009,0.96995,0.97035,12.80,0.20
2008.01.17 21:03:46.341,0.96995,0.97035,12.80,0.20
2008.01.17 21:03:46.535,0.97,0.97035,2.20,0.20
2008.01.17 21:03:46.922,0.97,0.97035,2.40,0.20
2008.01.17 21:03:47.111,0.97,0.97035,4.50,0.20
2008.01.17 21:03:47.355,0.96995,0.97035,12.80,0.20
2008.01.17 21:03:47.625,0.96995,0.97035,12.80,0.20
2008.01.17 21:03:47.894,0.96995,0.97035,12.80,0.20
2008.01.17 21:03:48.163,0.97,0.97035,1.20,0.20
2008.01.17 21:03:48.430,0.97,0.97035,4.60,0.20
2008.01.17 21:03:48.649,0.96995,0.97035,12.80,0.20
2008.01.17 21:03:48.903,0.96995,0.97035,11.20,0.20
2008.01.17 21:03:49.125,0.96995,0.97035,10.40,0.20
2008.01.17 21:03:49.400,0.97,0.97035,9.60,0.20
2008.01.17 21:03:49.621,0.97,0.97035,10.40,0.20
2008.01.17 21:03:49.898,0.97,0.9704,12.80,0.20
2008.01.17 21:03:50.177,0.97,0.9704,12.80,0.20
2008.01.17 21:03:50.457,0.97005,0.9704,2.70,0.20
2008.01.17 21:03:50.641,0.97005,0.9704,1.90,0.20
2008.01.17 21:03:50.921,0.97,0.9704,12.80,0.20
2008.01.17 21:03:51.105,0.97,0.9704,12.80,0.20
2008.01.17 21:03:51.509,0.97,0.9704,12.80,0.20
2008.01.17 21:03:51.722,0.97,0.9704,12.80,0.20
2008.01.17 21:03:51.974,0.97005,0.9704,2.40,0.20
2008.01.17 21:03:52.188,0.97,0.97045,12.80,8.90
2008.01.17 21:03:52.433,0.9701,0.97045,1.60,0.20
2008.01.17 21:03:52.646,0.97015,0.9704,0.80,0.20
2008.01.17 21:03:52.934,0.9701,0.9704,1.60,0.20
2008.01.17 21:03:53.223,0.97005,0.9704,3.70,0.20
2008.01.17 21:03:53.510,0.97,0.9704,16.80,0.20
2008.01.17 21:03:54.011,0.97,0.9704,12.80,0.20
2008.01.17 21:03:54.220,0.97005,0.9704,2.60,0.20
2008.01.17 21:03:54.475,0.97005,0.9704,1.50,0.20
2008.01.17 21:03:54.909,0.97,0.9704,11.20,0.20
2008.01.17 21:03:55.117,0.97005,0.9704,2.40,0.20
2008.01.17 21:03:55.576,0.97005,0.9704,2.40,0.20
2008.01.17 21:03:55.585,0.97005,0.9704,2.40,0.20
2008.01.17 21:03:55.824,0.97005,0.9704,2.40,0.20
2008.01.17 21:03:56.070,0.97005,0.97045,2.40,8.90
2008.01.17 21:03:56.260,0.97005,0.97045,3.20,8.90
2008.01.17 21:03:56.510,0.97005,0.97045,12.80,0.20
2008.01.17 21:03:56.920,0.97005,0.97045,12.80,0.20
2008.01.17 21:03:56.951,0.97005,0.97045,12.80,0.20
2008.01.17 21:03:57.356,0.97005,0.97045,12.80,0.20
2008.01.17 21:03:57.665,0.97005,0.97045,12.80,0.20
2008.01.17 21:03:57.973,0.97005,0.97045,12.80,0.20
2008.01.17 21:03:58.282,0.97005,0.97045,12.80,0.20
2008.01.17 21:03:58.577,0.97005,0.97045,12.80,0.20
2008.01.17 21:03:58.751,0.97005,0.97045,12.80,0.20
2008.01.17 21:03:59.154,0.97005,0.97045,12.80,0.20
2008.01.17 21:03:59.327,0.97005,0.97045,12.80,0.20
2008.01.17 21:03:59.768,0.97005,0.97045,12.80,0.20
2008.01.17 21:03:59.783,0.97005,0.97045,12.80,0.20
2008.01.17 21:03:59.990,0.97005,0.97045,12.80,0.20
2008.01.17 21:04:00.422,0.97005,0.97045,12.80,0.20
2008.01.17 21:04:00.586,0.97005,0.97045,12.80,0.20
2008.01.17 21:04:00.979,0.97005,0.97045,12.80,0.20
2008.01.17 21:04:01.141,0.97005,0.97045,12.80,0.20
2008.01.17 21:04:01.506,0.97005,0.97045,12.80,0.20
2008.01.17 21:04:01.709,0.97005,0.97045,12.80,0.20
2008.01.17 21:04:01.947,0.97005,0.97045,12.80,0.20
2008.01.17 21:04:02.388,0.97005,0.97045,12.80,0.20
2008.01.17 21:04:02.605,0.97005,0.97045,12.80,0.20
2008.01.17 21:04:02.866,0.97005,0.97045,12.80,0.20
2008.01.17 21:04:03.129,0.97005,0.97045,12.80,0.20
2008.01.17 21:04:03.392,0.97005,0.97045,12.80,0.20
2008.01.17 21:04:03.655,0.97005,0.97045,12.80,0.20
2008.01.17 21:04:03.813,0.97005,0.97045,12.80,0.20
2008.01.17 21:04:04.179,0.97005,0.97045,12.80,0.20
2008.01.17 21:04:04.336,0.97005,0.97045,12.80,0.20
2008.01.17 21:04:04.655,0.97005,0.97045,12.80,0.20
2008.01.17 21:04:04.878,0.97005,0.97045,12.80,0.20
2008.01.17 21:04:05.217,0.97005,0.97045,10.40,0.20
2008.01.17 21:04:05.439,0.97005,0.97045,10.40,0.20
2008.01.17 21:04:05.682,0.97005,0.97045,10.40,0.20
2008.01.17 21:04:05.911,0.97005,0.97045,10.40,0.20
2008.01.17 21:04:06.353,0.97005,0.97045,10.40,0.20
2008.01.17 21:04:06.582,0.97005,0.97045,9.60,0.20
2008.01.17 21:04:06.832,0.97005,0.97045,8.00,0.20
2008.01.17 21:04:07.264,0.97,0.97045,8.80,8.90
2008.01.17 21:04:07.467,0.97,0.97045,8.80,8.90
2008.01.17 21:04:07.721,0.97,0.97045,8.80,8.90
2008.01.17 21:04:07.930,0.97,0.97045,8.80,8.90
2008.01.17 21:04:08.210,0.97,0.97045,8.80,8.90
2008.01.17 21:04:08.716,0.97,0.97045,8.80,8.90
2008.01.17 21:04:08.993,0.97,0.97045,8.00,8.90
2008.01.17 21:04:09.273,0.97,0.97045,8.00,8.90
2008.01.17 21:04:09.715,0.97,0.97045,8.00,8.90
2008.01.17 21:04:09.946,0.97,0.97045,8.00,8.90
2008.01.17 21:04:10.198,0.97,0.97045,8.00,8.90
2008.01.17 21:04:10.415,0.97,0.97045,8.00,8.90
2008.01.17 21:04:10.656,0.97,0.97045,8.00,8.90
2008.01.17 21:04:10.870,0.97,0.97045,8.00,8.90
2008.01.17 21:04:11.113,0.97,0.97045,8.00,8.90
2008.01.17 21:04:11.552,0.97005,0.97045,8.00,0.20
2008.01.17 21:04:11.599,0.97005,0.97045,8.00,0.20
2008.01.17 21:04:12.077,0.97005,0.97045,8.00,0.20
2008.01.17 21:04:12.346,0.97005,0.97045,8.00,0.20
2008.01.17 21:04:12.662,0.97005,0.97045,8.00,0.20
2008.01.17 21:04:12.890,0.97005,0.97045,8.00,0.20
2008.01.17 21:04:13.343,0.97005,0.97045,8.00,0.20
2008.01.17 21:04:13.508,0.97005,0.97045,8.00,0.20
2008.01.17 21:04:13.898,0.97005,0.97045,8.00,0.20
2008.01.17 21:04:14.060,0.97005,0.97045,10.40,0.20
2008.01.17 21:04:14.305,0.97005,0.97045,10.40,0.20
2008.01.17 21:04:14.464,0.97005,0.97045,10.40,0.20
2008.01.17 21:04:14.719,0.97005,0.97045,10.40,0.20
2008.01.17 21:04:14.992,0.97005,0.97045,10.40,0.20
2008.01.17 21:04:15.310,0.97005,0.97045,10.40,0.20
2008.01.17 21:04:15.583,0.97005,0.97045,10.40,0.20
2008.01.17 21:04:15.884,0.97005,0.9705,10.40,9.10
2008.01.17 21:04:16.079,0.97005,0.97045,10.40,0.20
2008.01.17 21:04:16.322,0.97005,0.97045,10.40,0.20
2008.01.17 21:04:16.519,0.97005,0.97045,10.40,0.20
2008.01.17 21:04:16.943,0.97005,0.9705,10.40,9.10
2008.01.17 21:04:17.189,0.97005,0.97045,10.40,0.20
2008.01.17 21:04:17.438,0.97005,0.97045,10.40,0.20
2008.01.17 21:04:17.686,0.97005,0.9705,10.40,9.10
2008.01.17 21:04:17.982,0.97005,0.97045,10.40,0.20
2008.01.17 21:04:18.183,0.97005,0.97045,10.40,0.20
2008.01.17 21:04:18.386,0.97005,0.9705,10.40,9.10
2008.01.17 21:04:18.624,0.97005,0.9705,10.40,9.10
2008.01.17 21:04:18.828,0.97005,0.97045,10.40,0.20
2008.01.17 21:04:19.258,0.97005,0.9705,10.40,9.10
2008.01.17 21:04:19.471,0.97005,0.97045,10.40,0.20
2008.01.17 21:04:19.723,0.97005,0.97045,10.40,0.20
2008.01.17 21:04:19.935,0.97005,0.9705,10.40,9.10
2008.01.17 21:04:20.354,0.97005,0.97045,10.40,0.20
2008.01.17 21:04:20.535,0.97005,0.9705,10.40,9.10
2008.01.17 21:04:20.949,0.97005,0.9705,10.40,9.10
2008.01.17 21:04:21.135,0.97005,0.9705,10.40,9.10
2008.01.17 21:04:21.547,0.97005,0.9705,10.40,9.10
2008.01.17 21:04:21.749,0.97005,0.97045,10.40,0.20
2008.01.17 21:04:21.994,0.97005,0.9705,10.40,9.10
2008.01.17 21:04:22.196,0.97005,0.97045,10.40,0.20
2008.01.17 21:04:22.624,0.97005,0.97045,10.40,0.20
2008.01.17 21:04:22.869,0.97005,0.9705,10.40,9.10
2008.01.17 21:04:23.314,0.97005,0.97045,10.40,0.20
2008.01.17 21:04:23.557,0.97005,0.97045,10.40,0.20
2008.01.17 21:04:24.028,0.97005,0.9705,10.40,9.10
2008.01.17 21:04:24.180,0.97005,0.9705,10.40,9.10
2008.01.17 21:04:24.559,0.97005,0.97045,10.40,0.20
2008.01.17 21:04:24.571,0.97005,0.9705,10.40,9.10
2008.01.17 21:04:24.724,0.97005,0.9705,10.40,9.10
2008.01.17 21:04:25.101,0.97005,0.9705,10.40,9.10
2008.01.17 21:04:25.340,0.97015,0.9705,0.80,0.80
2008.01.17 21:04:25.587,0.97015,0.97055,0.80,13.80
2008.01.17 21:04:25.825,0.97015,0.97055,0.80,13.90
2008.01.17 21:04:26.069,0.97015,0.97055,0.80,13.80
2008.01.17 21:04:26.305,0.97005,0.9704,10.40,0.20
2008.01.17 21:04:26.559,0.97005,0.9704,9.60,0.20
2008.01.17 21:04:27.041,0.97,0.9704,8.80,0.20
2008.01.17 21:04:27.499,0.97,0.9704,8.80,0.20
2008.01.17 21:04:27.702,0.97005,0.97045,8.00,2.70
2008.01.17 21:04:27.964,0.97005,0.97045,8.00,2.70
2008.01.17 21:04:28.167,0.97005,0.97045,8.00,2.70
2008.01.17 21:04:28.450,0.97005,0.97045,8.00,11.50
2008.01.17 21:04:28.651,0.97005,0.97045,8.00,11.50
2008.01.17 21:04:28.998,0.97005,0.9704,8.00,0.20
2008.01.17 21:04:29.250,0.97005,0.97045,8.00,11.50
2008.01.17 21:04:29.727,0.97005,0.97045,8.00,11.50
2008.01.17 21:04:29.754,0.97005,0.9703,8.00,0.20
2008.01.17 21:04:29.908,0.97005,0.97035,8.00,0.40
2008.01.17 21:04:30.231,0.96995,0.9703,16.80,0.20
2008.01.17 21:04:30.384,0.96995,0.9703,16.80,0.20
2008.01.17 21:04:30.775,0.96995,0.9703,16.80,0.20
2008.01.17 21:04:31.011,0.96995,0.97035,12.80,0.40
2008.01.17 21:04:31.400,0.96995,0.97035,12.80,0.40
2008.01.17 21:04:31.863,0.97,0.97035,0.80,2.70
2008.01.17 21:04:32.322,0.97,0.9703,0.80,0.20
2008.01.17 21:04:32.745,0.96995,0.97035,12.80,0.40
2008.01.17 21:04:32.946,0.96995,0.97035,12.80,0.40
2008.01.17 21:04:33.235,0.96995,0.9703,4.80,0.20
2008.01.17 21:04:33.713,0.96995,0.97035,4.80,9.10
2008.01.17 21:04:33.960,0.96995,0.97035,4.80,9.10
2008.01.17 21:04:34.205,0.96995,0.97035,4.80,9.10
2008.01.17 21:04:34.426,0.96995,0.97035,4.80,9.10
2008.01.17 21:04:34.662,0.96995,0.97035,4.00,9.10
2008.01.17 21:04:34.878,0.96995,0.97035,4.80,9.10
2008.01.17 21:04:35.202,0.96995,0.9704,4.80,9.10
2008.01.17 21:04:35.463,0.96995,0.97035,11.20,0.20
2008.01.17 21:04:35.721,0.96995,0.97035,11.20,0.20
2008.01.17 21:04:35.980,0.96995,0.9704,11.20,9.10
2008.01.17 21:04:36.232,0.96995,0.97035,11.20,0.20
2008.01.17 21:04:36.414,0.96995,0.9704,11.20,9.10
2008.01.17 21:04:36.653,0.96995,0.9704,11.20,9.10
2008.01.17 21:04:36.835,0.96995,0.97035,11.20,0.20
2008.01.17 21:04:37.083,0.96995,0.9704,11.20,9.10
2008.01.17 21:04:37.370,0.96995,0.97035,11.20,0.20
2008.01.17 21:04:37.656,0.96995,0.97035,11.20,0.20
2008.01.17 21:04:38.170,0.96995,0.9704,11.20,9.10
2008.01.17 21:04:38.363,0.96995,0.9704,11.20,9.10
2008.01.17 21:04:38.675,0.96995,0.97035,11.20,0.20
2008.01.17 21:04:38.867,0.96995,0.97035,11.20,0.20
2008.01.17 21:04:39.255,0.96995,0.97035,11.20,0.20
2008.01.17 21:04:39.458,0.96995,0.97035,11.20,0.20
2008.01.17 21:04:39.869,0.96995,0.97035,11.20,0.20
2008.01.17 21:04:40.072,0.96995,0.97035,11.20,0.20
2008.01.17 21:04:40.498,0.96995,0.97035,11.20,0.20
2008.01.17 21:04:40.718,0.96995,0.9704,11.20,9.10
2008.01.17 21:04:40.994,0.96995,0.97035,11.20,0.20
2008.01.17 21:04:41.210,0.96995,0.9704,11.20,9.10
2008.01.17 21:04:41.463,0.96995,0.9704,11.20,9.10
2008.01.17 21:04:41.680,0.96995,0.9704,11.20,9.10
2008.01.17 21:04:42.018,0.96995,0.97035,11.20,0.20
2008.01.17 21:04:42.215,0.96995,0.97035,11.20,0.20
2008.01.17 21:04:42.469,0.96995,0.9704,11.20,9.10
2008.01.17 21:04:42.757,0.96995,0.9704,11.20,9.10
2008.01.17 21:04:43.047,0.96995,0.9704,11.20,9.10
2008.01.17 21:04:43.336,0.96995,0.97035,11.20,0.20
2008.01.17 21:04:43.843,0.96995,0.97035,11.20,0.20
2008.01.17 21:04:43.977,0.96995,0.97035,11.20,0.20
2008.01.17 21:04:44.326,0.96995,0.97035,11.20,0.20
2008.01.17 21:04:44.460,0.96995,0.97035,11.20,0.20
2008.01.17 21:04:44.818,0.96995,0.97035,11.20,0.20
2008.01.17 21:04:44.950,0.96995,0.97035,11.20,0.20
2008.01.17 21:04:45.303,0.96995,0.97035,11.20,0.20
2008.01.17 21:04:45.580,0.96995,0.97035,11.20,0.20
2008.01.17 21:04:46.007,0.96995,0.97035,11.20,0.20
2008.01.17 21:04:46.166,0.96995,0.97035,11.20,0.20
2008.01.17 21:04:46.551,0.96995,0.97035,11.20,0.20
2008.01.17 21:04:46.565,0.96995,0.97035,11.20,0.20
2008.01.17 21:04:46.724,0.96995,0.97035,11.20,0.20
2008.01.17 21:04:47.023,0.96995,0.97035,11.20,0.20
2008.01.17 21:04:47.261,0.96995,0.97035,11.20,0.20
2008.01.17 21:04:47.503,0.96995,0.97035,11.20,0.20
2008.01.17 21:04:47.739,0.96995,0.97035,11.20,0.20
2008.01.17 21:04:47.977,0.96995,0.97035,11.20,0.20
2008.01.17 21:04:48.216,0.96995,0.97035,11.20,0.20
2008.01.17 21:04:48.683,0.96995,0.97035,11.20,0.20
2008.01.17 21:04:48.706,0.96995,0.97035,11.20,0.20
2008.01.17 21:04:48.959,0.96995,0.97035,11.20,0.20
2008.01.17 21:04:49.426,0.96995,0.97035,11.20,0.20
2008.01.17 21:04:49.563,0.96995,0.97035,11.20,0.20
2008.01.17 21:04:49.927,0.96995,0.97035,11.20,0.20
2008.01.17 21:04:50.048,0.96995,0.9704,11.20,9.10
2008.01.17 21:04:50.065,0.96995,0.97035,11.20,0.20
2008.01.17 21:04:50.428,0.96995,0.9704,11.20,9.10
2008.01.17 21:04:50.670,0.96995,0.9704,11.20,9.10
2008.01.17 21:04:51.132,0.96995,0.97035,11.20,0.20
2008.01.17 21:04:51.370,0.96995,0.97035,11.20,0.20
2008.01.17 21:04:51.832,0.96995,0.9704,11.20,9.10
2008.01.17 21:04:52.034,0.96995,0.9704,11.20,9.10
2008.01.17 21:04:52.280,0.96995,0.9704,11.20,9.10
2008.01.17 21:04:52.483,0.96995,0.9704,11.20,9.10
2008.01.17 21:04:52.905,0.96995,0.9704,11.20,9.10
2008.01.17 21:04:52.921,0.96995,0.9704,11.20,9.10
2008.01.17 21:04:53.120,0.96995,0.9704,11.20,9.10
2008.01.17 21:04:53.541,0.96995,0.97035,11.20,0.20
2008.01.17 21:04:53.703,0.96995,0.9704,11.20,9.10
2008.01.17 21:04:53.957,0.96995,0.97035,11.20,0.20
2008.01.17 21:04:54.120,0.96995,0.9704,11.20,9.10
2008.01.17 21:04:54.443,0.96995,0.9704,11.20,9.10
2008.01.17 21:04:54.603,0.96995,0.9704,11.20,9.10
2008.01.17 21:04:54.886,0.96995,0.9704,11.20,9.10
2008.01.17 21:04:55.170,0.96995,0.9704,11.20,9.10
2008.01.17 21:04:55.453,0.96995,0.9704,11.20,9.10
2008.01.17 21:04:55.736,0.96995,0.97035,11.20,0.20
2008.01.17 21:04:55.992,0.96995,0.9704,12.00,9.10
2008.01.17 21:04:56.176,0.96995,0.9704,12.80,9.10
2008.01.17 21:04:56.422,0.96995,0.9704,12.80,9.10
2008.01.17 21:04:56.602,0.97,0.97035,8.00,0.20
2008.01.17 21:04:56.842,0.97,0.97035,8.00,0.20
2008.01.17 21:04:57.169,0.97,0.9704,8.00,0.40
2008.01.17 21:04:57.432,0.97,0.9704,8.00,0.40
2008.01.17 21:04:57.697,0.97,0.97035,8.00,0.20
2008.01.17 21:04:57.959,0.97,0.9704,8.00,0.40
2008.01.17 21:04:58.214,0.97,0.9704,8.00,0.40
2008.01.17 21:04:58.692,0.97,0.9704,8.00,0.40
2008.01.17 21:04:58.723,0.97,0.9704,8.00,0.40
2008.01.17 21:04:59.212,0.97,0.9704,8.00,0.40
2008.01.17 21:04:59.668,0.97,0.97035,8.00,0.20
2008.01.17 21:04:59.901,0.96995,0.9704,10.40,9.10
2008.01.17 21:05:00.149,0.96995,0.97035,10.40,0.20
2008.01.17 21:05:00.377,0.96995,0.9704,10.40,9.10
2008.01.17 21:05:00.617,0.96995,0.9704,10.40,9.10
2008.01.17 21:05:01.079,0.96995,0.9704,10.40,9.10
2008.01.17 21:05:01.101,0.96995,0.9704,10.40,9.10
2008.01.17 21:05:01.332,0.96995,0.9704,10.40,9.10
2008.01.17 21:05:01.586,0.96995,0.9704,10.40,9.10
2008.01.17 21:05:02.064,0.97005,0.97045,2.40,9.10
2008.01.17 21:05:02.533,0.97005,0.97045,2.40,9.10
2008.01.17 21:05:02.575,0.97005,0.97045,2.40,9.10
2008.01.17 21:05:03.050,0.97005,0.97045,2.40,9.10
2008.01.17 21:05:03.309,0.97005,0.9704,2.40,0.20
2008.01.17 21:05:03.566,0.97005,0.97045,2.40,9.10
2008.01.17 21:05:03.754,0.97005,0.97045,2.40,9.10
2008.01.17 21:05:04.005,0.97005,0.97045,2.40,9.10
2008.01.17 21:05:04.192,0.97005,0.9704,2.40,0.20
2008.01.17 21:05:04.446,0.97005,0.9704,2.40,0.20
2008.01.17 21:05:04.634,0.97005,0.97045,2.40,9.10
2008.01.17 21:05:04.902,0.97005,0.97045,2.40,9.10
2008.01.17 21:05:05.170,0.97005,0.97045,2.40,9.10
2008.01.17 21:05:05.488,0.97005,0.9704,2.40,0.20
2008.01.17 21:05:05.755,0.97005,0.97045,2.40,9.10
2008.01.17 21:05:06.033,0.97005,0.9704,2.40,0.20
2008.01.17 21:05:06.225,0.97005,0.97045,2.40,9.10
2008.01.17 21:05:06.643,0.97005,0.97045,2.40,9.10
2008.01.17 21:05:06.837,0.97005,0.97045,2.40,9.10
2008.01.17 21:05:07.087,0.97005,0.9704,2.40,0.20
2008.01.17 21:05:07.299,0.97005,0.97045,2.40,9.10
2008.01.17 21:05:07.545,0.97005,0.9704,2.40,0.20
2008.01.17 21:05:07.759,0.97005,0.97045,2.40,9.10
2008.01.17 21:05:08.202,0.97005,0.97045,2.40,9.10
2008.01.17 21:05:08.467,0.97005,0.9704,2.40,0.20
2008.01.17 21:05:08.736,0.97005,0.97045,2.40,9.10
2008.01.17 21:05:09.004,0.97005,0.97045,2.40,9.10
2008.01.17 21:05:09.251,0.97005,0.97045,2.40,9.10
2008.01.17 21:05:09.429,0.97005,0.97045,2.40,9.10
2008.01.17 21:05:09.679,0.97005,0.9704,2.40,0.20
2008.01.17 21:05:09.856,0.97005,0.9705,2.40,9.10
2008.01.17 21:05:10.104,0.97005,0.97045,10.40,0.20
2008.01.17 21:05:10.363,0.97005,0.97045,10.40,0.20
2008.01.17 21:05:10.620,0.97005,0.9705,10.40,9.10
2008.01.17 21:05:10.880,0.97005,0.9705,10.40,9.10
2008.01.17 21:05:11.138,0.9701,0.9705,8.00,9.10
2008.01.17 21:05:11.578,0.9701,0.97045,8.00,0.20
2008.01.17 21:05:11.597,0.9701,0.97045,8.00,0.20
2008.01.17 21:05:11.810,0.9701,0.97045,8.00,0.20
2008.01.17 21:05:12.060,0.9701,0.97045,8.00,0.20
2008.01.17 21:05:12.494,0.9701,0.97045,8.00,0.20
2008.01.17 21:05:12.561,0.9701,0.9705,8.00,9.10
2008.01.17 21:05:13.081,0.9701,0.9705,8.00,9.10
2008.01.17 21:05:13.368,0.9701,0.9705,8.00,9.10
2008.01.17 21:05:13.655,0.9701,0.9705,8.00,9.10
2008.01.17 21:05:13.835,0.97005,0.9705,10.40,9.10
2008.01.17 21:05:14.080,0.9701,0.9705,8.00,9.10
2008.01.17 21:05:14.256,0.9701,0.97045,8.00,0.20
2008.01.17 21:05:14.505,0.9701,0.9705,8.00,9.10
2008.01.17 21:05:14.749,0.9701,0.9705,8.00,0.70
2008.01.17 21:05:14.996,0.9701,0.9706,8.00,9.10
2008.01.17 21:05:15.237,0.9701,0.97055,8.00,0.80
2008.01.17 21:05:15.481,0.9701,0.9706,8.00,9.10
2008.01.17 21:05:15.724,0.9701,0.9706,8.00,9.10
2008.01.17 21:05:16.006,0.9701,0.9706,8.00,9.10
2008.01.17 21:05:16.286,0.9701,0.97055,8.00,9.00
2008.01.17 21:05:16.563,0.9701,0.97055,8.00,9.00
2008.01.17 21:05:16.726,0.9701,0.9705,8.00,0.70
2008.01.17 21:05:17.040,0.9701,0.9705,8.00,0.60
2008.01.17 21:05:17.201,0.9701,0.97055,8.00,9.00
2008.01.17 21:05:17.444,0.9701,0.9705,8.00,0.80
2008.01.17 21:05:17.836,0.9701,0.9705,8.00,8.80
2008.01.17 21:05:17.908,0.9701,0.9705,8.00,8.80
2008.01.17 21:05:18.431,0.97015,0.9705,0.80,0.20
2008.01.17 21:05:18.729,0.97015,0.9705,0.80,0.20
2008.01.17 21:05:18.973,0.97015,0.9705,0.80,0.20
2008.01.17 21:05:19.158,0.97015,0.9705,0.80,0.20
2008.01.17 21:05:19.400,0.97015,0.9705,0.80,0.20
2008.01.17 21:05:19.582,0.97015,0.9705,0.80,0.20
2008.01.17 21:05:19.824,0.97015,0.9705,0.80,0.20
2008.01.17 21:05:20.079,0.97015,0.9705,0.80,0.20
2008.01.17 21:05:20.403,0.97015,0.9705,0.80,0.20
2008.01.17 21:05:20.662,0.97015,0.9705,0.80,0.20
2008.01.17 21:05:21.142,0.97015,0.9705,0.80,0.20
2008.01.17 21:05:21.295,0.97015,0.9705,0.80,0.20
2008.01.17 21:05:21.447,0.97015,0.9705,0.80,0.20
2008.01.17 21:05:21.696,0.97015,0.9705,0.80,0.20
2008.01.17 21:05:21.848,0.97015,0.9705,0.80,0.20
2008.01.17 21:05:22.099,0.97015,0.9705,0.80,0.20
2008.01.17 21:05:22.480,0.97015,0.9705,0.80,0.20
2008.01.17 21:05:22.792,0.97015,0.9705,0.80,0.20
2008.01.17 21:05:23.105,0.97015,0.9705,0.80,0.20
2008.01.17 21:05:23.420,0.97015,0.9705,0.80,0.20
2008.01.17 21:05:23.666,0.97015,0.9705,0.80,0.20
2008.01.17 21:05:23.831,0.97015,0.9705,0.80,0.20
2008.01.17 21:05:24.215,0.97015,0.9705,0.80,0.20
2008.01.17 21:05:24.381,0.97015,0.9705,0.80,0.20
2008.01.17 21:05:24.822,0.97015,0.9705,0.80,0.20
2008.01.17 21:05:25.040,0.97015,0.9705,0.80,0.20
2008.01.17 21:05:25.482,0.97015,0.9705,0.80,0.20
2008.01.17 21:05:25.647,0.97015,0.9705,0.80,0.20
2008.01.17 21:05:25.966,0.97015,0.9705,0.80,0.20
2008.01.17 21:05:26.127,0.97015,0.9705,0.80,0.20
2008.01.17 21:05:26.528,0.97015,0.9705,0.80,0.20
2008.01.17 21:05:26.751,0.97015,0.9705,0.80,0.20
2008.01.17 21:05:27.043,0.97015,0.9705,0.80,0.20
2008.01.17 21:05:27.484,0.97015,0.9705,0.80,0.20
2008.01.17 21:05:27.706,0.97015,0.9705,0.80,0.20
2008.01.17 21:05:28.004,0.97015,0.9705,0.80,0.20
2008.01.17 21:05:28.251,0.97015,0.9705,0.80,0.20
2008.01.17 21:05:28.540,0.97015,0.9705,0.80,0.20
2008.01.17 21:05:28.785,0.97015,0.9705,0.80,0.20
2008.01.17 21:05:29.186,0.97015,0.9705,0.80,0.20
2008.01.17 21:05:29.390,0.97015,0.9705,0.80,0.20
2008.01.17 21:05:29.821,0.97015,0.9705,0.80,0.20
2008.01.17 21:05:29.978,0.97015,0.9705,0.80,0.20
2008.01.17 21:05:30.361,0.97015,0.9705,0.80,0.20
2008.01.17 21:05:30.520,0.97015,0.9705,0.80,0.20
2008.01.17 21:05:30.678,0.97015,0.9705,0.80,0.20
2008.01.17 21:05:30.924,0.97015,0.9705,0.80,0.20
2008.01.17 21:05:31.366,0.9701,0.9705,8.00,0.20
2008.01.17 21:05:31.812,0.97005,0.9705,10.40,8.90
2008.01.17 21:05:31.826,0.97005,0.9705,10.40,8.90
2008.01.17 21:05:32.268,0.97005,0.9705,10.40,8.90
2008.01.17 21:05:32.536,0.97005,0.97045,12.80,8.80
2008.01.17 21:05:32.804,0.97005,0.97045,12.80,8.80
2008.01.17 21:05:33.072,0.97005,0.97045,12.80,8.80
2008.01.17 21:05:33.312,0.97005,0.97045,12.80,8.80
2008.01.17 21:05:33.513,0.97005,0.97045,12.80,8.80
2008.01.17 21:05:33.849,0.97005,0.97045,12.80,8.80
2008.01.17 21:05:34.050,0.97005,0.97045,12.80,8.80
2008.01.17 21:05:34.457,0.97005,0.97045,12.80,8.80
2008.01.17 21:05:34.709,0.97005,0.97045,12.80,8.80
2008.01.17 21:05:34.962,0.97005,0.97045,12.00,8.80
2008.01.17 21:05:35.217,0.97005,0.97045,12.80,8.80
2008.01.17 21:05:35.590,0.97005,0.97045,12.80,8.80
2008.01.17 21:05:35.740,0.97005,0.97045,12.80,8.80
2008.01.17 21:05:36.084,0.9701,0.9705,8.00,8.80
2008.01.17 21:05:36.230,0.9701,0.9705,8.00,8.80
2008.01.17 21:05:36.485,0.97015,0.97055,8.80,8.80
2008.01.17 21:05:36.717,0.97015,0.97055,8.80,8.80
2008.01.17 21:05:37.018,0.97015,0.97055,8.80,8.80
2008.01.17 21:05:37.250,0.97015,0.97055,8.80,8.80
2008.01.17 21:05:37.509,0.97015,0.97055,8.80,8.80
2008.01.17 21:05:37.771,0.97015,0.97055,8.80,8.80
2008.01.17 21:05:38.034,0.97015,0.97055,8.80,8.80
2008.01.17 21:05:38.296,0.97015,0.97055,8.80,8.80
2008.01.17 21:05:38.688,0.97015,0.97055,8.80,8.80
2008.01.17 21:05:38.890,0.97015,0.9705,8.80,0.20
2008.01.17 21:05:39.136,0.9701,0.9705,8.80,0.20
2008.01.17 21:05:39.572,0.97005,0.97045,6.40,8.80
2008.01.17 21:05:39.799,0.97005,0.97045,6.40,8.80
2008.01.17 21:05:40.254,0.97005,0.97045,2.40,8.80
2008.01.17 21:05:40.479,0.97005,0.97045,2.40,8.80
2008.01.17 21:05:40.719,0.97005,0.97045,2.40,8.80
2008.01.17 21:05:40.900,0.97005,0.97045,2.40,8.80
2008.01.17 21:05:41.234,0.97005,0.97045,2.40,8.80
2008.01.17 21:05:41.412,0.97005,0.97045,4.00,8.80
2008.01.17 21:05:41.664,0.97005,0.97045,4.00,8.80
2008.01.17 21:05:42.141,0.97005,0.97045,12.80,8.80
2008.01.17 21:05:42.160,0.9701,0.9705,8.00,8.80
2008.01.17 21:05:42.630,0.9701,0.9705,8.00,8.80
2008.01.17 21:05:42.877,0.9701,0.9705,8.00,8.80
2008.01.17 21:05:43.132,0.9701,0.9705,8.00,8.80
2008.01.17 21:05:43.390,0.9701,0.9705,8.00,8.80
2008.01.17 21:05:43.654,0.9701,0.9705,8.00,8.80
2008.01.17 21:05:43.909,0.9701,0.9705,8.00,8.80
2008.01.17 21:05:44.157,0.9701,0.9705,8.00,8.80
2008.01.17 21:05:44.373,0.9701,0.9705,8.00,8.80
2008.01.17 21:05:44.617,0.9701,0.9705,8.00,8.80
2008.01.17 21:05:44.833,0.9701,0.9705,8.00,8.80
2008.01.17 21:05:45.132,0.9701,0.9705,8.00,8.80
2008.01.17 21:05:45.365,0.9701,0.9705,8.00,8.80
2008.01.17 21:05:45.608,0.9701,0.9705,8.00,8.80
2008.01.17 21:05:45.843,0.9701,0.9705,8.00,8.80
2008.01.17 21:05:46.305,0.9701,0.9705,8.00,8.80
2008.01.17 21:05:46.499,0.9701,0.9705,8.00,8.80
2008.01.17 21:05:46.918,0.9701,0.9705,8.00,8.80
2008.01.17 21:05:47.111,0.9701,0.9705,8.00,8.80
2008.01.17 21:05:47.351,0.9701,0.9705,8.00,8.80
2008.01.17 21:05:47.599,0.9701,0.9705,8.00,8.80
2008.01.17 21:05:47.893,0.9701,0.9705,8.00,8.80
2008.01.17 21:05:48.142,0.9701,0.9705,8.00,8.80
2008.01.17 21:05:48.495,0.9701,0.9705,8.00,8.80
2008.01.17 21:05:48.689,0.9701,0.9705,8.00,8.80
2008.01.17 21:05:49.112,0.9701,0.9705,8.00,8.80
2008.01.17 21:05:49.306,0.9701,0.9705,8.00,8.80
2008.01.17 21:05:49.721,0.9701,0.9705,8.00,8.80
2008.01.17 21:05:49.936,0.9701,0.9705,8.00,8.80
2008.01.17 21:05:50.371,0.9701,0.9705,8.00,8.80
2008.01.17 21:05:50.588,0.9701,0.9705,8.00,8.80
2008.01.17 21:05:50.975,0.9701,0.9705,8.00,8.80
2008.01.17 21:05:50.988,0.9701,0.9705,8.00,8.80
2008.01.17 21:05:51.148,0.9701,0.9705,8.00,8.80
2008.01.17 21:05:51.533,0.9701,0.9705,8.00,8.80
2008.01.17 21:05:51.692,0.9701,0.9705,8.00,8.80
2008.01.17 21:05:51.933,0.9701,0.9705,8.00,8.80
2008.01.17 21:05:52.147,0.9701,0.9705,8.00,8.80
2008.01.17 21:05:52.393,0.9701,0.9705,8.00,8.80
2008.01.17 21:05:52.613,0.9701,0.9705,8.00,8.80
2008.01.17 21:05:52.849,0.9701,0.9705,8.00,8.80
2008.01.17 21:05:53.158,0.9701,0.9705,8.00,8.80
2008.01.17 21:05:53.467,0.9701,0.9705,8.00,8.80
2008.01.17 21:05:53.774,0.9701,0.9705,8.00,8.80
2008.01.17 21:05:54.082,0.9701,0.9705,8.00,8.80
2008.01.17 21:05:54.273,0.9701,0.9705,8.00,8.80
2008.01.17 21:05:54.574,0.9701,0.9705,8.00,8.80
2008.01.17 21:05:54.762,0.9701,0.9705,8.00,8.80
2008.01.17 21:05:55.171,0.9701,0.9705,8.00,8.80
2008.01.17 21:05:55.363,0.9701,0.9705,8.00,8.80
2008.01.17 21:05:55.768,0.9701,0.9705,8.00,8.80
2008.01.17 21:05:55.962,0.9701,0.9705,8.00,8.80
2008.01.17 21:05:56.332,0.9701,0.97055,8.00,9.00
2008.01.17 21:05:56.525,0.9701,0.9705,8.00,0.70
2008.01.17 21:05:56.861,0.9701,0.97055,8.00,9.00
2008.01.17 21:05:57.246,0.9701,0.9705,8.00,0.70
2008.01.17 21:05:57.446,0.9701,0.97055,8.00,9.10
2008.01.17 21:05:57.713,0.97005,0.97045,12.80,0.80
2008.01.17 21:05:57.966,0.97005,0.97045,12.80,0.80
2008.01.17 21:05:58.218,0.97005,0.9705,12.80,9.00
2008.01.17 21:05:58.472,0.97005,0.9705,12.80,9.00
2008.01.17 21:05:58.731,0.97005,0.97045,12.80,0.60
2008.01.17 21:05:58.968,0.97005,0.97045,12.80,0.60
2008.01.17 21:05:59.232,0.97005,0.9705,12.80,9.00
2008.01.17 21:05:59.460,0.97005,0.97045,12.80,0.80
2008.01.17 21:05:59.866,0.97005,0.9704,11.20,0.40
2008.01.17 21:06:00.069,0.97005,0.9704,2.40,9.10
2008.01.17 21:06:00.312,0.97005,0.9705,4.00,9.00
2008.01.17 21:06:00.744,0.97005,0.9705,12.80,9.00
2008.01.17 21:06:00.759,0.97005,0.97045,12.80,0.50
2008.01.17 21:06:00.958,0.97005,0.97045,12.80,0.90
2008.01.17 21:06:01.231,0.97005,0.9705,12.80,9.00
2008.01.17 21:06:01.721,0.97005,0.9706,12.80,9.00
2008.01.17 21:06:02.224,0.97015,0.97065,8.80,17.80
2008.01.17 21:06:02.443,0.97015,0.97065,8.80,15.40
2008.01.17 21:06:02.687,0.97015,0.97065,8.80,15.40
2008.01.17 21:06:02.908,0.97015,0.9706,8.80,0.80
2008.01.17 21:06:03.167,0.97015,0.97065,8.80,15.40
2008.01.17 21:06:03.380,0.97015,0.9706,8.80,0.50
2008.01.17 21:06:03.623,0.97015,0.9706,8.80,0.90
2008.01.17 21:06:03.834,0.97015,0.9706,8.80,0.50
2008.01.17 21:06:04.081,0.97015,0.97065,8.80,15.40
2008.01.17 21:06:04.293,0.97015,0.97065,8.80,15.40
2008.01.17 21:06:04.581,0.97015,0.9706,8.80,0.70
2008.01.17 21:06:04.849,0.97015,0.9706,8.80,0.60
2008.01.17 21:06:05.142,0.97015,0.97065,8.80,15.40
2008.01.17 21:06:05.413,0.97015,0.97065,8.80,15.40
2008.01.17 21:06:05.823,0.97015,0.97065,8.80,15.40
2008.01.17 21:06:06.020,0.97015,0.9706,8.80,0.50
2008.01.17 21:06:06.412,0.97015,0.9706,8.80,0.50
2008.01.17 21:06:06.604,0.97015,0.97065,8.80,15.40
2008.01.17 21:06:06.968,0.97015,0.97065,8.80,15.40
2008.01.17 21:06:07.397,0.97015,0.97065,8.80,15.40
2008.01.17 21:06:07.414,0.97015,0.97055,8.80,0.50
2008.01.17 21:06:07.623,0.97015,0.9706,8.80,9.00
2008.01.17 21:06:07.908,0.97015,0.97055,8.80,0.60
2008.01.17 21:06:08.172,0.97015,0.97065,8.80,15.40
2008.01.17 21:06:08.550,0.97015,0.97065,8.80,15.40
2008.01.17 21:06:08.714,0.97015,0.9706,8.80,0.80
2008.01.17 21:06:09.106,0.97015,0.97065,8.80,15.40
2008.01.17 21:06:09.268,0.97015,0.9706,8.80,0.90
2008.01.17 21:06:09.655,0.97015,0.97065,8.80,15.40
2008.01.17 21:06:09.817,0.97015,0.97065,8.80,15.40
2008.01.17 21:06:10.034,0.97015,0.9706,8.80,0.60
2008.01.17 21:06:10.290,0.97015,0.9706,0.80,9.00
2008.01.17 21:06:10.733,0.9701,0.9706,8.80,9.00
2008.01.17 21:06:10.951,0.97015,0.9706,2.40,9.10
2008.01.17 21:06:11.204,0.97015,0.9706,4.00,9.10
2008.01.17 21:06:11.413,0.97015,0.97055,12.00,0.20
2008.01.17 21:06:11.654,0.9702,0.9706,0.80,9.10
2008.01.17 21:06:11.864,0.9702,0.9706,0.80,9.10
2008.01.17 21:06:12.122,0.9702,0.9706,0.80,9.10
2008.01.17 21:06:12.599,0.9702,0.97055,0.80,0.20
2008.01.17 21:06:12.852,0.9702,0.9706,0.80,9.10
2008.01.17 21:06:13.157,0.9702,0.97055,0.80,0.20
2008.01.17 21:06:13.406,0.9702,0.97055,0.80,0.20
2008.01.17 21:06:13.876,0.9702,0.97055,0.80,0.20
2008.01.17 21:06:14.034,0.9702,0.9706,0.80,9.10
2008.01.17 21:06:14.417,0.9702,0.97055,0.80,0.20
2008.01.17 21:06:14.577,0.9702,0.97055,0.80,0.20
2008.01.17 21:06:14.964,0.9702,0.9706,0.80,9.10
2008.01.17 21:06:14.982,0.9702,0.9706,0.80,9.10
2008.01.17 21:06:15.204,0.9702,0.9706,0.80,9.10
2008.01.17 21:06:15.439,0.9702,0.9706,0.80,9.10
2008.01.17 21:06:15.662,0.9702,0.9706,0.80,9.10
2008.01.17 21:06:15.915,0.9702,0.97055,0.80,0.20
2008.01.17 21:06:16.134,0.97025,0.9706,0.80,9.10
2008.01.17 21:06:16.403,0.97025,0.9706,0.80,9.10
2008.01.17 21:06:16.895,0.97025,0.97055,0.80,0.20
2008.01.17 21:06:17.385,0.97015,0.9706,15.20,9.10
2008.01.17 21:06:17.416,0.97015,0.9706,15.20,9.10
2008.01.17 21:06:17.886,0.97015,0.97055,12.80,0.20
2008.01.17 21:06:18.140,0.97015,0.9706,8.00,9.10
2008.01.17 21:06:18.394,0.9701,0.9706,8.00,9.10
2008.01.17 21:06:18.589,0.9701,0.97055,8.00,0.60
2008.01.17 21:06:18.834,0.9701,0.9706,8.00,9.10
2008.01.17 21:06:19.025,0.9701,0.9706,8.00,9.10
2008.01.17 21:06:19.431,0.9701,0.97055,8.00,0.60
2008.01.17 21:06:19.642,0.9701,0.97055,8.00,0.80
2008.01.17 21:06:20.055,0.9701,0.9706,8.00,9.10
2008.01.17 21:06:20.273,0.9701,0.97055,8.00,0.90
2008.01.17 21:06:20.704,0.9701,0.97055,8.00,0.70
2008.01.17 21:06:20.922,0.9701,0.9706,8.00,9.10
2008.01.17 21:06:21.335,0.9701,0.9706,8.00,9.10
2008.01.17 21:06:21.557,0.9701,0.97055,8.00,0.70
2008.01.17 21:06:21.921,0.9701,0.97055,8.00,0.80
2008.01.17 21:06:22.078,0.9701,0.97055,8.00,0.90
2008.01.17 21:06:22.318,0.9701,0.97055,8.00,0.60
2008.01.17 21:06:22.474,0.9701,0.97055,8.00,0.90
2008.01.17 21:06:22.720,0.9701,0.9706,8.00,9.10
2008.01.17 21:06:23.013,0.9701,0.97055,8.00,0.50
2008.01.17 21:06:23.305,0.97025,0.9706,0.80,9.10
2008.01.17 21:06:23.598,0.97025,0.9706,0.80,0.40
2008.01.17 21:06:23.891,0.97025,0.97055,0.80,0.20
2008.01.17 21:06:24.307,0.97025,0.9706,0.80,0.40
2008.01.17 21:06:24.321,0.97025,0.97055,0.80,0.20
2008.01.17 21:06:24.521,0.97025,0.97055,0.80,0.20
2008.01.17 21:06:24.765,0.97025,0.97055,0.80,0.20
2008.01.17 21:06:24.961,0.97025,0.97055,0.80,0.20
2008.01.17 21:06:25.227,0.97025,0.97055,0.80,0.20
2008.01.17 21:06:25.489,0.97025,0.97055,0.80,0.20
2008.01.17 21:06:25.753,0.97025,0.97055,0.80,0.20
2008.01.17 21:06:26.254,0.97015,0.9705,12.80,0.20
2008.01.17 21:06:26.488,0.97015,0.9705,4.80,0.20
2008.01.17 21:06:26.741,0.97015,0.9705,4.80,0.20
2008.01.17 21:06:27.186,0.97015,0.97055,8.80,11.20
2008.01.17 21:06:27.603,0.97025,0.97055,1.60,8.80
2008.01.17 21:06:27.633,0.97025,0.97055,2.40,8.80
2008.01.17 21:06:28.053,0.97025,0.97065,16.80,0.20
2008.01.17 21:06:28.247,0.97025,0.97065,16.80,8.90
2008.01.17 21:06:28.539,0.97025,0.97065,16.80,8.90
2008.01.17 21:06:29.067,0.97025,0.97065,16.80,8.90
2008.01.17 21:06:29.590,0.97025,0.97065,8.80,8.90
2008.01.17 21:06:29.604,0.97025,0.97065,8.80,8.90
2008.01.17 21:06:30.034,0.97025,0.97065,8.80,8.90
2008.01.17 21:06:30.242,0.9703,0.97065,0.80,0.20
2008.01.17 21:06:30.500,0.9703,0.97065,0.80,0.20
2008.01.17 21:06:30.751,0.97025,0.97065,14.40,8.80
2008.01.17 21:06:31.005,0.97025,0.97065,12.80,8.80
2008.01.17 21:06:31.486,0.97025,0.97055,4.00,8.80
2008.01.17 21:06:31.940,0.97015,0.97055,3.20,8.80
2008.01.17 21:06:32.167,0.97015,0.97055,3.20,8.80
2008.01.17 21:06:32.417,0.97015,0.97055,3.20,8.80
2008.01.17 21:06:32.863,0.97015,0.97055,3.20,8.80
2008.01.17 21:06:33.069,0.97015,0.97055,3.20,8.80
2008.01.17 21:06:33.313,0.97015,0.97055,3.20,8.80
2008.01.17 21:06:33.753,0.97025,0.97065,0.80,8.80
2008.01.17 21:06:33.801,0.9702,0.97065,8.80,8.80
2008.01.17 21:06:34.304,0.97015,0.97055,3.20,8.80
2008.01.17 21:06:34.584,0.97015,0.97055,3.20,8.80
2008.01.17 21:06:34.830,0.97015,0.97055,11.20,8.80
2008.01.17 21:06:35.260,0.97015,0.97055,11.20,8.80
2008.01.17 21:06:35.467,0.97015,0.97055,11.20,8.80
2008.01.17 21:06:35.720,0.97015,0.97055,11.20,8.80
2008.01.17 21:06:35.952,0.97015,0.97055,11.20,8.80
2008.01.17 21:06:36.191,0.97015,0.97055,11.20,8.80
2008.01.17 21:06:36.423,0.97015,0.97055,11.20,8.80
2008.01.17 21:06:36.665,0.97015,0.97055,11.20,8.80
2008.01.17 21:06:36.899,0.97015,0.97055,11.20,8.80
2008.01.17 21:06:37.148,0.97015,0.97055,11.20,8.80
2008.01.17 21:06:37.622,0.97015,0.97055,11.20,8.80
2008.01.17 21:06:37.870,0.97015,0.97055,11.20,8.80
2008.01.17 21:06:38.120,0.97015,0.97055,11.20,8.80
2008.01.17 21:06:38.588,0.97015,0.97055,11.20,8.80
2008.01.17 21:06:38.820,0.97025,0.97055,2.40,8.80
2008.01.17 21:06:39.085,0.97025,0.97065,10.40,0.20
2008.01.17 21:06:39.542,0.97025,0.97065,12.80,8.90
2008.01.17 21:06:39.809,0.97025,0.97065,16.80,8.90
2008.01.17 21:06:40.077,0.97025,0.97065,16.80,8.90
2008.01.17 21:06:40.344,0.97025,0.97065,16.80,8.90
2008.01.17 21:06:40.614,0.97025,0.97065,16.80,8.90
2008.01.17 21:06:40.826,0.97025,0.97065,16.80,8.90
2008.01.17 21:06:41.267,0.97025,0.97065,16.80,8.90
2008.01.17 21:06:41.280,0.97025,0.97065,16.80,8.90
2008.01.17 21:06:41.496,0.97025,0.97065,16.80,8.90
2008.01.17 21:06:41.918,0.97025,0.97065,16.80,8.90
2008.01.17 21:06:42.113,0.97025,0.97065,16.80,8.90
2008.01.17 21:06:42.355,0.97025,0.97065,16.80,8.90
2008.01.17 21:06:42.552,0.97025,0.97065,16.80,8.90
2008.01.17 21:06:42.815,0.97025,0.97065,16.80,8.90
2008.01.17 21:06:43.304,0.97025,0.97065,16.80,8.90
2008.01.17 21:06:43.340,0.97025,0.97065,16.80,8.90
2008.01.17 21:06:43.829,0.97025,0.97065,16.80,8.90
2008.01.17 21:06:44.037,0.9703,0.97065,0.80,0.20
2008.01.17 21:06:44.302,0.9703,0.97065,0.80,0.20
2008.01.17 21:06:44.509,0.9703,0.97065,0.80,0.20
2008.01.17 21:06:44.942,0.9703,0.97065,0.80,0.20
2008.01.17 21:06:44.957,0.97025,0.97065,16.80,0.20
2008.01.17 21:06:45.151,0.97025,0.97065,16.80,0.20
2008.01.17 21:06:45.391,0.97025,0.97065,16.80,0.20
2008.01.17 21:06:45.594,0.97025,0.97065,16.80,0.20
2008.01.17 21:06:45.853,0.9703,0.9707,2.40,8.80
2008.01.17 21:06:46.284,0.97035,0.9707,2.40,8.80
2008.01.17 21:06:46.571,0.9704,0.97075,2.50,4.00
2008.01.17 21:06:46.859,0.97035,0.97075,10.40,4.00
2008.01.17 21:06:47.331,0.97035,0.97085,10.40,8.90
2008.01.17 21:06:47.575,0.97035,0.97085,10.40,8.90
2008.01.17 21:06:47.821,0.97035,0.97085,10.40,8.90
2008.01.17 21:06:48.064,0.9704,0.97085,1.10,8.90
2008.01.17 21:06:48.307,0.9704,0.97085,1.80,8.90
2008.01.17 21:06:48.515,0.9704,0.97085,0.50,8.90
2008.01.17 21:06:48.773,0.97035,0.97085,10.40,8.80
2008.01.17 21:06:49.215,0.97035,0.97085,10.40,8.80
2008.01.17 21:06:49.423,0.9704,0.97085,0.80,8.80
2008.01.17 21:06:49.674,0.97035,0.97085,10.40,8.80
2008.01.17 21:06:49.942,0.9704,0.97085,2.10,8.80
2008.01.17 21:06:50.211,0.97035,0.97085,10.40,8.80
2008.01.17 21:06:50.478,0.97035,0.97085,10.40,8.80
2008.01.17 21:06:50.746,0.97035,0.97085,10.40,8.80
2008.01.17 21:06:50.954,0.97035,0.97085,10.40,8.80
2008.01.17 21:06:51.210,0.9704,0.97085,2.60,8.80
2008.01.17 21:06:51.417,0.97035,0.97085,13.60,8.80
2008.01.17 21:06:51.671,0.97035,0.97085,13.60,8.80
2008.01.17 21:06:51.912,0.97035,0.97085,13.60,8.80
2008.01.17 21:06:52.155,0.97035,0.97085,13.60,8.80
2008.01.17 21:06:52.633,0.97045,0.97085,1.10,8.80
2008.01.17 21:06:52.648,0.97035,0.97085,11.20,8.80
2008.01.17 21:06:53.110,0.9704,0.97085,3.60,8.80
2008.01.17 21:06:53.377,0.9704,0.97085,4.10,8.80
2008.01.17 21:06:53.660,0.97035,0.97085,11.20,8.80
2008.01.17 21:06:53.929,0.97035,0.97085,11.20,8.80
2008.01.17 21:06:54.192,0.97035,0.97085,11.20,8.80
2008.01.17 21:06:54.387,0.97035,0.97085,11.20,8.80
2008.01.17 21:06:54.639,0.9704,0.97085,2.60,8.80
2008.01.17 21:06:54.827,0.97035,0.97085,11.20,8.80
2008.01.17 21:06:55.077,0.97035,0.97085,11.20,8.80
2008.01.17 21:06:55.325,0.97035,0.97085,11.20,8.80
2008.01.17 21:06:55.573,0.9704,0.97085,4.30,8.80
2008.01.17 21:06:56.051,0.9704,0.97085,2.60,8.80
2008.01.17 21:06:56.299,0.9703,0.97075,12.00,8.80
2008.01.17 21:06:56.573,0.9703,0.97075,9.60,8.80
2008.01.17 21:06:57.054,0.9703,0.97075,3.30,8.80
2008.01.17 21:06:57.551,0.9703,0.97075,1.20,8.80
2008.01.17 21:06:57.740,0.9703,0.97075,2.10,8.80
2008.01.17 21:06:57.982,0.97025,0.97075,20.00,8.80
2008.01.17 21:06:58.173,0.9703,0.97075,1.10,8.80
2008.01.17 21:06:58.520,0.9703,0.97075,1.50,8.80
2008.01.17 21:06:58.726,0.97025,0.97075,20.00,8.80
2008.01.17 21:06:58.962,0.9703,0.97075,1.70,8.80
2008.01.17 21:06:59.170,0.97025,0.97075,20.00,8.80
2008.01.17 21:06:59.426,0.97025,0.97075,20.00,8.80
2008.01.17 21:06:59.634,0.97025,0.97075,20.00,8.80
2008.01.17 21:06:59.928,0.9703,0.97075,3.40,8.80
2008.01.17 21:07:00.185,0.97025,0.97075,20.00,8.80
2008.01.17 21:07:00.614,0.9703,0.97075,4.40,8.80
2008.01.17 21:07:00.868,0.97025,0.97075,20.00,8.80
2008.01.17 21:07:01.111,0.9703,0.97075,2.20,8.80
2008.01.17 21:07:01.334,0.97025,0.97075,20.00,8.80
2008.01.17 21:07:01.595,0.97025,0.97075,20.00,8.80
2008.01.17 21:07:02.038,0.97025,0.97075,20.00,8.80
2008.01.17 21:07:02.463,0.97025,0.97075,20.00,8.80
2008.01.17 21:07:02.661,0.97025,0.97075,20.00,8.80
2008.01.17 21:07:02.914,0.97025,0.97075,20.00,8.80
2008.01.17 21:07:03.167,0.9703,0.9708,8.80,8.80
2008.01.17 21:07:03.421,0.97035,0.9708,3.40,8.80
2008.01.17 21:07:03.672,0.9703,0.9708,8.80,8.80
2008.01.17 21:07:03.926,0.97035,0.9708,12.00,8.80
2008.01.17 21:07:04.153,0.97035,0.97085,12.80,2.40
2008.01.17 21:07:04.402,0.97045,0.97085,4.70,2.40
2008.01.17 21:07:04.624,0.97035,0.97085,12.80,2.40
2008.01.17 21:07:04.868,0.97045,0.97085,4.70,2.40
2008.01.17 21:07:05.096,0.97035,0.97085,12.80,2.40
2008.01.17 21:07:05.370,0.97045,0.97085,1.90,2.40
2008.01.17 21:07:05.645,0.97035,0.97085,12.80,2.40
2008.01.17 21:07:05.918,0.97035,0.97085,12.80,2.40
2008.01.17 21:07:06.191,0.97035,0.97085,12.80,2.40
2008.01.17 21:07:06.441,0.97035,0.97085,12.80,2.40
2008.01.17 21:07:06.864,0.97045,0.97085,2.70,11.20
2008.01.17 21:07:07.068,0.97035,0.9708,4.20,8.80
2008.01.17 21:07:07.322,0.97025,0.97075,19.20,2.40
2008.01.17 21:07:07.824,0.97025,0.97075,19.20,2.40
2008.01.17 21:07:08.089,0.9703,0.9707,10.40,0.20
2008.01.17 21:07:08.352,0.9703,0.9707,10.40,0.20
2008.01.17 21:07:08.565,0.9703,0.9707,10.40,0.20
2008.01.17 21:07:08.825,0.9703,0.9707,10.40,0.20
2008.01.17 21:07:09.034,0.9703,0.97065,8.80,0.20
2008.01.17 21:07:09.279,0.97035,0.97065,3.50,0.20
2008.01.17 21:07:09.716,0.9703,0.97065,8.80,0.20
2008.01.17 21:07:09.973,0.9703,0.9707,0.80,8.80
2008.01.17 21:07:10.230,0.97035,0.97075,3.10,12.80
2008.01.17 21:07:10.708,0.9703,0.97075,3.90,12.80
2008.01.17 21:07:10.947,0.97025,0.9707,19.20,8.80
2008.01.17 21:07:11.202,0.97025,0.9707,19.20,8.80
2008.01.17 21:07:11.439,0.9703,0.9707,0.80,8.80
2008.01.17 21:07:11.680,0.97025,0.9707,19.20,8.80
2008.01.17 21:07:11.881,0.97025,0.9707,19.20,8.80
2008.01.17 21:07:12.143,0.97025,0.9707,19.20,8.80
2008.01.17 21:07:12.565,0.97025,0.9707,19.20,8.80
2008.01.17 21:07:12.769,0.97025,0.9707,19.20,8.80
2008.01.17 21:07:13.072,0.9703,0.9707,0.80,8.80
2008.01.17 21:07:13.375,0.9703,0.9707,0.80,8.80
2008.01.17 21:07:13.680,0.9703,0.9707,0.80,8.80
2008.01.17 21:07:14.159,0.9703,0.9707,0.80,8.80
2008.01.17 21:07:14.375,0.9703,0.9707,0.80,8.80
2008.01.17 21:07:14.620,0.9703,0.9707,0.80,8.80
2008.01.17 21:07:14.842,0.9704,0.97075,0.80,8.90
2008.01.17 21:07:15.088,0.9704,0.97075,0.80,8.90
2008.01.17 21:07:15.290,0.9704,0.97075,0.80,8.80
2008.01.17 21:07:15.540,0.9704,0.97075,0.80,8.80
2008.01.17 21:07:15.742,0.9704,0.97075,0.80,8.80
2008.01.17 21:07:16.002,0.9704,0.97075,0.80,8.80
2008.01.17 21:07:16.481,0.9704,0.97075,0.80,8.80
2008.01.17 21:07:16.510,0.9704,0.97075,0.80,8.80
2008.01.17 21:07:16.765,0.9704,0.97075,0.80,8.80
2008.01.17 21:07:17.020,0.9704,0.97075,0.80,8.80
2008.01.17 21:07:17.168,0.97035,0.97075,11.20,8.80
2008.01.17 21:07:17.467,0.97035,0.9708,20.00,8.80
2008.01.17 21:07:17.698,0.9704,0.9708,0.80,8.80
2008.01.17 21:07:17.949,0.97035,0.9708,20.00,8.80
2008.01.17 21:07:18.177,0.97035,0.9708,20.00,8.80
2008.01.17 21:07:18.465,0.9704,0.9708,0.80,8.80
2008.01.17 21:07:18.980,0.97035,0.9708,20.00,8.80
2008.01.17 21:07:19.500,0.97035,0.9708,20.00,8.80
2008.01.17 21:07:19.517,0.97035,0.9708,20.00,8.80
2008.01.17 21:07:19.724,0.97035,0.9708,20.00,8.80
2008.01.17 21:07:19.966,0.9704,0.9708,0.80,8.80
2008.01.17 21:07:20.175,0.97035,0.9708,20.00,8.80
2008.01.17 21:07:20.428,0.97035,0.9708,20.00,8.80
2008.01.17 21:07:20.669,0.9704,0.9708,0.80,8.80
2008.01.17 21:07:20.958,0.9704,0.9708,0.80,8.80
2008.01.17 21:07:21.199,0.9704,0.9708,0.80,8.80
2008.01.17 21:07:21.637,0.97035,0.9708,20.00,8.80
2008.01.17 21:07:21.819,0.9704,0.9708,0.80,8.80
2008.01.17 21:07:22.226,0.97035,0.9708,20.00,8.80
2008.01.17 21:07:22.409,0.97035,0.9708,20.00,8.80
2008.01.17 21:07:22.655,0.97035,0.9708,20.00,8.80
2008.01.17 21:07:22.918,0.9704,0.9708,0.80,8.80
2008.01.17 21:07:23.325,0.97035,0.9708,20.00,8.80
2008.01.17 21:07:23.588,0.97035,0.9708,20.00,8.80
2008.01.17 21:07:23.890,0.97035,0.9708,20.00,8.80
2008.01.17 21:07:24.077,0.97035,0.9708,17.60,8.80
2008.01.17 21:07:24.437,0.97035,0.97075,8.80,8.80
2008.01.17 21:07:24.620,0.9704,0.97075,0.80,8.80
2008.01.17 21:07:24.905,0.97035,0.97075,8.80,8.80
2008.01.17 21:07:25.129,0.9703,0.97075,16.80,8.80
2008.01.17 21:07:25.380,0.97035,0.97075,2.70,8.80
2008.01.17 21:07:25.606,0.9703,0.97075,16.80,8.80
2008.01.17 21:07:25.923,0.9704,0.97075,0.80,8.80
2008.01.17 21:07:26.148,0.9704,0.97075,0.80,8.90
2008.01.17 21:07:26.471,0.9704,0.97075,0.80,8.90
2008.01.17 21:07:26.694,0.9704,0.97075,0.80,8.90
2008.01.17 21:07:26.963,0.97035,0.97075,8.80,8.90
2008.01.17 21:07:27.384,0.9704,0.97075,0.80,8.90
2008.01.17 21:07:27.619,0.97035,0.97075,8.80,8.90
2008.01.17 21:07:27.870,0.97035,0.97075,16.80,0.20
2008.01.17 21:07:28.111,0.97035,0.97075,16.80,0.20
2008.01.17 21:07:28.433,0.97035,0.97075,16.80,0.20
2008.01.17 21:07:28.705,0.9704,0.9708,0.80,8.90
2008.01.17 21:07:28.972,0.97035,0.9708,19.20,8.90
2008.01.17 21:07:29.469,0.97035,0.9708,19.20,8.90
2008.01.17 21:07:29.686,0.97035,0.9708,19.20,8.90
2008.01.17 21:07:30.066,0.9704,0.9708,0.80,8.90
2008.01.17 21:07:30.283,0.9704,0.9708,0.80,8.90
2008.01.17 21:07:30.626,0.97035,0.9708,19.20,8.90
2008.01.17 21:07:30.784,0.9704,0.9708,0.80,8.90
2008.01.17 21:07:31.172,0.97035,0.9708,19.20,8.90
2008.01.17 21:07:31.388,0.97035,0.97075,8.80,8.90
2008.01.17 21:07:31.650,0.97035,0.97075,8.80,8.90
2008.01.17 21:07:32.081,0.9704,0.97075,0.80,8.90
2008.01.17 21:07:32.297,0.9704,0.97075,0.80,8.90
2008.01.17 21:07:32.569,0.97035,0.97075,8.80,8.90
2008.01.17 21:07:32.842,0.97035,0.97075,8.80,8.90
2008.01.17 21:07:33.118,0.9704,0.97075,0.80,8.90
2008.01.17 21:07:33.619,0.97035,0.97075,8.80,8.90
2008.01.17 21:07:33.630,0.97035,0.97075,8.80,8.90
2008.01.17 21:07:33.830,0.97035,0.97075,8.80,8.90
2008.01.17 21:07:34.144,0.9704,0.97075,0.80,0.20
2008.01.17 21:07:34.343,0.9704,0.97075,0.80,0.20
2008.01.17 21:07:34.588,0.97035,0.97075,16.80,0.20
2008.01.17 21:07:35.057,0.9704,0.97075,0.80,0.20
2008.01.17 21:07:35.289,0.97035,0.97075,16.80,0.20
2008.01.17 21:07:35.541,0.97035,0.97075,16.00,0.20
2008.01.17 21:07:35.774,0.97035,0.97075,16.80,0.20
2008.01.17 21:07:36.151,0.97035,0.97075,16.80,0.20
2008.01.17 21:07:36.385,0.97035,0.97075,16.80,0.20
2008.01.17 21:07:36.699,0.97035,0.97075,16.80,0.20
2008.01.17 21:07:36.931,0.97035,0.97075,16.80,0.20
2008.01.17 21:07:37.323,0.9704,0.97075,0.80,0.20
2008.01.17 21:07:37.511,0.97035,0.97075,16.80,0.20
2008.01.17 21:07:37.747,0.97035,0.97075,16.80,0.20
2008.01.17 21:07:37.936,0.9704,0.97075,0.80,0.20
2008.01.17 21:07:38.280,0.9704,0.97075,0.80,0.20
2008.01.17 21:07:38.541,0.97035,0.97075,16.80,0.20
2008.01.17 21:07:38.853,0.97035,0.97075,16.80,0.20
2008.01.17 21:07:39.111,0.97035,0.97075,16.80,0.20
2008.01.17 21:07:39.450,0.97035,0.97075,16.80,0.20
2008.01.17 21:07:39.674,0.9704,0.97075,0.80,0.20
2008.01.17 21:07:40.026,0.9704,0.97075,0.80,0.20
2008.01.17 21:07:40.183,0.9704,0.97075,0.80,0.20
2008.01.17 21:07:40.569,0.9704,0.97075,0.80,0.20
2008.01.17 21:07:40.588,0.97035,0.97075,16.80,0.20
2008.01.17 21:07:40.746,0.97035,0.9708,16.80,8.90
2008.01.17 21:07:41.023,0.9704,0.9708,0.80,8.90
2008.01.17 21:07:41.272,0.9704,0.9708,0.80,8.90
2008.01.17 21:07:41.535,0.9704,0.9708,0.80,8.90
2008.01.17 21:07:41.785,0.9704,0.9708,0.80,8.90
2008.01.17 21:07:42.260,0.97035,0.9708,16.80,8.90
2008.01.17 21:07:42.432,0.97035,0.9708,16.80,8.90
2008.01.17 21:07:42.941,0.9704,0.9708,0.80,8.90
2008.01.17 21:07:43.115,0.97035,0.97075,16.80,0.20
2008.01.17 21:07:43.399,0.97035,0.97075,8.80,8.90
2008.01.17 21:07:43.863,0.97035,0.97075,8.80,8.90
2008.01.17 21:07:44.096,0.9704,0.97075,0.80,8.90
2008.01.17 21:07:44.552,0.97035,0.97075,8.80,8.90
2008.01.17 21:07:44.739,0.97035,0.97075,8.80,8.90
2008.01.17 21:07:45.151,0.9704,0.97075,0.80,8.90
2008.01.17 21:07:45.339,0.97035,0.97075,8.80,8.90
2008.01.17 21:07:45.684,0.97035,0.97075,8.80,8.90
2008.01.17 21:07:45.892,0.9704,0.97075,0.80,8.90
2008.01.17 21:07:46.144,0.9704,0.97075,0.80,8.90
2008.01.17 21:07:46.352,0.9704,0.97075,0.80,8.90
2008.01.17 21:07:46.741,0.9704,0.97075,0.80,8.90
2008.01.17 21:07:46.969,0.9704,0.97075,0.80,8.90
2008.01.17 21:07:47.334,0.9704,0.97075,0.80,8.90
2008.01.17 21:07:47.562,0.9704,0.97075,0.80,8.90
2008.01.17 21:07:47.815,0.9704,0.97075,0.80,8.90
2008.01.17 21:07:48.070,0.9704,0.97075,0.80,8.90
2008.01.17 21:07:48.525,0.9704,0.97075,0.80,8.90
2008.01.17 21:07:48.778,0.9704,0.97075,0.80,8.90
2008.01.17 21:07:49.351,0.9704,0.97075,0.80,8.90
2008.01.17 21:07:49.559,0.9704,0.97075,0.80,8.90
2008.01.17 21:07:49.981,0.9704,0.97075,0.80,8.90
2008.01.17 21:07:50.189,0.9704,0.97075,0.80,8.90
2008.01.17 21:07:50.441,0.9704,0.97075,0.80,8.90
2008.01.17 21:07:50.555,0.9704,0.97075,0.80,8.90
2008.01.17 21:07:50.894,0.9704,0.97075,0.80,8.90
2008.01.17 21:07:51.008,0.9704,0.97075,0.80,8.90
2008.01.17 21:07:51.362,0.9704,0.97075,0.80,8.90
2008.01.17 21:07:51.658,0.9704,0.97075,0.80,8.90
2008.01.17 21:07:52.182,0.9704,0.97075,0.80,8.90
2008.01.17 21:07:52.254,0.9704,0.97075,0.80,8.90
2008.01.17 21:07:52.588,0.9704,0.97075,0.80,8.90
2008.01.17 21:07:52.731,0.9704,0.97075,0.80,8.90
2008.01.17 21:07:53.101,0.9704,0.97075,0.80,8.90
2008.01.17 21:07:53.244,0.9704,0.97075,0.80,8.90
2008.01.17 21:07:53.649,0.9704,0.97075,0.80,8.90
2008.01.17 21:07:53.977,0.9704,0.97075,0.80,8.90
2008.01.17 21:07:54.304,0.9704,0.97075,0.80,8.90
2008.01.17 21:07:54.468,0.9704,0.97075,0.80,8.90
2008.01.17 21:07:54.797,0.9704,0.97075,0.80,8.90
2008.01.17 21:07:54.960,0.9704,0.97075,0.80,8.90
2008.01.17 21:07:55.212,0.9704,0.97075,0.80,8.90
2008.01.17 21:07:55.376,0.9704,0.97075,0.80,11.30
2008.01.17 21:07:55.666,0.9704,0.97075,0.80,11.30
2008.01.17 21:07:56.185,0.9704,0.97075,0.80,11.30
2008.01.17 21:07:56.473,0.9704,0.97075,0.80,11.30
2008.01.17 21:07:56.904,0.9704,0.97075,0.80,11.30
2008.01.17 21:07:57.148,0.9704,0.97075,0.80,11.30
2008.01.17 21:07:57.574,0.9704,0.97075,0.80,11.30
2008.01.17 21:07:57.594,0.9704,0.97075,0.80,11.30
2008.01.17 21:07:57.841,0.9704,0.97075,0.80,11.30
2008.01.17 21:07:58.090,0.9704,0.97075,0.80,11.30
2008.01.17 21:07:58.338,0.9704,0.97075,0.80,11.30
2008.01.17 21:07:58.625,0.9704,0.97075,0.80,11.30
2008.01.17 21:07:58.843,0.9704,0.97075,0.80,11.30
2008.01.17 21:07:59.287,0.9704,0.97075,0.80,11.30
2008.01.17 21:07:59.504,0.9704,0.97075,0.80,11.30
2008.01.17 21:07:59.883,0.9704,0.97075,0.80,11.30
2008.01.17 21:08:00.076,0.9704,0.9707,0.80,0.20
2008.01.17 21:08:00.388,0.97035,0.9707,4.80,8.90
2008.01.17 21:08:00.576,0.97035,0.9707,4.80,8.90
2008.01.17 21:08:00.832,0.97035,0.9707,4.80,8.90
2008.01.17 21:08:01.022,0.97035,0.9707,0.80,8.90
2008.01.17 21:08:01.498,0.97035,0.9707,0.80,8.90
2008.01.17 21:08:01.972,0.97035,0.9707,1.60,8.80
2008.01.17 21:08:02.006,0.9704,0.97075,0.80,11.30
2008.01.17 21:08:02.484,0.9704,0.97075,0.80,11.30
2008.01.17 21:08:02.668,0.9704,0.97075,0.80,11.30
2008.01.17 21:08:03.079,0.9704,0.97075,0.80,11.30
2008.01.17 21:08:03.262,0.9704,0.97075,0.80,11.30
2008.01.17 21:08:03.511,0.9704,0.97075,0.80,11.30
2008.01.17 21:08:03.747,0.9704,0.97075,0.80,11.30
2008.01.17 21:08:04.114,0.9704,0.97075,0.80,11.30
2008.01.17 21:08:04.351,0.9704,0.97075,0.80,8.80
2008.01.17 21:08:04.591,0.9704,0.97075,0.80,8.80
2008.01.17 21:08:04.791,0.9704,0.97075,0.80,8.80
2008.01.17 21:08:05.038,0.9704,0.97075,0.80,8.80
2008.01.17 21:08:05.246,0.9704,0.97075,0.80,11.30
2008.01.17 21:08:05.487,0.9704,0.97075,0.80,11.30
2008.01.17 21:08:05.738,0.9704,0.97075,0.80,11.30
2008.01.17 21:08:05.991,0.9704,0.97075,0.80,11.30
2008.01.17 21:08:06.245,0.9704,0.97075,0.80,11.30
2008.01.17 21:08:06.498,0.9704,0.97075,0.80,11.30
2008.01.17 21:08:06.728,0.9704,0.97075,0.80,11.30
2008.01.17 21:08:07.055,0.9704,0.97075,0.80,11.30
2008.01.17 21:08:07.285,0.9704,0.97075,0.80,11.30
2008.01.17 21:08:07.516,0.9704,0.97075,0.80,11.30
2008.01.17 21:08:07.742,0.9704,0.97075,0.80,11.30
2008.01.17 21:08:08.023,0.9704,0.97075,0.80,11.30
2008.01.17 21:08:08.281,0.9704,0.97075,0.80,11.30
2008.01.17 21:08:08.550,0.9704,0.97075,0.80,11.30
2008.01.17 21:08:08.773,0.97045,0.97075,1.60,11.20
2008.01.17 21:08:09.022,0.97045,0.97075,2.40,2.40
2008.01.17 21:08:09.242,0.97045,0.97075,2.40,2.40
2008.01.17 21:08:09.493,0.97045,0.97075,2.40,2.40
2008.01.17 21:08:09.715,0.97045,0.97075,2.40,2.40
2008.01.17 21:08:10.015,0.97045,0.97075,2.40,2.40
2008.01.17 21:08:10.268,0.97045,0.97075,2.40,2.40
2008.01.17 21:08:10.576,0.97045,0.97075,2.40,2.40
2008.01.17 21:08:10.829,0.97045,0.97075,2.40,2.40
2008.01.17 21:08:11.275,0.97045,0.97075,2.40,2.40
2008.01.17 21:08:11.483,0.97045,0.97075,2.40,2.40
2008.01.17 21:08:11.917,0.97045,0.97075,2.40,2.40
2008.01.17 21:08:12.078,0.97045,0.97075,2.40,2.40
2008.01.17 21:08:12.372,0.97045,0.97075,2.40,2.40
2008.01.17 21:08:12.536,0.97045,0.97075,2.40,2.40
2008.01.17 21:08:12.899,0.97045,0.97075,2.40,2.40
2008.01.17 21:08:13.063,0.97045,0.97075,2.40,2.40
2008.01.17 21:08:13.569,0.97045,0.97075,2.40,2.40
2008.01.17 21:08:13.842,0.97045,0.97075,2.40,2.40
2008.01.17 21:08:14.341,0.97045,0.97075,2.40,2.40
2008.01.17 21:08:14.498,0.97045,0.97075,2.40,2.40
2008.01.17 21:08:14.877,0.97045,0.97075,2.40,2.40
2008.01.17 21:08:15.034,0.97045,0.97075,2.40,2.40
2008.01.17 21:08:15.191,0.97045,0.97075,2.40,2.40
2008.01.17 21:08:15.432,0.97045,0.97075,2.40,2.40
2008.01.17 21:08:15.670,0.97045,0.97075,2.40,2.40
2008.01.17 21:08:15.925,0.97045,0.97075,2.40,2.40
2008.01.17 21:08:16.166,0.9704,0.97075,8.80,2.40
2008.01.17 21:08:16.417,0.9704,0.97075,8.80,2.40
2008.01.17 21:08:16.837,0.9704,0.97075,8.80,2.40
2008.01.17 21:08:16.854,0.9704,0.97075,8.80,2.40
2008.01.17 21:08:17.049,0.9704,0.97075,8.80,2.40
2008.01.17 21:08:17.300,0.9704,0.97075,8.80,2.40
2008.01.17 21:08:17.785,0.9704,0.97075,8.80,2.40
2008.01.17 21:08:17.793,0.9704,0.97075,8.80,0.70
2008.01.17 21:08:18.041,0.9704,0.9708,8.80,11.30
2008.01.17 21:08:18.299,0.9704,0.9708,8.80,11.30
2008.01.17 21:08:18.559,0.9704,0.9708,8.80,11.30
2008.01.17 21:08:19.040,0.9704,0.97075,8.80,0.50
2008.01.17 21:08:19.297,0.9704,0.9708,8.80,11.30
2008.01.17 21:08:19.662,0.9704,0.97075,8.80,2.70
2008.01.17 21:08:19.836,0.97035,0.9707,4.00,0.20
2008.01.17 21:08:20.082,0.97035,0.9707,4.00,0.20
2008.01.17 21:08:20.254,0.97035,0.97075,4.00,11.50
2008.01.17 21:08:20.501,0.97035,0.97075,4.00,11.50
2008.01.17 21:08:20.737,0.97035,0.9707,4.00,0.20
2008.01.17 21:08:20.975,0.9703,0.9707,8.80,0.20
2008.01.17 21:08:21.214,0.9703,0.97075,8.80,15.50
2008.01.17 21:08:21.467,0.9703,0.97075,8.80,15.50
2008.01.17 21:08:21.706,0.9703,0.9708,8.80,15.50
2008.01.17 21:08:22.024,0.97035,0.9708,1.60,15.50
2008.01.17 21:08:22.304,0.97035,0.9708,10.40,15.50
2008.01.17 21:08:22.581,0.97035,0.9708,10.40,15.50
2008.01.17 21:08:22.804,0.97035,0.9708,10.40,15.40
2008.01.17 21:08:23.087,0.9704,0.97075,8.80,0.70
2008.01.17 21:08:23.311,0.9704,0.9708,8.80,11.30
2008.01.17 21:08:23.627,0.9704,0.97075,8.80,0.80
2008.01.17 21:08:23.815,0.9704,0.9708,8.80,11.30
2008.01.17 21:08:24.230,0.9704,0.9708,8.80,11.30
2008.01.17 21:08:24.419,0.9704,0.9708,8.80,11.30
2008.01.17 21:08:24.667,0.9704,0.9708,8.80,11.30
2008.01.17 21:08:24.899,0.9704,0.97075,8.80,0.80
2008.01.17 21:08:25.288,0.9704,0.97075,8.80,0.60
2008.01.17 21:08:25.520,0.9704,0.9708,8.80,11.30
2008.01.17 21:08:25.980,0.9704,0.97075,8.80,0.60
2008.01.17 21:08:26.184,0.9704,0.97075,8.80,0.50
2008.01.17 21:08:26.609,0.9704,0.9708,8.80,11.30
2008.01.17 21:08:26.812,0.9704,0.9708,8.80,11.30
2008.01.17 21:08:27.051,0.9704,0.97075,8.80,0.80
2008.01.17 21:08:27.449,0.9704,0.97075,8.80,0.90
2008.01.17 21:08:27.465,0.9704,0.97075,8.80,0.90
2008.01.17 21:08:27.632,0.9704,0.9708,8.80,11.30
2008.01.17 21:08:27.906,0.9704,0.9708,8.80,11.30
2008.01.17 21:08:28.190,0.9704,0.97075,8.80,0.90
2008.01.17 21:08:28.508,0.9704,0.9708,8.80,11.30
2008.01.17 21:08:28.790,0.9704,0.97075,8.80,0.70
2008.01.17 21:08:29.073,0.9704,0.9708,8.80,11.30
2008.01.17 21:08:29.281,0.9704,0.9708,8.80,11.30
2008.01.17 21:08:29.659,0.9704,0.97075,8.80,0.60
2008.01.17 21:08:29.868,0.9704,0.9708,8.80,11.30
2008.01.17 21:08:30.305,0.9704,0.97075,8.80,0.70
2008.01.17 21:08:30.523,0.9704,0.97075,8.80,0.50
2008.01.17 21:08:30.928,0.9705,0.9708,1.60,0.50
2008.01.17 21:08:31.147,0.97045,0.9709,2.40,15.50
2008.01.17 21:08:31.461,0.97045,0.9709,2.40,15.50
2008.01.17 21:08:31.620,0.97045,0.97085,2.40,0.60
2008.01.17 21:08:31.858,0.97045,0.97085,2.40,0.90
2008.01.17 21:08:32.027,0.97045,0.9709,2.40,11.50
2008.01.17 21:08:32.343,0.97045,0.9709,2.40,11.50
2008.01.17 21:08:32.571,0.97045,0.9709,2.40,11.50
2008.01.17 21:08:32.804,0.97045,0.9708,2.40,0.20
2008.01.17 21:08:33.033,0.9704,0.97075,8.80,0.50
2008.01.17 21:08:33.281,0.9704,0.97075,8.80,0.90
2008.01.17 21:08:33.510,0.9704,0.9708,8.80,11.30
2008.01.17 21:08:33.795,0.9704,0.9708,8.80,11.30
2008.01.17 21:08:34.075,0.9704,0.9708,8.80,11.30
2008.01.17 21:08:35.513,0.9704,0.9708,8.80,11.30
2008.01.17 21:08:35.605,0.9704,0.97075,8.80,0.80
2008.01.17 21:08:35.903,0.9704,0.97075,8.80,0.50
2008.01.17 21:08:35.996,0.9704,0.97075,8.80,0.50
2008.01.17 21:08:38.142,0.9704,0.97075,8.80,2.70
2008.01.17 21:08:38.455,0.9704,0.97075,0.80,11.50
2008.01.17 21:08:38.549,0.97035,0.9707,4.80,0.20
2008.01.17 21:08:38.796,0.97035,0.9707,4.80,0.20
2008.01.17 21:08:38.886,0.97035,0.97075,0.80,15.50
2008.01.17 21:08:39.198,0.97035,0.97075,0.80,15.50
2008.01.17 21:08:39.757,0.9703,0.97065,8.80,0.40
2008.01.17 21:08:39.867,0.97025,0.97065,4.00,9.10
2008.01.17 21:08:40.336,0.9702,0.9706,8.00,0.70
2008.01.17 21:08:40.518,0.9702,0.9706,8.00,0.50
2008.01.17 21:08:40.845,0.9702,0.9706,8.00,0.80
2008.01.17 21:08:41.029,0.9702,0.9706,8.00,0.60
2008.01.17 21:08:41.278,0.9702,0.97065,8.00,21.70
2008.01.17 21:08:41.695,0.9702,0.97065,8.00,21.70
2008.01.17 21:08:41.731,0.9702,0.97065,8.00,21.70
2008.01.17 21:08:41.999,0.9702,0.9706,8.00,0.80
2008.01.17 21:08:42.270,0.9702,0.97065,8.00,21.70
2008.01.17 21:08:42.760,0.9702,0.97065,8.00,21.70
2008.01.17 21:08:43.025,0.9702,0.97065,8.00,21.70
2008.01.17 21:08:43.287,0.9702,0.97065,8.00,21.70
2008.01.17 21:08:43.550,0.9702,0.9706,8.00,0.70
2008.01.17 21:08:43.844,0.9702,0.97065,8.00,21.70
2008.01.17 21:08:44.038,0.9702,0.97065,8.00,21.70
2008.01.17 21:08:44.460,0.9702,0.97065,8.00,21.70
2008.01.17 21:08:44.659,0.9702,0.9706,8.00,0.80
2008.01.17 21:08:44.938,0.9702,0.97065,8.00,21.70
2008.01.17 21:08:45.163,0.9702,0.97055,8.00,0.40
2008.01.17 21:08:45.425,0.9702,0.97055,8.00,0.40
2008.01.17 21:08:45.870,0.9701,0.97055,8.00,17.80
2008.01.17 21:08:46.104,0.9701,0.97045,8.00,0.40
2008.01.17 21:08:46.359,0.9701,0.97045,8.00,0.40
2008.01.17 21:08:46.592,0.97,0.97045,8.00,9.10
2008.01.17 21:08:46.834,0.97,0.9704,8.00,0.20
2008.01.17 21:08:47.290,0.97,0.97045,8.00,9.10
2008.01.17 21:08:47.748,0.97,0.97035,8.00,0.40
2008.01.17 21:08:47.976,0.96995,0.97035,10.40,0.40
2008.01.17 21:08:48.255,0.96995,0.9704,10.40,9.10
2008.01.17 21:08:48.753,0.96995,0.97035,8.00,0.20
2008.01.17 21:08:49.026,0.96995,0.9704,8.00,0.60
2008.01.17 21:08:49.301,0.97005,0.9704,2.40,0.60
2008.01.17 21:08:49.737,0.97015,0.97055,2.40,15.30
2008.01.17 21:08:49.756,0.97015,0.97055,2.40,15.30
2008.01.17 21:08:50.177,0.97015,0.97045,2.40,0.50
2008.01.17 21:08:50.389,0.97015,0.9706,2.40,11.50
2008.01.17 21:08:50.636,0.97015,0.97055,2.40,0.50
2008.01.17 21:08:51.075,0.97015,0.9706,2.40,11.50
2008.01.17 21:08:51.292,0.97015,0.97055,2.40,0.50
2008.01.17 21:08:51.546,0.97015,0.9706,2.40,11.50
2008.01.17 21:08:52.051,0.97015,0.9706,2.40,11.50
2008.01.17 21:08:52.303,0.97015,0.9706,2.40,11.50
2008.01.17 21:08:52.576,0.97015,0.9706,2.40,11.50
2008.01.17 21:08:52.848,0.97015,0.9706,2.40,11.50
2008.01.17 21:08:53.121,0.97015,0.97055,2.40,0.90
2008.01.17 21:08:53.622,0.97025,0.97055,0.80,0.60
2008.01.17 21:08:53.638,0.97025,0.97055,0.80,0.90
2008.01.17 21:08:54.069,0.9702,0.97055,0.80,11.50
2008.01.17 21:08:54.272,0.9702,0.97055,0.80,11.50
2008.01.17 21:08:54.533,0.9702,0.9705,0.80,0.20
2008.01.17 21:08:54.765,0.9702,0.9705,0.80,0.20
2008.01.17 21:08:55.002,0.9702,0.97055,0.80,11.50
2008.01.17 21:08:55.234,0.9702,0.97055,0.80,9.10
2008.01.17 21:08:55.486,0.9702,0.97055,0.80,9.10
2008.01.17 21:08:55.716,0.9702,0.97055,0.80,11.50
2008.01.17 21:08:57.412,0.97025,0.9706,0.80,11.50
2008.01.17 21:08:57.663,0.97025,0.97055,2.40,0.20
2008.01.17 21:08:57.698,0.97025,0.97055,0.80,0.40
2008.01.17 21:08:57.952,0.9702,0.9705,8.80,0.20
2008.01.17 21:08:57.985,0.9702,0.9705,0.80,0.20
2008.01.17 21:08:58.239,0.9702,0.97055,0.80,9.10
2008.01.17 21:08:58.269,0.9702,0.97055,0.80,9.10
2008.01.17 21:08:58.517,0.9702,0.97055,0.80,0.40
2008.01.17 21:08:59.077,0.9702,0.9705,0.80,0.20
2008.01.17 21:08:59.410,0.97015,0.97055,14.40,2.70
2008.01.17 21:08:59.743,0.97015,0.97055,10.40,2.70
2008.01.17 21:08:59.912,0.97015,0.97055,10.40,2.70
2008.01.17 21:09:00.285,0.97015,0.97055,10.40,2.70
2008.01.17 21:09:00.452,0.97015,0.9705,10.40,0.20
2008.01.17 21:09:00.853,0.97015,0.9705,10.40,0.20
2008.01.17 21:09:01.053,0.97015,0.9705,10.40,0.20
2008.01.17 21:09:01.311,0.97015,0.97055,10.40,2.70
2008.01.17 21:09:01.511,0.97015,0.97055,10.40,2.70
2008.01.17 21:09:01.772,0.97015,0.97055,10.40,2.70
2008.01.17 21:09:02.154,0.97015,0.97065,4.80,15.30
2008.01.17 21:09:02.674,0.9703,0.97065,0.80,4.30
2008.01.17 21:09:02.967,0.9703,0.97065,0.80,9.10
2008.01.17 21:09:03.214,0.9703,0.9707,0.80,9.10
2008.01.17 21:09:03.618,0.9703,0.9707,0.80,9.10
2008.01.17 21:09:03.635,0.97035,0.9707,0.80,9.10
2008.01.17 21:09:03.815,0.97035,0.9707,0.80,9.10
2008.01.17 21:09:04.063,0.97035,0.9707,0.80,9.10
2008.01.17 21:09:04.307,0.97035,0.97065,0.80,0.20
2008.01.17 21:09:04.647,0.97035,0.9706,0.80,0.20
2008.01.17 21:09:05.135,0.9703,0.97065,0.80,11.50
2008.01.17 21:09:05.589,0.97025,0.9706,12.00,0.20
2008.01.17 21:09:05.797,0.97025,0.9706,4.00,0.20
2008.01.17 21:09:06.032,0.9702,0.97065,8.00,11.50
2008.01.17 21:09:06.239,0.9702,0.9707,8.00,11.40
2008.01.17 21:09:06.503,0.9702,0.9707,8.00,9.00
2008.01.17 21:09:07.000,0.97035,0.9707,0.80,9.00
2008.01.17 21:09:07.029,0.9704,0.97075,0.80,15.50
2008.01.17 21:09:07.510,0.9704,0.9707,0.80,0.20
2008.01.17 21:09:07.744,0.9704,0.97075,0.80,15.50
2008.01.17 21:09:08.050,0.9704,0.97075,0.80,15.50
