2008.07.16 11:00:00.593,1.03405,1.0343,1.00,1.00
2008.07.16 11:00:00.772,1.03405,1.03425,1.00,1.00
2008.07.16 11:00:01.130,1.03405,1.0343,2.90,1.00
2008.07.16 11:00:01.317,1.03405,1.0343,1.00,3.50
2008.07.16 11:00:01.502,1.03405,1.0343,1.00,1.00
2008.07.16 11:00:02.937,1.034,1.0342,2.90,1.00
2008.07.16 11:00:03.103,1.03405,1.03425,1.00,1.00
2008.07.16 11:00:03.263,1.03405,1.03425,2.20,1.00
2008.07.16 11:00:03.550,1.03405,1.03425,1.40,1.00
2008.07.16 11:00:04.322,1.03405,1.03425,1.40,1.20
2008.07.16 11:00:04.575,1.034,1.03425,1.00,1.20
2008.07.16 11:00:04.840,1.03395,1.0342,4.40,1.00
2008.07.16 11:00:05.120,1.03395,1.0342,2.80,1.00
2008.07.16 11:00:05.677,1.03405,1.03425,1.00,3.20
2008.07.16 11:00:05.988,1.03405,1.03425,1.00,1.00
2008.07.16 11:00:06.250,1.034,1.0342,2.10,1.00
2008.07.16 11:00:06.501,1.03395,1.0342,2.20,1.00
2008.07.16 11:00:06.753,1.034,1.03425,1.00,3.90
2008.07.16 11:00:07.014,1.03395,1.0342,2.20,1.00
2008.07.16 11:00:07.384,1.03395,1.0342,4.40,1.00
2008.07.16 11:00:07.586,1.03395,1.0342,2.20,1.00
2008.07.16 11:00:08.920,1.03395,1.03415,2.20,1.00
2008.07.16 11:00:11.130,1.03395,1.03415,1.40,1.20
2008.07.16 11:00:11.549,1.03385,1.0341,4.90,1.00
2008.07.16 11:00:11.770,1.03385,1.0341,4.40,1.00
2008.07.16 11:00:11.992,1.03385,1.0341,2.80,6.00
2008.07.16 11:00:12.177,1.03385,1.0341,2.20,6.00
2008.07.16 11:00:12.441,1.0338,1.03405,2.90,1.00
2008.07.16 11:00:12.578,1.0338,1.03405,1.00,1.00
2008.07.16 11:00:12.718,1.03375,1.034,5.90,1.00
2008.07.16 11:00:12.858,1.03375,1.034,5.90,1.00
2008.07.16 11:00:13.209,1.03375,1.034,2.80,1.00
2008.07.16 11:00:15.004,1.03375,1.034,1.30,1.00
2008.07.16 11:00:15.209,1.0337,1.0339,2.10,1.00
2008.07.16 11:00:15.460,1.03365,1.0339,3.20,1.00
2008.07.16 11:00:16.108,1.03365,1.0339,2.20,1.00
2008.07.16 11:00:16.332,1.03365,1.0339,1.70,1.00
2008.07.16 11:00:16.960,1.0337,1.0339,6.20,1.00
2008.07.16 11:00:17.259,1.0337,1.0339,1.00,1.00
2008.07.16 11:00:17.414,1.0337,1.0339,1.00,3.50
2008.07.16 11:00:17.575,1.0337,1.0339,1.00,1.00
2008.07.16 11:00:17.771,1.0337,1.0339,6.20,1.00
2008.07.16 11:00:17.918,1.03375,1.0339,1.00,1.00
2008.07.16 11:00:18.619,1.0337,1.0338,2.10,1.00
2008.07.16 11:00:19.011,1.03365,1.03375,1.00,1.00
2008.07.16 11:00:19.781,1.03365,1.03375,1.70,2.70
2008.07.16 11:00:20.123,1.03365,1.03385,1.70,1.00
2008.07.16 11:00:20.993,1.0337,1.0339,6.20,1.00
2008.07.16 11:00:21.266,1.03375,1.0339,1.00,1.00
2008.07.16 11:00:22.307,1.0337,1.0339,6.20,1.00
2008.07.16 11:00:22.903,1.0337,1.0338,6.20,1.00
2008.07.16 11:00:23.119,1.03365,1.0337,2.10,1.00
2008.07.16 11:00:23.233,1.0336,1.0337,5.40,1.00
2008.07.16 11:00:23.350,1.03365,1.0337,1.40,1.00
2008.07.16 11:00:23.465,1.03365,1.03375,1.40,2.70
2008.07.16 11:00:23.697,1.03365,1.03385,1.40,3.30
2008.07.16 11:00:24.128,1.0336,1.0338,6.20,1.00
2008.07.16 11:00:25.691,1.03365,1.0338,1.70,1.00
2008.07.16 11:00:26.168,1.0337,1.0338,5.40,1.00
2008.07.16 11:00:26.324,1.0337,1.03385,5.40,1.00
2008.07.16 11:00:26.936,1.0337,1.0339,6.20,2.70
2008.07.16 11:00:27.285,1.0337,1.0339,6.20,1.00
2008.07.16 11:00:28.285,1.03365,1.0339,5.40,1.00
2008.07.16 11:00:28.575,1.03365,1.0339,3.20,1.00
2008.07.16 11:00:28.938,1.03375,1.0339,1.00,1.00
2008.07.16 11:00:31.720,1.03375,1.0339,1.00,1.00
2008.07.16 11:00:31.893,1.0337,1.0339,6.20,1.00
2008.07.16 11:00:31.999,1.03365,1.0339,3.20,1.00
2008.07.16 11:00:32.682,1.03375,1.0339,1.40,1.00
2008.07.16 11:00:32.789,1.0338,1.03395,1.00,2.70
2008.07.16 11:00:33.164,1.0338,1.034,1.00,1.00
2008.07.16 11:00:33.463,1.03375,1.034,5.40,1.00
2008.07.16 11:00:33.769,1.03375,1.03395,3.20,1.00
2008.07.16 11:00:34.074,1.03375,1.03395,2.20,1.00
2008.07.16 11:00:34.245,1.03375,1.03395,1.40,1.00
2008.07.16 11:00:34.608,1.03385,1.034,1.40,2.70
2008.07.16 11:00:34.785,1.03385,1.03405,1.40,1.20
2008.07.16 11:00:34.960,1.03385,1.034,1.40,1.00
2008.07.16 11:00:35.784,1.0338,1.034,4.00,1.00
2008.07.16 11:00:36.065,1.0338,1.034,1.00,1.00
2008.07.16 11:00:36.373,1.03385,1.0341,1.00,3.50
2008.07.16 11:00:36.633,1.03385,1.0341,1.00,1.00
2008.07.16 11:00:38.082,1.03385,1.0341,2.20,1.00
2008.07.16 11:00:38.292,1.03385,1.0341,3.20,1.00
2008.07.16 11:00:38.503,1.0339,1.0341,6.20,1.00
2008.07.16 11:00:38.659,1.03395,1.03415,1.40,3.30
2008.07.16 11:00:38.728,1.03395,1.03415,1.40,1.00
2008.07.16 11:00:38.848,1.03395,1.03415,2.40,1.00
2008.07.16 11:00:39.112,1.03395,1.03415,4.50,1.00
2008.07.16 11:00:39.454,1.03395,1.0342,4.40,1.00
2008.07.16 11:00:39.772,1.034,1.0342,1.00,1.00
2008.07.16 11:00:41.631,1.03405,1.03425,1.40,1.20
2008.07.16 11:00:41.790,1.03405,1.03425,2.20,1.00
2008.07.16 11:00:42.872,1.0341,1.0343,1.00,1.00
2008.07.16 11:00:43.863,1.03405,1.0343,4.40,1.00
2008.07.16 11:00:44.023,1.03405,1.0343,2.20,1.00
2008.07.16 11:00:44.380,1.0341,1.0343,1.00,1.00
2008.07.16 11:00:44.731,1.03405,1.0343,4.40,1.00
2008.07.16 11:00:45.257,1.03405,1.0343,2.20,1.00
2008.07.16 11:00:46.314,1.03405,1.0343,2.20,4.00
2008.07.16 11:00:48.291,1.03405,1.03425,1.40,1.00
2008.07.16 11:00:48.921,1.034,1.03425,1.00,1.00
2008.07.16 11:00:49.088,1.03405,1.03425,1.00,1.00
2008.07.16 11:00:49.552,1.03405,1.0343,1.00,3.50
2008.07.16 11:00:49.730,1.03405,1.0343,1.00,1.00
2008.07.16 11:00:50.558,1.034,1.03425,2.90,1.00
2008.07.16 11:00:50.839,1.034,1.03425,1.00,1.00
2008.07.16 11:00:52.761,1.034,1.0342,1.00,1.00
2008.07.16 11:00:53.261,1.034,1.0342,6.20,1.00
2008.07.16 11:00:53.390,1.03395,1.0342,3.90,1.00
2008.07.16 11:00:53.879,1.03395,1.0342,1.70,1.00
2008.07.16 11:00:54.970,1.0339,1.03415,3.50,1.00
2008.07.16 11:00:55.187,1.0339,1.03415,2.90,1.00
2008.07.16 11:00:55.408,1.0339,1.03415,6.20,1.00
2008.07.16 11:00:56.508,1.03395,1.03415,1.00,1.00
2008.07.16 11:00:56.751,1.0339,1.03415,1.30,1.00
2008.07.16 11:00:56.989,1.034,1.03425,1.00,3.30
2008.07.16 11:00:57.144,1.034,1.03425,1.00,1.00
2008.07.16 11:00:57.425,1.03405,1.03425,1.00,1.00
2008.07.16 11:00:57.575,1.034,1.0342,1.00,1.00
2008.07.16 11:00:57.851,1.034,1.03425,1.00,3.90
2008.07.16 11:00:58.018,1.03405,1.03425,1.00,3.20
2008.07.16 11:00:58.403,1.03405,1.03425,1.00,1.20
2008.07.16 11:00:58.753,1.03405,1.03425,2.90,1.00
2008.07.16 11:00:59.120,1.034,1.03425,2.90,1.20
2008.07.16 11:00:59.269,1.034,1.03425,1.00,1.20
2008.07.16 11:00:59.419,1.034,1.03425,1.00,1.00
2008.07.16 11:01:01.035,1.034,1.03425,1.00,1.20
2008.07.16 11:01:04.314,1.034,1.0342,1.00,6.00
2008.07.16 11:01:04.647,1.034,1.0342,1.00,6.20
2008.07.16 11:01:06.565,1.034,1.0342,1.00,5.40
2008.07.16 11:01:07.007,1.03395,1.0342,2.90,6.20
2008.07.16 11:01:07.235,1.03395,1.0342,1.00,6.20
2008.07.16 11:01:07.464,1.034,1.0342,1.00,6.20
2008.07.16 11:01:07.614,1.034,1.0342,1.00,1.00
2008.07.16 11:01:07.932,1.034,1.0342,1.00,6.20
2008.07.16 11:01:08.241,1.03395,1.03415,2.10,1.00
2008.07.16 11:01:08.394,1.0339,1.03415,1.00,1.00
2008.07.16 11:01:12.014,1.0339,1.03415,6.20,1.00
2008.07.16 11:01:12.176,1.03395,1.0342,1.00,1.30
2008.07.16 11:01:12.336,1.03395,1.0342,1.00,1.00
2008.07.16 11:01:12.774,1.03395,1.0342,2.20,1.00
2008.07.16 11:01:13.323,1.0339,1.03415,2.90,1.00
2008.07.16 11:01:13.791,1.0339,1.03415,1.00,1.00
2008.07.16 11:01:15.382,1.03395,1.0342,1.00,3.50
2008.07.16 11:01:15.553,1.03395,1.0342,1.00,1.30
2008.07.16 11:01:15.724,1.0339,1.0341,2.10,1.00
2008.07.16 11:01:16.053,1.03385,1.0341,3.20,1.00
2008.07.16 11:01:16.324,1.034,1.0341,5.40,1.00
2008.07.16 11:01:16.923,1.03395,1.0341,1.00,1.00
2008.07.16 11:01:17.194,1.03395,1.0341,1.00,1.30
2008.07.16 11:01:17.353,1.03395,1.034,1.00,1.00
2008.07.16 11:01:17.525,1.0338,1.03395,2.50,1.00
2008.07.16 11:01:17.684,1.03385,1.03395,1.00,1.00
2008.07.16 11:01:17.844,1.03385,1.0339,1.00,1.00
2008.07.16 11:01:19.001,1.03375,1.0339,1.00,1.00
2008.07.16 11:01:19.628,1.03375,1.0339,1.70,1.00
2008.07.16 11:01:19.792,1.03375,1.034,3.20,3.50
2008.07.16 11:01:19.869,1.03375,1.034,3.20,1.00
2008.07.16 11:01:20.014,1.0338,1.034,1.00,1.00
2008.07.16 11:01:20.384,1.03385,1.034,1.00,1.00
2008.07.16 11:01:20.734,1.03385,1.034,1.00,1.00
2008.07.16 11:01:21.091,1.03385,1.034,1.70,1.00
2008.07.16 11:01:22.267,1.03385,1.0341,3.20,1.00
2008.07.16 11:01:23.253,1.03385,1.034,1.00,1.00
2008.07.16 11:01:23.621,1.03385,1.034,1.70,1.00
2008.07.16 11:01:23.877,1.03385,1.034,1.00,1.00
2008.07.16 11:01:24.020,1.03385,1.0339,1.00,1.00
2008.07.16 11:01:24.465,1.03385,1.034,1.70,1.00
2008.07.16 11:01:26.299,1.0339,1.034,1.00,1.00
2008.07.16 11:01:27.101,1.03385,1.034,1.70,1.00
2008.07.16 11:01:28.330,1.03385,1.0341,3.20,3.50
2008.07.16 11:01:28.690,1.0339,1.0341,6.20,2.70
2008.07.16 11:01:29.369,1.0339,1.0341,6.20,1.00
2008.07.16 11:01:30.890,1.03395,1.0341,1.00,1.00
2008.07.16 11:01:35.988,1.03395,1.0341,1.00,1.00
2008.07.16 11:01:36.429,1.03395,1.0341,1.00,3.50
2008.07.16 11:01:36.618,1.03395,1.0341,1.00,1.00
2008.07.16 11:01:38.037,1.03395,1.0341,1.70,1.00
2008.07.16 11:01:39.674,1.03395,1.0341,1.00,1.00
2008.07.16 11:01:40.138,1.034,1.0341,5.40,1.00
2008.07.16 11:01:41.057,1.034,1.0341,5.40,1.00
2008.07.16 11:01:41.977,1.03395,1.0341,1.70,1.00
2008.07.16 11:01:42.700,1.03395,1.03415,3.20,1.00
2008.07.16 11:01:51.864,1.03405,1.03415,1.40,1.00
2008.07.16 11:01:52.085,1.03405,1.0342,1.40,2.70
2008.07.16 11:01:52.482,1.03405,1.03425,1.40,1.00
2008.07.16 11:01:58.124,1.03405,1.03425,2.40,1.00
2008.07.16 11:01:58.518,1.03405,1.03425,3.20,1.00
2008.07.16 11:02:00.895,1.03405,1.0342,1.70,1.00
2008.07.16 11:02:01.063,1.03405,1.0342,1.00,1.00
2008.07.16 11:02:18.602,1.0341,1.0342,5.40,1.00
2008.07.16 11:02:18.852,1.03405,1.03425,3.20,2.70
2008.07.16 11:02:19.071,1.03405,1.0343,3.20,1.00
2008.07.16 11:02:19.264,1.03405,1.0343,4.10,1.00
2008.07.16 11:02:19.361,1.03415,1.03435,1.00,3.30
2008.07.16 11:02:19.481,1.03415,1.03435,1.00,1.00
2008.07.16 11:02:19.588,1.0342,1.0344,1.00,2.70
2008.07.16 11:02:19.799,1.0342,1.0344,1.00,3.30
2008.07.16 11:02:20.325,1.0342,1.0344,1.00,1.00
2008.07.16 11:02:20.697,1.03415,1.03435,1.40,1.00
2008.07.16 11:02:21.052,1.03415,1.0344,2.20,3.30
2008.07.16 11:02:21.207,1.03415,1.0344,2.20,1.00
2008.07.16 11:02:21.890,1.03415,1.0344,2.20,4.00
2008.07.16 11:02:22.238,1.03415,1.03435,1.40,1.00
2008.07.16 11:02:22.446,1.03415,1.03435,3.60,1.00
2008.07.16 11:02:22.878,1.03415,1.03435,1.40,1.00
2008.07.16 11:02:23.986,1.03425,1.03435,1.40,1.00
2008.07.16 11:02:24.523,1.03425,1.03445,1.40,1.20
2008.07.16 11:02:26.373,1.03425,1.03445,1.40,1.00
2008.07.16 11:02:28.238,1.0342,1.03445,4.00,1.00
2008.07.16 11:02:28.346,1.0342,1.03445,1.00,1.00
2008.07.16 11:02:28.567,1.03415,1.0344,5.40,1.00
2008.07.16 11:02:28.734,1.03415,1.0344,3.20,1.00
2008.07.16 11:02:31.226,1.0342,1.0344,1.00,1.00
2008.07.16 11:02:31.767,1.03415,1.03435,3.20,1.00
2008.07.16 11:02:32.555,1.03415,1.0344,3.20,3.50
2008.07.16 11:02:33.409,1.03415,1.0344,3.20,3.30
2008.07.16 11:02:33.826,1.0342,1.0344,1.00,2.70
2008.07.16 11:02:33.923,1.0342,1.03445,1.00,3.30
2008.07.16 11:02:34.978,1.0342,1.0344,1.00,1.00
2008.07.16 11:02:36.064,1.0342,1.03445,1.00,1.00
2008.07.16 11:02:36.392,1.03425,1.03445,1.40,1.00
2008.07.16 11:02:40.962,1.03425,1.03445,2.20,1.00
2008.07.16 11:02:41.480,1.03425,1.03445,1.40,1.00
2008.07.16 11:02:43.771,1.03425,1.03445,2.20,1.00
2008.07.16 11:02:44.982,1.03425,1.0344,1.40,5.40
2008.07.16 11:02:45.193,1.03425,1.03445,1.40,1.20
2008.07.16 11:02:45.501,1.03435,1.03445,1.40,1.20
2008.07.16 11:02:45.788,1.03435,1.03445,1.40,3.90
2008.07.16 11:02:45.901,1.03435,1.03445,1.40,1.20
2008.07.16 11:02:46.113,1.03425,1.03445,1.40,1.20
2008.07.16 11:02:48.792,1.03425,1.03435,1.40,1.00
2008.07.16 11:02:49.367,1.03415,1.03435,4.40,1.00
2008.07.16 11:02:49.545,1.03415,1.03435,3.60,1.20
2008.07.16 11:02:49.900,1.03415,1.03435,1.40,1.20
2008.07.16 11:02:50.284,1.03415,1.0343,1.40,1.00
2008.07.16 11:02:50.637,1.03415,1.03435,1.40,1.00
2008.07.16 11:02:51.017,1.03415,1.0344,2.20,3.30
2008.07.16 11:02:51.111,1.03415,1.03435,1.40,1.00
2008.07.16 11:02:52.130,1.03415,1.0343,1.40,1.00
2008.07.16 11:02:54.405,1.03415,1.03435,1.40,1.20
2008.07.16 11:02:54.492,1.03415,1.03435,1.40,3.90
2008.07.16 11:02:54.705,1.03415,1.03435,1.40,1.20
2008.07.16 11:02:55.315,1.0341,1.03425,1.00,1.00
2008.07.16 11:02:55.634,1.0341,1.0343,1.00,8.60
2008.07.16 11:02:56.248,1.03405,1.03425,1.40,1.00
2008.07.16 11:02:57.022,1.03405,1.0342,1.40,1.00
2008.07.16 11:02:57.142,1.03395,1.0342,5.90,1.00
2008.07.16 11:02:57.351,1.03395,1.0342,3.20,1.00
2008.07.16 11:03:02.134,1.03395,1.0341,1.00,1.00
2008.07.16 11:03:02.249,1.0339,1.0341,2.90,1.00
2008.07.16 11:03:02.377,1.0339,1.03405,2.10,1.00
2008.07.16 11:03:02.538,1.03385,1.03405,4.50,1.00
2008.07.16 11:03:02.616,1.03385,1.0341,3.20,1.00
2008.07.16 11:03:02.896,1.03385,1.0341,1.70,1.00
2008.07.16 11:03:03.069,1.03385,1.034,1.00,1.00
2008.07.16 11:03:04.276,1.03375,1.034,3.70,1.00
2008.07.16 11:03:05.576,1.03375,1.034,3.20,1.00
2008.07.16 11:03:05.952,1.03375,1.034,2.20,6.00
2008.07.16 11:03:06.133,1.03375,1.03395,2.20,1.00
2008.07.16 11:03:06.535,1.03375,1.03395,1.40,1.00
2008.07.16 11:03:08.315,1.03375,1.03395,2.20,1.00
2008.07.16 11:03:08.467,1.03375,1.03395,3.20,1.00
2008.07.16 11:03:08.896,1.03375,1.03395,2.40,1.00
2008.07.16 11:03:09.006,1.03375,1.03395,3.20,1.00
2008.07.16 11:03:11.134,1.03375,1.03395,2.40,1.00
2008.07.16 11:03:13.015,1.03375,1.0339,2.40,3.20
2008.07.16 11:03:13.075,1.03375,1.0339,1.00,3.20
2008.07.16 11:03:13.202,1.0337,1.0339,6.20,3.20
2008.07.16 11:03:13.262,1.0337,1.0339,1.00,3.20
2008.07.16 11:03:13.319,1.03365,1.03385,4.50,1.00
2008.07.16 11:03:13.685,1.03365,1.0339,5.40,4.00
2008.07.16 11:03:13.875,1.03365,1.03385,2.40,1.00
2008.07.16 11:03:15.333,1.03365,1.0339,3.20,3.50
2008.07.16 11:03:15.514,1.03365,1.03385,2.40,1.00
2008.07.16 11:03:16.025,1.03375,1.03385,1.40,1.00
2008.07.16 11:03:16.202,1.03375,1.0339,1.40,3.30
2008.07.16 11:03:16.383,1.03375,1.03385,1.40,1.00
2008.07.16 11:03:16.773,1.03365,1.0339,3.20,3.30
2008.07.16 11:03:17.036,1.03365,1.0339,3.20,1.00
2008.07.16 11:03:21.061,1.03365,1.0339,3.20,3.90
2008.07.16 11:03:21.433,1.0337,1.03385,5.40,1.00
2008.07.16 11:03:21.537,1.03365,1.0339,3.20,1.00
2008.07.16 11:03:28.897,1.03365,1.0339,1.70,1.00
2008.07.16 11:03:29.199,1.03365,1.03385,1.00,1.00
2008.07.16 11:03:29.535,1.03365,1.0339,1.70,1.00
2008.07.16 11:03:29.587,1.03365,1.0339,1.70,3.30
2008.07.16 11:03:29.971,1.03365,1.03385,1.00,1.00
2008.07.16 11:03:31.561,1.0336,1.03385,6.20,1.00
2008.07.16 11:03:31.762,1.0336,1.03385,6.20,3.30
2008.07.16 11:03:31.997,1.03365,1.03385,1.40,1.00
2008.07.16 11:03:32.850,1.0336,1.03385,9.40,1.00
2008.07.16 11:03:33.110,1.0336,1.03385,11.60,1.00
2008.07.16 11:03:33.378,1.0336,1.03385,2.90,1.00
2008.07.16 11:03:33.629,1.03355,1.0338,5.90,1.00
2008.07.16 11:03:33.879,1.03355,1.0338,3.70,1.00
2008.07.16 11:03:37.018,1.03365,1.0338,1.00,1.00
2008.07.16 11:03:37.756,1.03365,1.03385,1.00,3.30
2008.07.16 11:03:37.900,1.03365,1.03385,1.00,1.00
2008.07.16 11:03:38.048,1.03365,1.0338,1.00,1.00
2008.07.16 11:03:39.228,1.03365,1.03385,1.00,3.30
2008.07.16 11:03:39.513,1.0337,1.03385,1.00,2.70
2008.07.16 11:03:39.712,1.03365,1.03385,2.40,1.00
2008.07.16 11:03:40.093,1.03365,1.03385,1.40,1.00
2008.07.16 11:03:43.378,1.0336,1.03385,1.00,1.00
2008.07.16 11:03:43.629,1.03355,1.0338,5.90,1.00
2008.07.16 11:03:43.856,1.03355,1.0338,3.70,1.00
2008.07.16 11:03:44.068,1.03355,1.0338,3.20,3.90
2008.07.16 11:03:44.288,1.03355,1.03375,2.40,1.00
2008.07.16 11:03:44.410,1.03355,1.0338,3.20,1.00
2008.07.16 11:03:44.526,1.03355,1.0338,3.20,3.30
2008.07.16 11:03:44.636,1.03355,1.0338,3.70,3.30
2008.07.16 11:03:44.780,1.03355,1.0338,3.70,1.00
2008.07.16 11:03:45.269,1.0336,1.03385,1.00,1.00
2008.07.16 11:03:45.516,1.03365,1.03385,1.40,1.00
2008.07.16 11:03:46.794,1.03365,1.0338,1.40,1.00
2008.07.16 11:03:47.230,1.03365,1.03385,1.40,1.00
2008.07.16 11:03:47.450,1.03365,1.03385,1.40,1.20
2008.07.16 11:03:47.869,1.03365,1.0338,1.40,1.00
2008.07.16 11:03:48.087,1.03365,1.03385,1.40,3.90
2008.07.16 11:03:48.493,1.03365,1.03385,2.20,3.90
2008.07.16 11:03:48.575,1.03365,1.03385,1.40,3.90
2008.07.16 11:03:51.878,1.03365,1.03385,2.80,3.90
2008.07.16 11:03:52.127,1.03375,1.03385,1.40,3.90
2008.07.16 11:03:52.377,1.03365,1.03385,4.90,1.20
2008.07.16 11:03:52.625,1.03365,1.03385,2.80,1.00
2008.07.16 11:03:52.725,1.03365,1.0339,2.80,3.30
2008.07.16 11:03:52.921,1.0337,1.0339,2.10,1.00
2008.07.16 11:03:53.033,1.0337,1.03395,2.90,1.20
2008.07.16 11:03:53.135,1.0337,1.03395,1.00,1.20
2008.07.16 11:03:53.234,1.03375,1.03395,1.00,1.00
2008.07.16 11:03:53.698,1.03375,1.03395,2.20,1.00
2008.07.16 11:03:53.977,1.03375,1.034,2.20,1.00
2008.07.16 11:03:54.854,1.03375,1.034,2.20,3.50
2008.07.16 11:03:55.418,1.03375,1.034,2.80,3.30
2008.07.16 11:03:55.824,1.03375,1.034,4.90,1.00
2008.07.16 11:03:56.136,1.03375,1.034,4.40,1.00
2008.07.16 11:03:56.218,1.03375,1.034,2.20,3.30
2008.07.16 11:03:56.418,1.03375,1.034,2.20,3.50
2008.07.16 11:03:56.604,1.03375,1.034,2.80,3.50
2008.07.16 11:03:57.024,1.03375,1.034,4.90,1.00
2008.07.16 11:04:03.553,1.03375,1.034,3.50,1.00
2008.07.16 11:04:03.636,1.03375,1.034,2.90,1.00
2008.07.16 11:04:03.739,1.03375,1.03395,2.90,1.00
2008.07.16 11:04:03.903,1.03375,1.03395,1.00,1.00
2008.07.16 11:04:04.355,1.0337,1.03395,3.50,1.00
2008.07.16 11:04:04.639,1.03375,1.03395,1.00,1.00
2008.07.16 11:04:04.926,1.03375,1.034,1.30,3.50
2008.07.16 11:04:05.396,1.03375,1.034,2.80,3.50
2008.07.16 11:04:05.603,1.03375,1.034,2.80,1.00
2008.07.16 11:04:05.813,1.03375,1.034,3.50,1.00
2008.07.16 11:04:06.022,1.03375,1.034,1.30,1.00
2008.07.16 11:04:07.589,1.03375,1.034,1.00,1.00
2008.07.16 11:04:07.766,1.03375,1.034,1.30,1.00
2008.07.16 11:04:07.853,1.03375,1.034,1.00,1.00
2008.07.16 11:04:07.942,1.03375,1.034,1.70,1.00
2008.07.16 11:04:08.619,1.03375,1.03395,1.70,1.00
2008.07.16 11:04:10.143,1.03375,1.034,1.70,3.50
2008.07.16 11:04:10.363,1.03375,1.03395,3.90,1.00
2008.07.16 11:04:10.779,1.03375,1.03395,1.70,1.00
2008.07.16 11:04:12.320,1.03375,1.034,1.70,3.50
2008.07.16 11:04:12.571,1.03375,1.034,1.70,1.00
2008.07.16 11:04:16.920,1.03375,1.034,2.20,1.00
2008.07.16 11:04:17.461,1.03375,1.034,4.40,1.00
2008.07.16 11:04:17.738,1.03375,1.034,2.20,1.00
2008.07.16 11:04:18.157,1.03375,1.034,4.40,1.00
2008.07.16 11:04:19.057,1.03375,1.034,2.20,1.00
2008.07.16 11:04:21.267,1.03375,1.034,1.30,1.00
2008.07.16 11:04:21.787,1.03375,1.034,1.00,1.00
2008.07.16 11:04:23.509,1.03375,1.034,1.70,1.00
2008.07.16 11:04:25.399,1.03375,1.03385,1.00,1.00
2008.07.16 11:04:25.708,1.03375,1.0338,1.00,1.00
2008.07.16 11:04:26.212,1.03365,1.0337,1.00,1.00
2008.07.16 11:04:26.390,1.0335,1.0337,9.40,1.00
2008.07.16 11:04:26.566,1.0335,1.0337,1.00,1.00
2008.07.16 11:04:26.738,1.0335,1.0336,1.00,1.00
2008.07.16 11:04:26.918,1.03345,1.0336,2.10,1.00
2008.07.16 11:04:27.371,1.0334,1.03365,9.40,1.00
2008.07.16 11:04:27.656,1.03345,1.03365,1.00,3.30
2008.07.16 11:04:27.987,1.0334,1.03365,1.00,1.00
2008.07.16 11:04:28.285,1.0334,1.0336,1.00,1.00
2008.07.16 11:04:29.146,1.0334,1.03365,6.20,3.30
2008.07.16 11:04:29.477,1.0334,1.03365,9.40,1.00
2008.07.16 11:04:29.548,1.0334,1.03365,1.30,1.00
2008.07.16 11:04:29.730,1.0334,1.03365,9.40,1.00
2008.07.16 11:04:29.807,1.03345,1.0337,1.00,3.50
2008.07.16 11:04:29.875,1.03345,1.0337,1.00,1.00
2008.07.16 11:04:30.236,1.03345,1.0337,2.20,1.00
2008.07.16 11:04:30.748,1.03345,1.0337,3.20,1.00
2008.07.16 11:04:31.034,1.0336,1.0337,1.00,1.00
2008.07.16 11:04:31.375,1.0336,1.0338,1.00,5.40
2008.07.16 11:04:31.844,1.03355,1.0338,2.20,6.20
2008.07.16 11:04:31.946,1.03355,1.0338,2.20,1.00
2008.07.16 11:04:32.145,1.0336,1.0338,1.00,1.00
2008.07.16 11:04:33.518,1.0336,1.0337,1.00,1.00
2008.07.16 11:04:33.625,1.03355,1.0337,2.90,1.00
2008.07.16 11:04:33.735,1.03355,1.0337,2.10,1.00
2008.07.16 11:04:33.934,1.03345,1.0337,5.40,1.00
2008.07.16 11:04:35.094,1.03355,1.0337,1.00,1.00
2008.07.16 11:04:36.853,1.03355,1.0337,1.70,1.00
2008.07.16 11:04:37.893,1.03355,1.0338,3.20,1.00
2008.07.16 11:04:41.242,1.03355,1.0337,1.70,1.00
2008.07.16 11:04:41.715,1.03355,1.0337,1.00,1.00
2008.07.16 11:04:42.774,1.03345,1.0337,3.20,1.00
2008.07.16 11:04:48.331,1.0335,1.0337,4.00,1.00
2008.07.16 11:04:48.847,1.03355,1.03375,1.40,1.00
2008.07.16 11:04:49.740,1.03355,1.03375,2.40,1.00
2008.07.16 11:04:50.295,1.03355,1.0338,3.20,3.50
2008.07.16 11:04:50.670,1.03355,1.0338,3.20,1.00
2008.07.16 11:04:52.381,1.0336,1.0338,6.20,1.00
2008.07.16 11:04:54.431,1.0336,1.03385,6.20,3.30
2008.07.16 11:04:56.670,1.0336,1.03385,9.40,3.30
2008.07.16 11:04:56.758,1.0336,1.03385,1.30,3.30
2008.07.16 11:04:56.879,1.03365,1.03385,1.00,3.30
2008.07.16 11:04:57.037,1.03365,1.03385,1.00,1.00
2008.07.16 11:04:57.479,1.03365,1.03385,2.20,1.00
2008.07.16 11:04:58.358,1.03365,1.03385,3.20,1.00
2008.07.16 11:04:59.311,1.03365,1.03385,3.70,1.00
2008.07.16 11:04:59.574,1.0337,1.0339,4.00,2.70
2008.07.16 11:05:00.708,1.03375,1.03395,1.40,1.00
2008.07.16 11:05:02.638,1.03375,1.0339,1.40,1.00
2008.07.16 11:05:02.979,1.03375,1.03395,1.40,3.30
2008.07.16 11:05:03.316,1.03375,1.03395,1.40,1.00
2008.07.16 11:05:05.285,1.03375,1.03395,2.20,1.00
2008.07.16 11:05:05.769,1.0338,1.0339,1.00,3.20
2008.07.16 11:05:06.122,1.0337,1.0339,1.00,1.00
2008.07.16 11:05:07.027,1.0337,1.0339,1.00,1.00
2008.07.16 11:05:07.257,1.0337,1.0339,1.00,1.00
2008.07.16 11:05:08.230,1.03365,1.0339,2.20,1.00
2008.07.16 11:05:08.525,1.0337,1.0339,1.00,1.00
2008.07.16 11:05:09.310,1.0337,1.0338,1.00,1.00
2008.07.16 11:05:09.407,1.03375,1.0338,1.00,1.00
2008.07.16 11:05:09.619,1.0337,1.0338,2.10,1.00
2008.07.16 11:05:09.726,1.0337,1.0338,2.90,1.00
2008.07.16 11:05:09.848,1.0337,1.0338,1.00,1.00
2008.07.16 11:05:09.946,1.03375,1.0338,1.00,1.00
2008.07.16 11:05:10.558,1.0338,1.0339,1.00,1.00
2008.07.16 11:05:10.868,1.03375,1.0339,2.90,1.00
2008.07.16 11:05:11.178,1.0337,1.03385,2.10,1.00
2008.07.16 11:05:11.305,1.03365,1.03385,1.00,1.00
2008.07.16 11:05:11.594,1.03365,1.0338,1.00,1.00
2008.07.16 11:05:13.192,1.03365,1.03385,1.00,3.30
2008.07.16 11:05:13.437,1.03365,1.03385,2.40,3.30
2008.07.16 11:05:13.504,1.03365,1.03385,2.40,1.00
2008.07.16 11:05:13.596,1.0337,1.03385,3.20,1.00
2008.07.16 11:05:14.043,1.03375,1.0339,1.40,2.70
2008.07.16 11:05:14.225,1.03375,1.0339,1.40,3.30
2008.07.16 11:05:14.586,1.03375,1.0339,1.40,1.00
2008.07.16 11:05:17.088,1.0337,1.0339,1.00,1.00
2008.07.16 11:05:17.197,1.03365,1.03385,2.40,1.00
2008.07.16 11:05:18.242,1.03365,1.03385,1.40,1.00
2008.07.16 11:05:18.563,1.0337,1.03385,3.20,1.00
2008.07.16 11:05:18.728,1.0337,1.0339,4.00,2.70
2008.07.16 11:05:19.034,1.03375,1.03395,1.40,3.90
2008.07.16 11:05:19.205,1.03375,1.0339,1.40,1.00
2008.07.16 11:05:22.693,1.03375,1.03385,1.40,1.00
2008.07.16 11:05:22.984,1.03365,1.03385,1.40,1.00
2008.07.16 11:05:23.493,1.03365,1.03385,3.70,1.00
2008.07.16 11:05:23.624,1.0337,1.03385,3.70,1.00
2008.07.16 11:05:23.771,1.03375,1.0339,1.00,2.70
2008.07.16 11:05:24.025,1.03375,1.0339,2.10,1.00
2008.07.16 11:05:24.272,1.0337,1.0339,1.00,1.00
2008.07.16 11:05:24.750,1.0337,1.0339,4.00,1.00
2008.07.16 11:05:24.999,1.03365,1.0339,5.40,1.00
2008.07.16 11:05:25.249,1.0337,1.0339,1.00,1.00
2008.07.16 11:05:25.551,1.0337,1.03395,1.00,1.00
2008.07.16 11:05:25.853,1.0337,1.0339,1.00,1.00
2008.07.16 11:05:26.444,1.0337,1.0339,2.90,1.00
2008.07.16 11:05:26.836,1.0337,1.0339,1.00,1.00
2008.07.16 11:05:28.052,1.03375,1.03395,1.40,3.90
2008.07.16 11:05:28.243,1.03375,1.03395,1.40,3.30
2008.07.16 11:05:28.434,1.03375,1.03395,2.20,2.70
2008.07.16 11:05:28.624,1.03375,1.03395,3.60,1.00
2008.07.16 11:05:28.991,1.03375,1.03395,1.40,1.00
2008.07.16 11:05:29.418,1.03375,1.03395,1.40,3.30
2008.07.16 11:05:30.172,1.03375,1.03395,2.20,2.70
2008.07.16 11:05:30.463,1.03375,1.034,2.20,6.20
2008.07.16 11:05:30.612,1.03375,1.03395,1.40,1.00
2008.07.16 11:05:30.779,1.03375,1.034,2.20,6.20
2008.07.16 11:05:31.123,1.03375,1.03395,1.40,1.00
2008.07.16 11:05:31.470,1.03375,1.034,2.20,3.50
2008.07.16 11:05:31.811,1.03375,1.03395,1.40,1.00
2008.07.16 11:05:32.357,1.03375,1.03395,1.40,3.30
2008.07.16 11:05:33.230,1.03375,1.03395,2.20,2.70
2008.07.16 11:05:33.632,1.03375,1.034,2.20,6.20
2008.07.16 11:05:33.899,1.03375,1.03395,1.40,1.00
2008.07.16 11:05:36.279,1.03375,1.034,2.20,3.50
2008.07.16 11:05:36.590,1.03375,1.034,4.40,6.20
2008.07.16 11:05:36.798,1.03375,1.034,2.20,6.20
2008.07.16 11:05:37.468,1.03375,1.03395,1.40,1.00
2008.07.16 11:05:42.548,1.03375,1.034,2.20,3.50
2008.07.16 11:05:42.697,1.03375,1.034,2.20,6.20
2008.07.16 11:05:53.065,1.03375,1.03395,1.40,1.00
2008.07.16 11:05:54.665,1.03375,1.034,2.20,3.50
2008.07.16 11:05:54.972,1.03375,1.034,4.40,6.20
2008.07.16 11:05:55.213,1.03375,1.034,2.20,6.20
2008.07.16 11:05:57.360,1.03375,1.03395,1.40,1.00
2008.07.16 11:05:59.533,1.03375,1.034,2.20,3.50
2008.07.16 11:05:59.932,1.03375,1.034,2.20,6.20
2008.07.16 11:06:01.015,1.03385,1.034,1.40,6.00
2008.07.16 11:06:01.204,1.03385,1.034,1.40,1.00
2008.07.16 11:06:01.594,1.03375,1.034,2.20,1.00
2008.07.16 11:06:01.782,1.03375,1.03395,1.40,1.00
2008.07.16 11:06:04.672,1.03375,1.03395,2.20,1.00
2008.07.16 11:06:05.164,1.03375,1.034,2.20,3.50
2008.07.16 11:06:05.530,1.03375,1.034,4.40,1.00
2008.07.16 11:06:06.014,1.03375,1.034,2.20,1.00
2008.07.16 11:06:07.166,1.03385,1.034,1.40,1.00
2008.07.16 11:06:07.783,1.0339,1.03405,1.00,3.20
2008.07.16 11:06:08.193,1.03385,1.034,3.60,6.00
2008.07.16 11:06:08.391,1.03385,1.034,1.40,6.00
2008.07.16 11:06:11.335,1.0339,1.03405,1.00,3.20
2008.07.16 11:06:11.462,1.03385,1.03405,2.20,3.20
2008.07.16 11:06:11.818,1.03385,1.034,1.40,6.00
2008.07.16 11:06:12.451,1.0339,1.03405,1.00,3.20
2008.07.16 11:06:12.651,1.0339,1.034,1.00,5.40
2008.07.16 11:06:14.585,1.0339,1.03405,1.00,1.00
2008.07.16 11:06:14.726,1.0339,1.0341,1.00,6.20
2008.07.16 11:06:17.912,1.0339,1.0341,1.00,1.00
2008.07.16 11:06:18.460,1.0339,1.0341,1.00,1.00
2008.07.16 11:06:19.989,1.0339,1.0341,4.00,1.00
2008.07.16 11:06:21.311,1.03395,1.03415,1.40,1.00
2008.07.16 11:06:27.038,1.034,1.0342,1.00,3.50
2008.07.16 11:06:27.278,1.034,1.0342,1.00,6.20
2008.07.16 11:06:27.528,1.034,1.0342,1.00,5.40
2008.07.16 11:06:28.647,1.034,1.0342,1.00,1.00
2008.07.16 11:06:29.079,1.034,1.0342,1.00,5.40
2008.07.16 11:06:29.907,1.03395,1.03415,4.40,1.00
2008.07.16 11:06:30.086,1.034,1.0342,1.00,5.40
2008.07.16 11:06:31.766,1.03395,1.03415,3.60,1.00
2008.07.16 11:06:32.131,1.03395,1.03415,1.40,1.00
2008.07.16 11:06:38.497,1.03395,1.03415,1.40,1.20
2008.07.16 11:06:38.708,1.03395,1.0341,1.40,1.00
2008.07.16 11:06:39.524,1.03395,1.03415,1.40,3.90
2008.07.16 11:06:39.720,1.03395,1.03415,1.40,1.20
2008.07.16 11:06:45.284,1.03395,1.03415,2.20,1.00
2008.07.16 11:06:46.226,1.03395,1.03415,1.40,1.20
2008.07.16 11:06:46.394,1.03395,1.03415,1.40,1.00
2008.07.16 11:06:47.022,1.03395,1.03415,1.40,1.20
2008.07.16 11:06:47.763,1.0339,1.03415,2.90,1.20
2008.07.16 11:06:47.952,1.0339,1.03415,1.00,1.20
2008.07.16 11:06:48.263,1.0339,1.0341,1.00,1.00
2008.07.16 11:06:48.633,1.03385,1.0341,4.90,1.00
2008.07.16 11:06:49.029,1.0339,1.0341,1.00,1.00
2008.07.16 11:06:49.163,1.0339,1.0341,1.00,2.70
2008.07.16 11:06:49.353,1.03385,1.0341,4.90,6.20
2008.07.16 11:06:49.536,1.03385,1.03405,2.80,1.00
2008.07.16 11:06:49.722,1.03385,1.0341,2.20,1.00
2008.07.16 11:06:50.536,1.03395,1.0341,1.00,1.00
2008.07.16 11:06:50.869,1.03385,1.03405,2.20,1.00
2008.07.16 11:06:51.242,1.03385,1.0341,2.20,3.50
2008.07.16 11:06:51.504,1.0339,1.0341,1.00,2.70
2008.07.16 11:06:51.722,1.0339,1.0341,1.00,1.00
2008.07.16 11:06:52.173,1.0339,1.03405,1.00,1.00
2008.07.16 11:06:52.454,1.03385,1.0341,2.90,1.00
2008.07.16 11:06:53.010,1.03385,1.0341,1.00,1.00
2008.07.16 11:06:53.280,1.0338,1.034,3.50,1.00
2008.07.16 11:06:53.381,1.03375,1.034,5.90,1.00
2008.07.16 11:06:53.572,1.0338,1.034,1.30,1.00
2008.07.16 11:06:53.672,1.0338,1.034,1.00,1.00
2008.07.16 11:06:53.870,1.0338,1.034,1.40,1.00
2008.07.16 11:06:54.087,1.0338,1.034,3.70,1.00
2008.07.16 11:06:54.198,1.03375,1.034,4.90,1.00
2008.07.16 11:06:54.361,1.0338,1.034,3.70,1.00
2008.07.16 11:06:54.521,1.0338,1.034,1.30,1.00
2008.07.16 11:06:54.681,1.0338,1.034,1.00,1.00
2008.07.16 11:06:56.502,1.03375,1.034,5.40,1.00
2008.07.16 11:06:56.759,1.03375,1.034,3.20,1.00
2008.07.16 11:06:57.433,1.0338,1.034,4.00,1.00
2008.07.16 11:06:58.070,1.03385,1.03405,1.40,1.20
2008.07.16 11:07:00.864,1.03385,1.03395,1.40,1.00
2008.07.16 11:07:01.034,1.03385,1.0339,1.40,5.40
2008.07.16 11:07:01.282,1.03385,1.03395,1.40,1.00
2008.07.16 11:07:01.335,1.03385,1.03405,1.40,1.20
2008.07.16 11:07:01.523,1.0338,1.034,1.00,5.40
2008.07.16 11:07:01.572,1.03375,1.03395,3.60,1.00
2008.07.16 11:07:01.722,1.03375,1.03395,1.40,1.00
2008.07.16 11:07:01.972,1.03375,1.03395,2.00,1.00
2008.07.16 11:07:02.120,1.03375,1.03395,1.40,1.00
2008.07.16 11:07:02.488,1.03375,1.034,2.20,3.50
2008.07.16 11:07:02.863,1.03375,1.034,2.20,6.20
2008.07.16 11:07:03.935,1.03375,1.03395,2.20,1.00
2008.07.16 11:07:05.020,1.03385,1.03395,1.00,1.00
2008.07.16 11:07:05.368,1.0338,1.03395,2.10,1.00
2008.07.16 11:07:05.578,1.03375,1.03395,4.40,1.00
2008.07.16 11:07:05.988,1.03385,1.03395,1.40,1.00
2008.07.16 11:07:06.436,1.0338,1.03395,1.00,1.00
2008.07.16 11:07:06.643,1.03375,1.03395,4.40,1.00
2008.07.16 11:07:06.827,1.03375,1.03395,2.20,1.00
2008.07.16 11:07:07.670,1.03375,1.0339,2.20,5.40
2008.07.16 11:07:08.178,1.03375,1.03395,1.40,1.20
2008.07.16 11:07:12.948,1.0338,1.03395,1.00,1.00
2008.07.16 11:07:13.833,1.03385,1.03395,1.00,1.00
2008.07.16 11:07:14.236,1.03385,1.034,1.00,1.00
2008.07.16 11:07:16.577,1.03385,1.0339,1.00,1.00
2008.07.16 11:07:17.118,1.0338,1.0339,2.10,1.00
2008.07.16 11:07:17.307,1.0337,1.0339,1.00,1.00
2008.07.16 11:07:17.640,1.0337,1.0339,1.00,5.40
2008.07.16 11:07:17.970,1.03365,1.0339,3.50,11.60
2008.07.16 11:07:18.297,1.0337,1.0339,1.00,10.80
2008.07.16 11:07:18.701,1.0337,1.0339,1.00,1.00
2008.07.16 11:07:19.292,1.03375,1.0339,1.00,1.00
2008.07.16 11:07:19.435,1.03375,1.034,2.20,3.50
2008.07.16 11:07:19.584,1.0338,1.034,1.00,2.70
2008.07.16 11:07:19.767,1.0338,1.034,1.00,1.00
2008.07.16 11:07:22.730,1.0338,1.03395,1.00,1.00
2008.07.16 11:07:22.974,1.0338,1.034,1.00,5.40
2008.07.16 11:07:23.904,1.0338,1.034,1.00,1.00
2008.07.16 11:07:23.973,1.0338,1.034,1.00,5.40
2008.07.16 11:07:26.875,1.0338,1.034,1.00,1.00
2008.07.16 11:07:29.257,1.0338,1.034,4.00,1.00
2008.07.16 11:07:29.420,1.03385,1.03405,1.40,1.20
2008.07.16 11:07:29.576,1.03385,1.03405,2.20,1.00
2008.07.16 11:07:29.733,1.03385,1.03405,4.40,1.00
2008.07.16 11:07:30.182,1.03385,1.0341,2.20,1.00
2008.07.16 11:07:30.463,1.0339,1.0341,1.00,1.00
2008.07.16 11:07:31.011,1.0339,1.0341,1.00,5.40
2008.07.16 11:07:32.795,1.03385,1.0341,4.40,6.20
2008.07.16 11:07:32.924,1.03385,1.034,2.90,1.00
2008.07.16 11:07:33.053,1.03385,1.034,1.00,1.00
2008.07.16 11:07:35.614,1.03385,1.034,1.00,3.20
2008.07.16 11:07:35.765,1.03385,1.0339,1.00,1.00
2008.07.16 11:07:36.050,1.0338,1.0339,2.10,5.40
2008.07.16 11:07:36.338,1.0337,1.0339,1.00,5.40
2008.07.16 11:07:36.656,1.0337,1.0339,1.00,1.00
2008.07.16 11:07:36.864,1.0337,1.03395,1.30,3.90
2008.07.16 11:07:37.068,1.03375,1.03395,1.00,1.00
2008.07.16 11:07:37.272,1.03375,1.03395,2.80,1.00
2008.07.16 11:07:39.110,1.03375,1.0339,1.00,1.00
2008.07.16 11:07:39.182,1.0337,1.0339,2.10,1.00
2008.07.16 11:07:39.383,1.0337,1.0339,2.10,6.20
2008.07.16 11:07:39.569,1.03365,1.0339,2.20,9.40
2008.07.16 11:07:39.794,1.03365,1.03385,1.40,1.20
2008.07.16 11:07:42.011,1.03365,1.03385,2.20,1.00
2008.07.16 11:07:43.604,1.03365,1.03385,1.40,1.20
2008.07.16 11:07:44.510,1.03365,1.0339,2.20,3.30
2008.07.16 11:07:44.790,1.03365,1.0339,2.20,1.00
2008.07.16 11:07:44.980,1.03365,1.0339,2.20,6.00
2008.07.16 11:07:45.264,1.03365,1.03385,1.40,1.00
2008.07.16 11:07:45.489,1.0337,1.03385,1.00,1.00
2008.07.16 11:07:45.769,1.0338,1.0339,1.00,2.70
2008.07.16 11:07:46.220,1.0338,1.0339,1.00,5.40
2008.07.16 11:07:46.610,1.03375,1.03395,3.60,1.20
2008.07.16 11:07:47.048,1.03375,1.03395,1.40,1.20
2008.07.16 11:07:48.158,1.03375,1.03395,2.20,1.00
2008.07.16 11:07:48.518,1.03375,1.03395,1.40,1.20
2008.07.16 11:07:50.016,1.03375,1.03395,2.20,1.20
2008.07.16 11:07:50.621,1.0338,1.03395,1.00,1.00
2008.07.16 11:07:51.180,1.03375,1.03395,4.40,1.00
2008.07.16 11:07:51.599,1.03375,1.03395,2.20,1.00
2008.07.16 11:07:53.226,1.0338,1.03395,1.00,1.00
2008.07.16 11:07:53.946,1.0338,1.034,1.00,5.40
2008.07.16 11:07:55.551,1.0338,1.034,1.00,6.20
2008.07.16 11:07:55.844,1.0338,1.03395,1.00,1.00
2008.07.16 11:07:56.149,1.03375,1.03395,4.40,1.20
2008.07.16 11:07:56.418,1.03375,1.03395,3.60,1.20
2008.07.16 11:07:56.681,1.03375,1.03395,1.40,1.20
2008.07.16 11:08:01.838,1.03375,1.03395,2.20,1.20
2008.07.16 11:08:04.340,1.03375,1.03395,1.40,1.20
2008.07.16 11:08:04.931,1.03375,1.03395,2.20,1.00
2008.07.16 11:08:05.425,1.03375,1.03395,1.40,1.20
2008.07.16 11:08:09.749,1.03375,1.03395,2.20,1.00
2008.07.16 11:08:09.899,1.03375,1.034,2.20,3.30
2008.07.16 11:08:10.013,1.03375,1.034,2.20,6.00
2008.07.16 11:08:11.788,1.03375,1.034,2.20,3.90
2008.07.16 11:08:11.885,1.03375,1.03395,1.40,1.00
2008.07.16 11:08:12.993,1.0338,1.034,1.00,2.70
2008.07.16 11:08:13.342,1.0338,1.03405,1.00,1.20
2008.07.16 11:08:13.698,1.03385,1.03405,1.40,1.20
2008.07.16 11:08:15.114,1.0338,1.034,1.00,1.00
2008.07.16 11:08:15.243,1.03375,1.034,4.40,1.00
2008.07.16 11:08:15.488,1.0338,1.034,1.00,1.00
2008.07.16 11:08:15.722,1.0338,1.034,1.00,2.70
2008.07.16 11:08:15.952,1.03385,1.034,1.40,2.70
2008.07.16 11:08:16.183,1.0339,1.0341,1.00,2.70
2008.07.16 11:08:16.411,1.0339,1.0341,1.00,1.00
2008.07.16 11:08:18.491,1.0339,1.0341,1.00,5.40
2008.07.16 11:08:18.776,1.0339,1.0341,1.00,1.00
2008.07.16 11:08:21.674,1.03395,1.0341,1.00,1.00
2008.07.16 11:08:23.360,1.03395,1.0342,1.00,1.00
2008.07.16 11:08:23.548,1.034,1.0342,1.00,1.00
2008.07.16 11:08:23.894,1.03405,1.0342,1.00,1.00
2008.07.16 11:08:24.512,1.0341,1.0342,1.00,1.00
2008.07.16 11:08:24.730,1.03405,1.0342,2.90,1.00
2008.07.16 11:08:24.949,1.03405,1.0343,1.00,3.50
2008.07.16 11:08:25.100,1.03395,1.03415,2.90,1.00
2008.07.16 11:08:25.558,1.034,1.0342,1.00,2.70
2008.07.16 11:08:25.710,1.03405,1.03425,1.00,1.00
2008.07.16 11:08:26.529,1.034,1.03425,1.00,1.00
2008.07.16 11:08:26.868,1.034,1.0342,1.00,1.00
2008.07.16 11:08:28.104,1.03395,1.03415,2.90,1.00
2008.07.16 11:08:28.248,1.03395,1.0341,2.90,1.00
2008.07.16 11:08:28.448,1.03395,1.0341,1.00,1.00
2008.07.16 11:08:29.598,1.034,1.0341,1.00,1.00
2008.07.16 11:08:29.940,1.034,1.0342,1.00,1.00
2008.07.16 11:08:30.928,1.03395,1.0342,2.90,1.00
2008.07.16 11:08:31.136,1.03395,1.0341,1.00,1.00
2008.07.16 11:08:31.969,1.034,1.0341,1.00,1.00
2008.07.16 11:08:32.976,1.034,1.0342,1.00,1.00
2008.07.16 11:08:33.211,1.03405,1.0342,1.00,1.00
2008.07.16 11:08:33.675,1.03405,1.03425,1.00,1.20
2008.07.16 11:08:34.008,1.034,1.0342,1.00,1.00
2008.07.16 11:08:34.505,1.034,1.0342,1.00,1.00
2008.07.16 11:08:35.576,1.034,1.0342,4.00,1.00
2008.07.16 11:08:35.827,1.03405,1.0342,1.00,1.00
2008.07.16 11:08:36.415,1.03405,1.03425,2.20,1.00
2008.07.16 11:08:37.460,1.03405,1.03425,2.20,1.20
2008.07.16 11:08:38.065,1.03405,1.03425,2.20,1.00
2008.07.16 11:08:39.299,1.03405,1.03425,2.20,1.20
2008.07.16 11:08:42.705,1.03405,1.03425,2.20,1.00
2008.07.16 11:08:42.986,1.0341,1.0343,1.00,2.70
2008.07.16 11:08:43.235,1.0341,1.0343,1.00,5.40
2008.07.16 11:08:43.485,1.0341,1.0343,1.00,1.00
2008.07.16 11:08:43.864,1.03415,1.0343,1.00,1.00
2008.07.16 11:08:44.846,1.0341,1.0343,1.00,1.00
2008.07.16 11:08:46.690,1.0341,1.0343,1.00,3.20
2008.07.16 11:08:46.957,1.03405,1.03425,4.40,1.00
2008.07.16 11:08:47.204,1.03405,1.03425,2.20,1.20
2008.07.16 11:08:47.314,1.034,1.0342,1.00,1.00
2008.07.16 11:08:47.633,1.034,1.0342,4.00,1.00
2008.07.16 11:08:48.157,1.0341,1.0343,1.00,2.70
2008.07.16 11:08:48.474,1.0341,1.0343,1.00,3.50
2008.07.16 11:08:48.792,1.0341,1.0343,1.00,6.20
2008.07.16 11:08:50.308,1.0341,1.03425,1.00,1.00
2008.07.16 11:08:53.936,1.03405,1.03425,4.40,1.00
2008.07.16 11:08:54.226,1.03405,1.03425,2.20,1.00
2008.07.16 11:08:54.593,1.03405,1.0342,1.00,1.00
2008.07.16 11:08:54.735,1.034,1.0342,2.10,1.00
2008.07.16 11:08:54.885,1.03395,1.0342,2.20,1.00
2008.07.16 11:08:56.352,1.03415,1.0342,1.40,1.00
2008.07.16 11:08:56.505,1.03415,1.03425,1.40,3.30
2008.07.16 11:08:56.658,1.03415,1.03425,2.20,2.70
2008.07.16 11:08:56.920,1.03415,1.0343,2.20,2.70
2008.07.16 11:08:57.056,1.03415,1.03435,2.20,1.00
2008.07.16 11:08:57.382,1.0342,1.03435,1.00,1.00
2008.07.16 11:08:58.993,1.03415,1.03435,4.40,1.00
2008.07.16 11:08:59.078,1.03415,1.03435,4.40,1.20
2008.07.16 11:08:59.172,1.03415,1.03435,2.20,1.20
2008.07.16 11:08:59.758,1.03415,1.03435,1.40,1.20
2008.07.16 11:09:00.161,1.03415,1.03435,2.20,1.20
2008.07.16 11:09:01.184,1.03415,1.0343,1.40,1.00
2008.07.16 11:09:02.921,1.03415,1.03435,2.20,1.20
2008.07.16 11:09:05.840,1.0342,1.03435,1.00,1.00
2008.07.16 11:09:06.000,1.03415,1.03435,2.20,1.20
2008.07.16 11:09:08.939,1.03415,1.03435,1.40,1.20
2008.07.16 11:09:12.378,1.03415,1.0343,1.40,1.00
2008.07.16 11:09:17.811,1.0341,1.0343,4.00,1.00
2008.07.16 11:09:17.918,1.0341,1.0342,1.00,5.40
2008.07.16 11:09:18.152,1.03405,1.03425,2.20,1.20
2008.07.16 11:09:18.487,1.034,1.0342,2.90,1.00
2008.07.16 11:09:18.824,1.034,1.0342,1.00,1.00
2008.07.16 11:09:19.004,1.0339,1.03415,3.50,1.00
2008.07.16 11:09:19.189,1.03395,1.0342,1.00,1.00
2008.07.16 11:09:19.705,1.03395,1.0342,1.00,1.00
2008.07.16 11:09:21.005,1.0339,1.03415,3.50,1.00
2008.07.16 11:09:21.216,1.0339,1.03415,2.90,1.00
2008.07.16 11:09:21.385,1.0339,1.03415,1.00,3.30
2008.07.16 11:09:21.554,1.0339,1.0341,1.00,1.00
2008.07.16 11:09:23.357,1.0339,1.0341,4.00,1.00
2008.07.16 11:09:23.866,1.03395,1.03415,1.40,1.20
2008.07.16 11:09:25.062,1.03395,1.03405,1.40,1.00
2008.07.16 11:09:25.555,1.03395,1.03415,1.40,1.20
2008.07.16 11:09:31.893,1.03395,1.03405,1.40,1.00
2008.07.16 11:09:33.664,1.0339,1.03405,4.00,1.00
2008.07.16 11:09:33.816,1.03385,1.03405,3.60,1.20
2008.07.16 11:09:34.102,1.0338,1.034,1.00,5.40
2008.07.16 11:09:34.259,1.03375,1.034,4.40,6.20
2008.07.16 11:09:34.392,1.03375,1.034,2.20,3.50
2008.07.16 11:09:34.652,1.03375,1.03395,2.20,1.00
2008.07.16 11:09:34.787,1.03375,1.03395,2.20,1.20
2008.07.16 11:09:35.023,1.03375,1.03395,2.20,1.00
2008.07.16 11:09:35.153,1.0338,1.03395,4.00,1.00
2008.07.16 11:09:35.892,1.03385,1.03395,1.40,1.00
2008.07.16 11:09:36.386,1.03375,1.03395,3.60,1.20
2008.07.16 11:09:36.764,1.03375,1.03395,1.40,1.20
2008.07.16 11:09:36.915,1.03375,1.03395,2.20,1.20
2008.07.16 11:09:37.622,1.03375,1.03395,2.80,1.00
2008.07.16 11:09:42.330,1.03375,1.03395,3.70,1.00
2008.07.16 11:09:42.510,1.03385,1.03395,1.00,1.00
2008.07.16 11:09:42.666,1.03385,1.034,1.00,5.40
2008.07.16 11:09:42.886,1.03385,1.034,2.20,5.40
2008.07.16 11:09:43.634,1.0339,1.0341,1.00,2.70
2008.07.16 11:09:43.885,1.0338,1.034,6.70,1.00
2008.07.16 11:09:44.192,1.0339,1.0341,2.90,1.00
2008.07.16 11:09:44.344,1.0339,1.0341,1.00,3.50
2008.07.16 11:09:44.461,1.0339,1.0341,1.00,1.00
2008.07.16 11:09:44.584,1.03385,1.0341,4.40,1.00
2008.07.16 11:09:44.960,1.03385,1.0341,2.20,1.00
2008.07.16 11:09:45.257,1.03385,1.03405,4.40,1.00
2008.07.16 11:09:45.556,1.03385,1.03405,2.20,1.00
2008.07.16 11:09:48.049,1.0339,1.03405,1.00,1.00
2008.07.16 11:09:48.403,1.03395,1.03405,1.40,1.00
2008.07.16 11:09:48.720,1.03395,1.03405,2.20,1.00
2008.07.16 11:09:49.055,1.03395,1.03405,1.40,1.00
2008.07.16 11:09:49.142,1.03395,1.03415,2.20,1.20
2008.07.16 11:09:49.560,1.03395,1.0341,2.20,5.40
2008.07.16 11:09:49.794,1.03395,1.03415,2.20,1.20
2008.07.16 11:09:50.032,1.03395,1.03405,1.00,1.00
2008.07.16 11:09:50.265,1.0339,1.03405,2.10,1.00
2008.07.16 11:09:50.491,1.03385,1.03405,2.20,1.00
2008.07.16 11:09:51.718,1.03385,1.034,1.00,1.00
2008.07.16 11:09:57.558,1.03385,1.034,1.70,1.00
2008.07.16 11:09:57.759,1.0339,1.03405,1.00,1.00
2008.07.16 11:09:57.985,1.03385,1.03405,4.40,1.00
2008.07.16 11:09:58.576,1.03385,1.03405,2.20,1.00
2008.07.16 11:10:01.483,1.03385,1.034,2.20,5.40
2008.07.16 11:10:02.106,1.03385,1.034,1.00,5.40
2008.07.16 11:10:02.877,1.0338,1.034,2.90,6.00
2008.07.16 11:10:03.176,1.03375,1.034,4.40,6.00
2008.07.16 11:10:03.698,1.03375,1.034,2.20,6.00
2008.07.16 11:10:03.931,1.03375,1.03395,2.20,1.00
2008.07.16 11:10:04.696,1.0338,1.03395,1.00,1.00
2008.07.16 11:10:07.724,1.0338,1.0339,1.00,5.40
2008.07.16 11:10:08.098,1.03375,1.0339,2.90,5.40
2008.07.16 11:10:08.287,1.03375,1.03395,2.10,1.20
2008.07.16 11:10:08.480,1.0337,1.03395,2.90,1.20
2008.07.16 11:10:08.730,1.03365,1.0339,4.40,1.00
2008.07.16 11:10:08.863,1.03365,1.0339,2.20,6.00
2008.07.16 11:10:09.026,1.03365,1.0339,2.20,6.20
2008.07.16 11:10:10.885,1.03365,1.03385,2.20,1.00
2008.07.16 11:10:11.432,1.03365,1.0339,2.20,6.20
2008.07.16 11:10:11.703,1.03365,1.0339,1.00,6.20
2008.07.16 11:10:12.548,1.03365,1.03385,1.00,1.00
2008.07.16 11:10:13.342,1.03365,1.0338,1.00,1.00
2008.07.16 11:10:14.396,1.03365,1.0339,1.00,6.20
2008.07.16 11:10:14.541,1.0337,1.0339,3.20,1.00
2008.07.16 11:10:14.798,1.0337,1.0339,4.00,1.00
2008.07.16 11:10:15.052,1.03375,1.0339,1.00,1.00
2008.07.16 11:10:15.544,1.03375,1.03395,2.20,1.00
2008.07.16 11:10:18.293,1.03375,1.03395,2.20,1.20
2008.07.16 11:10:19.558,1.03375,1.03395,1.40,1.20
2008.07.16 11:10:19.730,1.03375,1.03395,2.20,1.20
2008.07.16 11:10:20.232,1.03375,1.03395,2.20,1.00
2008.07.16 11:10:20.774,1.03375,1.03395,2.20,1.20
2008.07.16 11:10:21.028,1.0337,1.0339,2.90,5.40
2008.07.16 11:10:21.315,1.03365,1.0339,4.40,6.20
2008.07.16 11:10:21.440,1.03365,1.0339,2.20,6.20
2008.07.16 11:10:21.791,1.03365,1.03385,2.20,1.00
2008.07.16 11:10:22.040,1.03365,1.03385,1.40,1.20
2008.07.16 11:10:22.143,1.0336,1.0338,2.90,1.00
2008.07.16 11:10:22.356,1.0336,1.0338,1.00,1.00
2008.07.16 11:10:23.732,1.0336,1.0338,1.00,5.40
2008.07.16 11:10:24.520,1.0336,1.0337,1.00,1.00
2008.07.16 11:10:24.572,1.03355,1.0337,2.90,1.00
2008.07.16 11:10:24.915,1.03355,1.0337,1.00,1.00
2008.07.16 11:10:25.320,1.0335,1.0337,1.00,1.00
2008.07.16 11:10:26.800,1.03345,1.0337,5.90,1.00
2008.07.16 11:10:26.903,1.03345,1.0337,3.70,1.00
2008.07.16 11:10:27.153,1.03355,1.03375,1.00,2.70
2008.07.16 11:10:27.338,1.03355,1.0338,1.00,3.50
2008.07.16 11:10:27.530,1.03355,1.0338,1.00,6.20
2008.07.16 11:10:28.260,1.03355,1.0338,2.20,6.20
2008.07.16 11:10:28.553,1.03355,1.03375,2.20,1.00
2008.07.16 11:10:29.881,1.03355,1.0338,2.20,6.20
2008.07.16 11:10:35.269,1.03355,1.0338,2.20,1.00
2008.07.16 11:10:35.510,1.0336,1.0338,1.00,1.00
2008.07.16 11:10:37.216,1.0336,1.0338,2.90,1.00
2008.07.16 11:10:38.366,1.0336,1.0338,1.00,1.00
2008.07.16 11:10:38.910,1.03355,1.0338,5.40,1.00
2008.07.16 11:10:39.248,1.0336,1.0338,1.00,1.00
2008.07.16 11:10:40.592,1.0336,1.03385,1.00,1.00
2008.07.16 11:10:41.141,1.03355,1.0338,5.40,1.00
2008.07.16 11:10:41.299,1.03355,1.0338,5.40,1.00
2008.07.16 11:10:42.524,1.03355,1.0338,3.20,1.00
2008.07.16 11:10:43.425,1.03355,1.0338,5.40,1.00
2008.07.16 11:10:43.652,1.03355,1.0338,5.90,1.00
2008.07.16 11:10:43.845,1.03365,1.0338,1.00,1.00
2008.07.16 11:10:43.956,1.0336,1.0338,1.00,1.00
2008.07.16 11:10:44.147,1.0336,1.0338,4.00,1.00
2008.07.16 11:10:44.249,1.0337,1.0338,1.00,1.00
2008.07.16 11:10:44.546,1.03365,1.0338,2.10,1.00
2008.07.16 11:10:44.986,1.03365,1.03385,1.40,1.20
2008.07.16 11:10:52.977,1.03365,1.03385,2.20,1.00
2008.07.16 11:10:54.174,1.03365,1.0338,1.00,1.00
2008.07.16 11:10:54.454,1.0337,1.0338,1.00,1.00
2008.07.16 11:10:54.599,1.03365,1.03385,2.20,1.20
2008.07.16 11:10:54.736,1.0337,1.03385,1.00,1.00
2008.07.16 11:10:54.873,1.03365,1.03385,4.40,1.00
2008.07.16 11:10:55.132,1.03365,1.03385,2.20,1.00
2008.07.16 11:10:56.002,1.03365,1.0339,2.20,1.00
2008.07.16 11:10:57.623,1.03365,1.0339,2.20,6.20
2008.07.16 11:10:57.809,1.0337,1.0339,1.00,5.40
2008.07.16 11:10:57.950,1.03365,1.0339,2.20,6.20
2008.07.16 11:10:58.096,1.03365,1.0339,4.40,1.00
2008.07.16 11:10:58.252,1.0337,1.0339,1.00,1.00
2008.07.16 11:10:59.017,1.0337,1.0338,1.00,1.00
2008.07.16 11:10:59.185,1.03365,1.0338,2.90,1.00
2008.07.16 11:10:59.518,1.03365,1.0338,2.10,1.00
2008.07.16 11:10:59.770,1.0336,1.0338,1.00,1.00
2008.07.16 11:11:01.270,1.0336,1.0338,6.20,1.00
2008.07.16 11:11:01.469,1.0336,1.0338,2.90,1.00
2008.07.16 11:11:01.671,1.0336,1.0338,6.20,1.00
2008.07.16 11:11:05.000,1.0336,1.0338,2.90,1.00
2008.07.16 11:11:05.121,1.03365,1.0338,1.00,1.00
2008.07.16 11:11:05.640,1.0336,1.0338,2.90,1.00
2008.07.16 11:11:08.738,1.0336,1.0338,3.50,1.00
2008.07.16 11:11:08.909,1.03365,1.0338,1.00,1.00
2008.07.16 11:11:10.438,1.0336,1.0338,3.50,1.00
2008.07.16 11:11:10.551,1.0336,1.0338,1.30,1.00
2008.07.16 11:11:11.160,1.03365,1.0338,1.00,1.00
2008.07.16 11:11:11.779,1.0336,1.0338,2.90,1.00
2008.07.16 11:11:12.169,1.0336,1.0338,1.00,1.00
2008.07.16 11:11:12.371,1.03365,1.0338,1.00,1.00
2008.07.16 11:11:13.162,1.03365,1.0339,2.20,1.00
2008.07.16 11:11:13.957,1.0337,1.0339,1.00,1.00
2008.07.16 11:11:14.583,1.0337,1.0339,1.00,1.00
2008.07.16 11:11:14.717,1.03365,1.03385,4.40,1.00
2008.07.16 11:11:14.947,1.03365,1.03385,2.20,1.00
2008.07.16 11:11:15.087,1.03365,1.0339,2.20,1.00
2008.07.16 11:11:16.850,1.0337,1.0339,1.00,1.00
2008.07.16 11:11:17.019,1.03375,1.03395,2.20,3.20
2008.07.16 11:11:17.264,1.03375,1.03395,2.20,1.00
2008.07.16 11:11:17.910,1.03375,1.03395,1.40,1.20
2008.07.16 11:11:19.573,1.03375,1.03395,2.20,1.00
2008.07.16 11:11:20.372,1.03375,1.03395,4.40,1.00
2008.07.16 11:11:20.501,1.03375,1.03395,2.20,1.00
2008.07.16 11:11:21.456,1.03375,1.034,2.20,6.20
2008.07.16 11:11:21.740,1.03375,1.03395,2.20,1.00
2008.07.16 11:11:22.267,1.03375,1.034,1.00,6.20
2008.07.16 11:11:22.526,1.0337,1.03395,1.00,1.00
2008.07.16 11:11:25.470,1.0337,1.03395,1.30,1.00
2008.07.16 11:11:25.674,1.0337,1.0339,1.30,1.00
2008.07.16 11:11:26.019,1.03375,1.0339,1.00,1.00
2008.07.16 11:11:26.184,1.0337,1.0339,1.30,1.00
2008.07.16 11:11:27.424,1.0337,1.0339,1.00,1.00
2008.07.16 11:11:30.173,1.03375,1.0339,1.00,1.00
2008.07.16 11:11:30.608,1.0337,1.0339,2.90,1.00
2008.07.16 11:11:30.914,1.0337,1.0339,1.00,1.00
2008.07.16 11:11:31.677,1.03375,1.0339,1.00,1.00
2008.07.16 11:11:31.988,1.03375,1.0339,2.90,1.00
2008.07.16 11:11:32.132,1.03375,1.034,4.40,6.20
2008.07.16 11:11:32.892,1.03375,1.034,2.20,6.20
2008.07.16 11:11:46.204,1.03375,1.03395,1.40,1.00
2008.07.16 11:11:49.999,1.03375,1.034,2.20,3.50
2008.07.16 11:11:50.940,1.03375,1.0339,1.00,1.00
2008.07.16 11:11:51.359,1.0337,1.0339,2.90,1.00
2008.07.16 11:11:51.818,1.0337,1.0339,1.00,1.00
2008.07.16 11:11:52.807,1.03375,1.0339,1.00,1.00
2008.07.16 11:11:55.374,1.0337,1.0339,4.00,1.00
2008.07.16 11:11:55.520,1.03375,1.0339,1.00,1.00
2008.07.16 11:11:55.679,1.03375,1.034,2.20,3.50
2008.07.16 11:11:55.837,1.03375,1.034,2.20,6.20
2008.07.16 11:11:56.278,1.03375,1.03395,1.40,1.00
2008.07.16 11:11:56.838,1.03365,1.0339,5.40,1.00
2008.07.16 11:11:57.127,1.03365,1.0339,1.70,4.00
2008.07.16 11:11:57.279,1.03365,1.03385,1.00,1.00
2008.07.16 11:11:57.541,1.03365,1.03385,1.70,1.00
2008.07.16 11:11:57.797,1.03365,1.0338,1.70,1.00
2008.07.16 11:11:58.362,1.03365,1.0338,1.00,1.00
2008.07.16 11:12:00.016,1.03365,1.0338,1.70,1.00
2008.07.16 11:12:01.996,1.0337,1.0338,1.00,1.00
2008.07.16 11:12:02.197,1.03365,1.0338,1.70,1.00
2008.07.16 11:12:02.598,1.0337,1.0338,1.00,1.00
2008.07.16 11:12:02.809,1.0337,1.0339,4.00,1.00
2008.07.16 11:12:03.887,1.0337,1.0339,1.00,3.20
2008.07.16 11:12:05.674,1.0337,1.0339,4.00,1.00
2008.07.16 11:12:06.997,1.0337,1.0339,1.00,3.20
2008.07.16 11:12:09.596,1.0337,1.0338,1.00,3.20
2008.07.16 11:12:09.776,1.03365,1.0338,2.10,3.20
2008.07.16 11:12:09.876,1.0336,1.0338,1.00,1.00
2008.07.16 11:12:09.973,1.0336,1.03385,1.00,3.30
2008.07.16 11:12:10.147,1.03365,1.03385,1.00,2.70
2008.07.16 11:12:10.594,1.03365,1.0339,1.00,4.00
2008.07.16 11:12:10.806,1.03365,1.03385,1.00,1.00
2008.07.16 11:12:10.987,1.03365,1.0338,1.00,1.00
2008.07.16 11:12:12.336,1.03365,1.03385,1.00,1.00
2008.07.16 11:12:12.575,1.0337,1.0339,3.20,3.50
2008.07.16 11:12:12.835,1.0337,1.0339,4.00,1.00
2008.07.16 11:12:25.875,1.0337,1.0339,1.00,3.20
2008.07.16 11:12:28.480,1.0337,1.0339,4.00,1.00
2008.07.16 11:12:29.941,1.0337,1.0339,1.00,3.20
2008.07.16 11:12:30.977,1.0337,1.0339,1.00,4.00
2008.07.16 11:12:31.455,1.03365,1.0339,3.20,4.00
2008.07.16 11:12:34.482,1.03365,1.03385,2.40,1.00
2008.07.16 11:12:35.079,1.03365,1.03385,1.40,1.00
2008.07.16 11:12:38.596,1.03365,1.03385,2.40,1.00
2008.07.16 11:12:38.747,1.03365,1.0339,3.20,3.50
2008.07.16 11:12:39.116,1.03365,1.0339,3.20,4.00
2008.07.16 11:12:40.497,1.03365,1.0339,2.20,4.00
2008.07.16 11:12:45.198,1.03365,1.0339,3.20,4.00
2008.07.16 11:12:46.088,1.03365,1.0339,3.20,1.00
2008.07.16 11:12:46.178,1.03365,1.0339,3.70,1.00
2008.07.16 11:12:46.666,1.0337,1.0339,1.00,1.00
2008.07.16 11:12:48.206,1.0337,1.0339,2.90,1.00
2008.07.16 11:12:48.413,1.03375,1.03395,1.40,1.20
2008.07.16 11:12:49.076,1.03385,1.03395,1.40,1.20
2008.07.16 11:12:50.144,1.03385,1.03395,1.40,1.00
2008.07.16 11:12:50.314,1.03375,1.03395,2.20,1.00
2008.07.16 11:12:50.637,1.03375,1.0339,1.00,1.00
2008.07.16 11:12:51.356,1.03375,1.034,3.20,1.00
2008.07.16 11:12:51.767,1.03375,1.034,2.20,1.00
2008.07.16 11:12:52.103,1.03385,1.03395,1.40,1.00
2008.07.16 11:12:52.741,1.03385,1.03405,2.20,1.20
2008.07.16 11:12:53.085,1.03385,1.03405,1.40,1.20
2008.07.16 11:12:53.408,1.03385,1.0341,2.20,3.50
2008.07.16 11:12:53.730,1.03385,1.0341,2.20,4.00
2008.07.16 11:12:54.048,1.03385,1.0341,2.20,9.40
2008.07.16 11:12:54.164,1.03385,1.034,1.00,1.00
2008.07.16 11:12:54.285,1.0338,1.03395,2.10,1.00
2008.07.16 11:12:54.852,1.03375,1.03395,3.20,1.00
2008.07.16 11:12:55.019,1.0338,1.034,1.00,3.50
2008.07.16 11:12:55.353,1.0338,1.034,1.00,1.00
2008.07.16 11:12:55.516,1.0338,1.034,6.20,1.00
2008.07.16 11:12:55.691,1.03375,1.034,5.40,1.00
2008.07.16 11:12:56.004,1.03375,1.034,3.20,1.00
2008.07.16 11:12:56.613,1.03375,1.034,3.20,3.50
2008.07.16 11:12:59.368,1.03375,1.03395,2.40,1.00
2008.07.16 11:12:59.836,1.03375,1.034,3.20,1.00
2008.07.16 11:13:00.037,1.03375,1.034,3.20,3.50
2008.07.16 11:13:00.262,1.03375,1.034,3.20,1.00
2008.07.16 11:13:00.955,1.03375,1.034,3.20,3.50
2008.07.16 11:13:01.184,1.0338,1.034,1.00,1.00
2008.07.16 11:13:01.427,1.03385,1.03405,1.40,3.30
2008.07.16 11:13:01.675,1.0338,1.034,1.00,1.00
2008.07.16 11:13:02.381,1.03385,1.03405,1.40,1.00
2008.07.16 11:13:02.571,1.03385,1.034,1.40,2.70
2008.07.16 11:13:02.760,1.03385,1.03405,1.40,1.00
2008.07.16 11:13:02.941,1.03385,1.034,1.40,1.00
2008.07.16 11:13:03.672,1.0338,1.034,1.00,1.00
2008.07.16 11:13:04.632,1.03375,1.034,5.40,1.00
2008.07.16 11:13:04.778,1.03375,1.034,3.20,1.00
2008.07.16 11:13:05.594,1.0338,1.034,1.00,1.00
2008.07.16 11:13:05.931,1.0338,1.034,1.00,4.00
2008.07.16 11:13:06.092,1.03375,1.034,5.40,4.00
2008.07.16 11:13:06.228,1.03375,1.0339,2.90,1.00
2008.07.16 11:13:06.354,1.0337,1.0339,2.90,1.00
2008.07.16 11:13:06.660,1.03375,1.0339,1.00,1.00
2008.07.16 11:13:06.958,1.03375,1.0339,1.00,3.20
2008.07.16 11:13:07.255,1.0337,1.0339,2.90,3.20
2008.07.16 11:13:07.559,1.0337,1.0339,1.00,3.20
2008.07.16 11:13:07.828,1.03365,1.0339,3.20,4.00
2008.07.16 11:13:08.097,1.03365,1.03385,2.40,1.00
2008.07.16 11:13:08.843,1.03365,1.0338,2.40,3.20
2008.07.16 11:13:09.303,1.03365,1.03385,2.40,3.30
2008.07.16 11:13:09.469,1.03365,1.03385,1.40,3.30
2008.07.16 11:13:09.865,1.03365,1.0338,1.40,3.90
2008.07.16 11:13:10.180,1.03355,1.0338,3.20,4.00
2008.07.16 11:13:10.510,1.03355,1.0337,1.70,1.00
2008.07.16 11:13:15.183,1.03355,1.0338,3.20,4.00
2008.07.16 11:13:19.210,1.03355,1.03375,2.40,1.00
2008.07.16 11:13:20.253,1.03355,1.0338,3.20,3.50
2008.07.16 11:13:20.778,1.03355,1.0338,3.20,4.00
2008.07.16 11:13:21.811,1.03355,1.0337,1.70,1.00
2008.07.16 11:13:23.968,1.03355,1.03375,3.20,1.00
2008.07.16 11:13:26.945,1.03355,1.03375,2.20,1.00
2008.07.16 11:13:27.066,1.03355,1.0337,1.40,1.00
2008.07.16 11:13:30.177,1.03355,1.03375,2.20,1.00
2008.07.16 11:13:30.731,1.03355,1.03375,3.20,1.00
2008.07.16 11:13:30.941,1.03355,1.0338,2.20,3.50
2008.07.16 11:13:31.344,1.03355,1.03375,1.40,1.00
2008.07.16 11:13:32.495,1.03355,1.03375,3.20,1.00
2008.07.16 11:13:35.567,1.03355,1.03375,2.20,1.00
2008.07.16 11:13:37.094,1.03355,1.0337,1.40,1.00
2008.07.16 11:13:37.273,1.03355,1.0337,1.00,1.00
2008.07.16 11:13:37.449,1.03355,1.0337,1.70,1.00
2008.07.16 11:13:37.684,1.03355,1.0338,3.20,4.00
2008.07.16 11:13:38.642,1.03355,1.0338,2.20,4.00
2008.07.16 11:13:38.902,1.03355,1.03375,2.20,1.00
2008.07.16 11:13:39.360,1.03355,1.0337,1.40,1.00
2008.07.16 11:13:43.270,1.03355,1.0337,2.40,1.00
2008.07.16 11:13:43.433,1.03355,1.03375,3.20,2.70
2008.07.16 11:13:43.891,1.03355,1.0338,3.20,4.00
2008.07.16 11:13:44.895,1.03355,1.0337,2.40,1.00
2008.07.16 11:13:45.765,1.03355,1.03375,2.40,3.30
2008.07.16 11:13:45.937,1.03355,1.03375,2.40,1.00
2008.07.16 11:13:46.109,1.03355,1.0337,2.40,1.00
2008.07.16 11:13:46.612,1.03365,1.03375,1.40,2.70
2008.07.16 11:13:47.080,1.03365,1.0338,1.40,1.00
2008.07.16 11:13:47.240,1.03365,1.0337,1.40,1.00
2008.07.16 11:13:47.485,1.03355,1.0337,2.40,1.00
2008.07.16 11:13:50.900,1.03355,1.0337,1.40,1.00
2008.07.16 11:13:55.915,1.03345,1.0337,5.40,1.00
2008.07.16 11:13:56.171,1.03345,1.03365,4.50,1.00
2008.07.16 11:13:56.420,1.03345,1.03365,2.40,1.00
2008.07.16 11:13:56.707,1.03355,1.0336,1.40,1.00
2008.07.16 11:13:56.964,1.0335,1.03365,5.40,1.00
2008.07.16 11:13:57.168,1.03345,1.0337,3.20,3.50
2008.07.16 11:13:57.369,1.03345,1.0337,5.40,1.00
2008.07.16 11:13:58.151,1.03355,1.0337,1.40,1.00
2008.07.16 11:13:58.943,1.03345,1.0337,5.40,1.00
2008.07.16 11:13:59.339,1.03345,1.0337,3.20,1.00
2008.07.16 11:14:00.257,1.03345,1.0337,5.40,1.00
2008.07.16 11:14:00.793,1.03345,1.0337,3.20,1.00
2008.07.16 11:14:01.169,1.0335,1.0337,6.20,1.00
2008.07.16 11:14:01.401,1.03345,1.03365,4.50,1.00
2008.07.16 11:14:01.878,1.03345,1.03355,1.00,1.00
2008.07.16 11:14:02.117,1.0334,1.0335,5.40,1.00
2008.07.16 11:14:02.658,1.03335,1.0335,2.40,1.00
2008.07.16 11:14:03.666,1.03335,1.0335,1.00,1.00
2008.07.16 11:14:03.928,1.03335,1.0335,2.40,1.00
2008.07.16 11:14:04.187,1.03335,1.03345,2.40,1.00
2008.07.16 11:14:04.351,1.03335,1.0335,2.40,3.30
2008.07.16 11:14:04.609,1.03335,1.0334,1.00,1.00
2008.07.16 11:14:05.108,1.0334,1.0335,3.20,1.00
2008.07.16 11:14:05.229,1.0334,1.03355,1.00,2.70
2008.07.16 11:14:05.537,1.03345,1.03355,1.40,2.70
2008.07.16 11:14:05.852,1.03345,1.03365,1.40,4.40
2008.07.16 11:14:06.157,1.0334,1.0336,1.00,3.20
2008.07.16 11:14:06.647,1.03345,1.0336,1.00,3.20
2008.07.16 11:14:07.409,1.0335,1.0336,5.40,1.00
2008.07.16 11:14:09.639,1.0334,1.0336,6.20,3.20
2008.07.16 11:14:09.767,1.0334,1.0336,9.40,1.00
2008.07.16 11:14:10.195,1.03345,1.0336,1.00,1.00
2008.07.16 11:14:10.324,1.03345,1.0336,1.00,1.00
2008.07.16 11:14:10.370,1.03345,1.0336,2.40,1.00
2008.07.16 11:14:10.676,1.03345,1.0336,1.40,1.00
2008.07.16 11:14:10.904,1.0334,1.0336,6.20,4.00
2008.07.16 11:14:11.341,1.03335,1.03355,4.50,1.00
2008.07.16 11:14:11.557,1.0334,1.03355,5.40,1.00
2008.07.16 11:14:12.372,1.0334,1.0336,9.40,1.00
2008.07.16 11:14:12.924,1.0334,1.0336,6.20,4.00
2008.07.16 11:14:13.674,1.0334,1.0336,6.20,3.20
2008.07.16 11:14:15.894,1.0334,1.0336,6.20,1.00
2008.07.16 11:14:15.974,1.0334,1.0336,9.40,1.00
2008.07.16 11:14:16.535,1.03345,1.03365,1.40,1.00
2008.07.16 11:14:16.753,1.03345,1.0337,2.20,3.50
2008.07.16 11:14:16.974,1.03345,1.0337,3.20,1.00
2008.07.16 11:14:17.605,1.03345,1.03365,2.40,1.00
2008.07.16 11:14:17.817,1.03345,1.0337,3.20,1.00
2008.07.16 11:14:17.985,1.03345,1.0337,3.20,3.50
2008.07.16 11:14:18.321,1.03345,1.0337,3.20,1.30
2008.07.16 11:14:19.105,1.03345,1.03365,2.40,1.00
2008.07.16 11:14:20.067,1.03345,1.0336,1.00,1.00
2008.07.16 11:14:20.445,1.0334,1.0336,6.20,1.00
2008.07.16 11:14:20.648,1.03335,1.03355,2.40,3.30
2008.07.16 11:14:20.841,1.03335,1.03355,2.40,1.00
2008.07.16 11:14:21.393,1.03335,1.0336,3.20,3.50
2008.07.16 11:14:21.883,1.03335,1.0336,3.20,4.00
2008.07.16 11:14:22.853,1.03335,1.0336,3.20,1.00
2008.07.16 11:14:23.023,1.03345,1.0336,1.00,1.00
2008.07.16 11:14:23.349,1.03345,1.0337,2.20,1.30
2008.07.16 11:14:23.873,1.03345,1.03365,2.20,1.00
2008.07.16 11:14:24.239,1.03345,1.03365,1.40,1.20
2008.07.16 11:14:24.458,1.0334,1.0336,2.90,1.00
2008.07.16 11:14:25.104,1.0334,1.0336,1.00,3.20
2008.07.16 11:14:25.341,1.03335,1.0336,5.40,4.00
2008.07.16 11:14:25.873,1.03335,1.0336,3.20,4.00
2008.07.16 11:14:28.172,1.03335,1.03355,2.40,1.00
2008.07.16 11:14:30.269,1.03335,1.0335,1.00,1.00
2008.07.16 11:14:30.730,1.03335,1.0335,1.00,1.00
2008.07.16 11:14:31.140,1.03335,1.0335,2.40,1.00
2008.07.16 11:14:31.551,1.03335,1.0335,1.00,1.00
2008.07.16 11:14:33.511,1.0334,1.0335,5.40,1.00
2008.07.16 11:14:33.684,1.0334,1.03355,5.40,1.00
2008.07.16 11:14:33.958,1.0334,1.0336,6.20,3.50
2008.07.16 11:14:34.289,1.0334,1.0336,6.20,4.00
2008.07.16 11:14:34.838,1.0334,1.0336,9.40,1.00
2008.07.16 11:14:35.291,1.03345,1.0336,1.40,1.00
2008.07.16 11:14:36.409,1.03345,1.03365,1.40,3.30
2008.07.16 11:14:36.732,1.03345,1.03365,1.40,1.00
2008.07.16 11:14:37.060,1.03345,1.0337,2.20,3.50
2008.07.16 11:14:37.395,1.03345,1.0337,2.20,1.00
2008.07.16 11:14:39.201,1.03345,1.03365,1.40,1.00
2008.07.16 11:14:39.412,1.03345,1.0337,2.20,1.00
2008.07.16 11:14:39.494,1.03345,1.0337,2.20,3.50
2008.07.16 11:14:39.658,1.03345,1.0337,2.20,1.00
2008.07.16 11:14:40.377,1.03345,1.0337,3.20,1.00
2008.07.16 11:14:41.558,1.03355,1.0337,1.40,1.00
2008.07.16 11:14:42.507,1.03355,1.03375,2.20,2.70
2008.07.16 11:14:43.021,1.03355,1.0338,2.20,1.30
2008.07.16 11:14:44.742,1.03355,1.0338,2.20,4.00
2008.07.16 11:14:47.121,1.03355,1.03375,1.40,1.00
2008.07.16 11:14:47.600,1.03355,1.0337,1.40,1.00
2008.07.16 11:14:50.477,1.03355,1.0338,2.20,3.50
2008.07.16 11:14:50.636,1.03355,1.0338,2.20,4.00
2008.07.16 11:14:51.289,1.03355,1.03375,1.40,1.00
2008.07.16 11:14:52.754,1.03355,1.0337,1.40,1.00
2008.07.16 11:14:52.859,1.03345,1.0337,5.40,1.00
2008.07.16 11:14:52.937,1.03345,1.03365,5.40,1.00
2008.07.16 11:14:53.055,1.03345,1.03365,3.20,1.00
2008.07.16 11:14:57.832,1.03345,1.0337,3.20,1.00
2008.07.16 11:15:01.163,1.03355,1.03375,1.40,3.30
2008.07.16 11:15:01.543,1.03355,1.03375,1.40,1.00
2008.07.16 11:15:07.431,1.03355,1.03375,1.40,1.20
2008.07.16 11:15:08.685,1.03355,1.03375,1.40,1.00
2008.07.16 11:15:09.024,1.03355,1.03375,1.40,1.20
2008.07.16 11:15:09.362,1.03355,1.03375,1.40,1.00
2008.07.16 11:15:13.081,1.0335,1.0337,6.20,1.00
2008.07.16 11:15:13.329,1.03345,1.0337,5.40,1.00
2008.07.16 11:15:13.747,1.03345,1.0337,3.20,1.00
2008.07.16 11:15:14.429,1.03345,1.03365,2.40,1.00
2008.07.16 11:15:15.106,1.03345,1.0336,1.40,3.20
2008.07.16 11:15:15.539,1.03345,1.03365,1.40,1.00
2008.07.16 11:15:15.659,1.03345,1.03365,2.40,1.00
2008.07.16 11:15:16.915,1.03345,1.0337,3.20,1.00
2008.07.16 11:15:19.197,1.03345,1.0337,1.70,1.00
2008.07.16 11:15:19.343,1.03345,1.03365,1.00,1.00
2008.07.16 11:15:19.496,1.03345,1.03355,1.00,1.00
2008.07.16 11:15:20.185,1.03335,1.0336,3.20,3.50
2008.07.16 11:15:20.754,1.03335,1.0336,3.20,1.00
2008.07.16 11:15:22.838,1.03335,1.0336,3.20,4.00
2008.07.16 11:15:23.029,1.03335,1.0336,2.20,4.00
2008.07.16 11:15:23.219,1.03335,1.03355,2.20,1.00
2008.07.16 11:15:23.577,1.03335,1.0336,2.20,4.00
2008.07.16 11:15:24.235,1.03335,1.0336,2.20,1.00
2008.07.16 11:15:24.680,1.03335,1.0336,3.20,1.00
2008.07.16 11:15:24.871,1.03335,1.0336,2.20,1.00
2008.07.16 11:15:26.948,1.03335,1.03355,2.20,1.00
2008.07.16 11:15:30.154,1.03335,1.0336,2.20,1.00
2008.07.16 11:15:39.259,1.03335,1.03355,1.40,1.00
2008.07.16 11:15:39.633,1.03335,1.0335,1.40,1.00
2008.07.16 11:15:40.227,1.03345,1.0335,1.40,1.00
2008.07.16 11:15:40.641,1.03345,1.0336,1.40,2.70
2008.07.16 11:15:40.925,1.03345,1.03365,1.40,1.20
2008.07.16 11:15:41.074,1.03345,1.0336,1.40,3.90
2008.07.16 11:15:44.374,1.03345,1.0336,1.40,1.00
2008.07.16 11:15:44.508,1.03355,1.0336,1.40,1.00
2008.07.16 11:15:44.860,1.03355,1.03365,1.40,1.00
2008.07.16 11:15:45.957,1.03355,1.0337,1.40,1.00
2008.07.16 11:15:47.654,1.03345,1.0337,4.40,1.00
2008.07.16 11:15:48.348,1.03345,1.0337,2.20,1.00
2008.07.16 11:15:48.537,1.03345,1.03365,2.20,1.00
2008.07.16 11:15:48.755,1.03345,1.03365,1.40,1.00
2008.07.16 11:15:48.913,1.0334,1.0336,2.90,3.20
2008.07.16 11:15:49.104,1.03335,1.03355,4.50,1.00
2008.07.16 11:15:49.294,1.03335,1.03355,2.40,1.00
2008.07.16 11:15:52.644,1.03335,1.0335,1.00,1.00
2008.07.16 11:15:52.803,1.03335,1.03345,1.00,1.00
2008.07.16 11:15:53.212,1.03335,1.0335,1.00,3.50
2008.07.16 11:15:53.426,1.03335,1.0335,1.00,1.00
2008.07.16 11:15:53.660,1.03325,1.0335,3.20,1.00
2008.07.16 11:15:57.830,1.0333,1.03345,5.40,1.00
2008.07.16 11:15:58.476,1.03325,1.03345,2.40,1.00
2008.07.16 11:15:59.289,1.03325,1.0335,3.20,3.50
2008.07.16 11:15:59.484,1.03325,1.0335,3.20,1.00
2008.07.16 11:16:00.622,1.03325,1.03345,2.40,1.00
2008.07.16 11:16:00.789,1.03325,1.03345,1.40,1.00
2008.07.16 11:16:01.549,1.0332,1.0334,9.40,1.00
2008.07.16 11:16:01.891,1.0332,1.0334,6.20,1.00
2008.07.16 11:16:03.257,1.0332,1.0334,9.40,1.00
2008.07.16 11:16:03.812,1.03325,1.0334,1.40,1.00
2008.07.16 11:16:06.810,1.03325,1.03345,1.40,3.30
2008.07.16 11:16:06.999,1.03325,1.03345,1.40,1.00
2008.07.16 11:16:08.137,1.03325,1.03345,2.40,1.00
2008.07.16 11:16:08.356,1.03325,1.0335,3.20,3.50
2008.07.16 11:16:08.788,1.03325,1.0335,3.20,1.00
2008.07.16 11:16:10.426,1.03325,1.03345,3.20,1.00
2008.07.16 11:16:10.715,1.03325,1.03345,2.40,1.00
2008.07.16 11:16:10.867,1.03325,1.0334,2.40,1.00
2008.07.16 11:16:12.732,1.03325,1.03345,2.40,3.30
2008.07.16 11:16:12.879,1.03325,1.0334,2.40,1.00
2008.07.16 11:16:13.686,1.03325,1.03345,2.40,3.30
2008.07.16 11:16:14.140,1.03325,1.0335,3.20,3.50
2008.07.16 11:16:14.372,1.03325,1.0335,3.20,1.00
2008.07.16 11:16:15.494,1.03325,1.0335,3.20,3.50
2008.07.16 11:16:15.938,1.03325,1.0335,3.20,1.00
2008.07.16 11:16:19.002,1.03325,1.03345,2.40,1.00
2008.07.16 11:16:20.582,1.03335,1.03345,1.40,1.00
2008.07.16 11:16:21.088,1.03335,1.0335,1.40,3.30
2008.07.16 11:16:21.243,1.03335,1.0335,1.40,1.00
2008.07.16 11:16:22.321,1.03335,1.03355,1.40,3.30
2008.07.16 11:16:22.669,1.03335,1.03355,1.40,1.00
2008.07.16 11:16:26.364,1.03335,1.03355,2.20,1.00
2008.07.16 11:16:26.662,1.03335,1.03355,1.40,1.00
2008.07.16 11:16:28.131,1.0334,1.0336,1.00,2.70
2008.07.16 11:16:28.330,1.0334,1.0336,4.00,2.70
2008.07.16 11:16:28.444,1.0334,1.0336,4.00,1.00
2008.07.16 11:16:28.878,1.03345,1.03365,2.20,1.00
2008.07.16 11:16:29.571,1.03345,1.0337,2.20,1.00
2008.07.16 11:16:31.957,1.03345,1.0336,1.00,3.20
2008.07.16 11:16:32.135,1.0334,1.0336,2.10,4.00
2008.07.16 11:16:32.317,1.03335,1.0336,3.20,4.00
2008.07.16 11:16:34.148,1.03335,1.0336,2.20,4.00
2008.07.16 11:16:34.880,1.03335,1.0336,3.20,4.00
2008.07.16 11:16:36.070,1.03345,1.0336,1.40,3.90
2008.07.16 11:16:36.145,1.03345,1.0336,1.40,1.00
2008.07.16 11:16:36.340,1.03345,1.03365,2.20,2.70
2008.07.16 11:16:36.416,1.03345,1.0337,2.20,4.00
2008.07.16 11:16:36.531,1.03345,1.0336,1.40,3.20
2008.07.16 11:16:36.636,1.0334,1.0336,2.90,3.20
2008.07.16 11:16:36.759,1.0334,1.0336,2.10,4.00
2008.07.16 11:16:36.871,1.03335,1.0336,5.40,4.00
2008.07.16 11:16:36.982,1.03335,1.0336,5.40,1.00
2008.07.16 11:16:37.328,1.0334,1.0336,1.00,1.00
2008.07.16 11:16:37.680,1.0334,1.0336,6.20,1.00
2008.07.16 11:16:39.683,1.0334,1.0336,6.20,3.20
2008.07.16 11:16:40.133,1.0334,1.0336,6.20,1.00
2008.07.16 11:16:40.744,1.0334,1.0336,1.00,3.20
2008.07.16 11:16:41.009,1.03335,1.0336,3.20,4.00
2008.07.16 11:16:42.160,1.0334,1.0336,6.20,3.20
2008.07.16 11:16:44.285,1.0335,1.0336,1.00,1.00
2008.07.16 11:16:44.449,1.0335,1.03365,1.00,2.70
2008.07.16 11:16:44.609,1.0335,1.0337,1.00,3.50
2008.07.16 11:16:44.839,1.0335,1.0337,1.00,1.00
2008.07.16 11:16:45.802,1.0335,1.0336,1.00,1.00
2008.07.16 11:16:45.992,1.03345,1.0336,2.90,1.00
2008.07.16 11:16:46.185,1.03345,1.0336,2.10,1.00
2008.07.16 11:16:46.274,1.0334,1.0336,2.90,1.00
2008.07.16 11:16:46.507,1.0334,1.0336,6.20,1.00
2008.07.16 11:16:46.570,1.0334,1.0336,6.20,3.20
2008.07.16 11:16:46.676,1.0334,1.0336,6.20,4.00
2008.07.16 11:16:47.376,1.0334,1.0336,6.20,3.20
2008.07.16 11:16:47.728,1.03335,1.0336,5.40,4.00
2008.07.16 11:16:47.851,1.03335,1.0336,3.20,4.00
2008.07.16 11:16:48.576,1.03335,1.0336,2.20,4.00
2008.07.16 11:16:49.196,1.0334,1.0336,1.00,1.00
2008.07.16 11:16:49.328,1.03345,1.0336,1.00,1.00
2008.07.16 11:16:49.718,1.03345,1.0336,1.70,1.00
2008.07.16 11:16:49.912,1.03345,1.0337,3.20,1.00
2008.07.16 11:16:52.535,1.03345,1.0337,2.20,1.00
2008.07.16 11:16:54.845,1.03345,1.0337,3.20,1.00
2008.07.16 11:16:57.594,1.03345,1.0337,2.20,1.00
2008.07.16 11:17:00.229,1.03345,1.0337,4.40,1.00
2008.07.16 11:17:00.623,1.0335,1.0337,1.00,1.00
2008.07.16 11:17:01.392,1.0336,1.03375,1.00,3.20
2008.07.16 11:17:01.476,1.0336,1.03375,1.00,1.00
2008.07.16 11:17:01.806,1.0336,1.0338,1.00,3.20
2008.07.16 11:17:02.692,1.03355,1.0338,4.40,4.00
2008.07.16 11:17:02.942,1.03355,1.0338,2.20,4.00
2008.07.16 11:17:04.342,1.0336,1.0338,1.00,3.20
2008.07.16 11:17:04.981,1.03355,1.0337,3.60,1.00
2008.07.16 11:17:05.081,1.0335,1.0337,2.90,1.00
2008.07.16 11:17:05.219,1.03355,1.0337,1.40,1.00
2008.07.16 11:17:05.626,1.0337,1.0338,1.00,3.20
2008.07.16 11:17:06.783,1.03365,1.0338,2.10,4.00
2008.07.16 11:17:07.093,1.03355,1.0338,2.20,3.50
2008.07.16 11:17:07.242,1.03355,1.0338,3.20,3.50
2008.07.16 11:17:07.383,1.03355,1.0338,2.20,3.50
2008.07.16 11:17:07.930,1.03355,1.0337,1.40,1.00
2008.07.16 11:17:12.187,1.0336,1.03375,1.00,2.70
2008.07.16 11:17:12.498,1.0336,1.0338,1.00,3.20
2008.07.16 11:17:12.806,1.03355,1.0338,4.40,4.00
2008.07.16 11:17:13.011,1.0336,1.0338,1.00,3.20
2008.07.16 11:17:13.409,1.0336,1.0337,1.00,1.00
2008.07.16 11:17:13.610,1.03355,1.0337,2.90,1.00
2008.07.16 11:17:13.820,1.03355,1.0337,1.40,1.00
2008.07.16 11:17:15.898,1.03355,1.03375,1.40,3.30
2008.07.16 11:17:16.311,1.03355,1.03375,1.40,1.00
2008.07.16 11:17:18.600,1.03355,1.0337,1.40,1.00
2008.07.16 11:17:19.810,1.03355,1.03375,2.20,2.70
2008.07.16 11:17:20.328,1.03355,1.0338,2.20,3.50
2008.07.16 11:17:21.699,1.03355,1.0338,2.20,4.00
2008.07.16 11:17:21.879,1.03355,1.0338,2.20,3.50
2008.07.16 11:17:22.230,1.0336,1.0338,1.00,2.70
2008.07.16 11:17:22.409,1.0336,1.0338,1.00,3.20
2008.07.16 11:17:22.937,1.03355,1.0338,4.40,4.00
2008.07.16 11:17:23.391,1.03355,1.0338,2.20,4.00
2008.07.16 11:17:31.431,1.03355,1.03375,2.20,1.00
2008.07.16 11:17:32.175,1.03355,1.0338,2.20,3.50
2008.07.16 11:17:32.738,1.03355,1.03375,1.40,1.00
2008.07.16 11:17:34.802,1.03355,1.0337,1.40,1.00
2008.07.16 11:17:36.186,1.03345,1.0337,3.20,1.00
2008.07.16 11:17:36.749,1.0335,1.03365,5.40,1.00
2008.07.16 11:17:37.099,1.03345,1.03365,3.20,1.00
2008.07.16 11:17:37.454,1.03345,1.03365,2.40,1.00
2008.07.16 11:17:37.606,1.03345,1.03365,1.40,1.00
2008.07.16 11:17:39.495,1.03345,1.03365,2.20,1.00
2008.07.16 11:17:40.415,1.03345,1.03365,1.40,1.00
2008.07.16 11:17:47.033,1.03345,1.0337,2.20,3.50
2008.07.16 11:17:47.215,1.03345,1.0337,2.20,1.00
2008.07.16 11:17:49.202,1.03345,1.0337,4.40,1.00
2008.07.16 11:17:49.383,1.03355,1.0337,1.40,1.00
2008.07.16 11:17:54.761,1.03355,1.03375,1.40,1.20
2008.07.16 11:17:55.292,1.03355,1.0337,1.40,1.00
2008.07.16 11:17:55.675,1.03345,1.0337,4.90,1.00
2008.07.16 11:17:55.945,1.03345,1.03365,2.20,1.00
2008.07.16 11:17:57.669,1.03345,1.03365,1.40,1.00
2008.07.16 11:18:00.182,1.03345,1.0337,2.20,3.50
2008.07.16 11:18:00.392,1.03345,1.0337,2.20,1.00
2008.07.16 11:18:00.520,1.03355,1.0337,1.40,1.00
2008.07.16 11:18:02.951,1.03355,1.03375,1.40,3.90
2008.07.16 11:18:03.053,1.03355,1.03375,1.40,1.20
2008.07.16 11:18:04.334,1.03355,1.0337,1.40,1.00
2008.07.16 11:18:10.564,1.03345,1.0337,2.20,1.00
2008.07.16 11:18:10.867,1.03345,1.03365,2.20,1.00
2008.07.16 11:18:13.358,1.03345,1.03365,1.40,1.00
2008.07.16 11:18:22.483,1.03345,1.0336,1.40,1.00
2008.07.16 11:18:23.838,1.03345,1.03365,1.40,3.30
2008.07.16 11:18:24.005,1.03345,1.03365,1.40,1.00
2008.07.16 11:18:27.358,1.03345,1.0336,1.40,1.00
2008.07.16 11:18:36.031,1.03345,1.03365,1.40,3.30
2008.07.16 11:18:36.237,1.03345,1.03365,1.40,1.00
2008.07.16 11:18:38.722,1.03345,1.03365,1.40,1.20
2008.07.16 11:18:39.511,1.03345,1.0336,1.40,1.00
2008.07.16 11:18:41.008,1.03345,1.0336,1.40,3.90
2008.07.16 11:18:41.341,1.03345,1.0336,1.40,1.00
2008.07.16 11:18:41.622,1.03335,1.0336,2.20,4.00
2008.07.16 11:18:41.799,1.03335,1.0335,1.40,1.00
2008.07.16 11:18:42.558,1.03335,1.03345,1.40,1.00
2008.07.16 11:18:43.379,1.03335,1.03345,1.40,1.20
2008.07.16 11:18:43.610,1.03335,1.03345,1.40,1.00
2008.07.16 11:18:44.649,1.03325,1.03345,2.20,1.00
2008.07.16 11:18:45.018,1.03325,1.03345,1.40,1.20
2008.07.16 11:18:45.208,1.03325,1.0334,1.40,1.00
2008.07.16 11:18:48.111,1.03325,1.03335,1.40,1.00
2008.07.16 11:18:48.284,1.03315,1.03335,3.60,1.20
2008.07.16 11:18:48.638,1.03315,1.03335,1.40,1.20
2008.07.16 11:18:49.178,1.03315,1.03335,1.40,1.00
2008.07.16 11:18:51.179,1.03315,1.03335,2.20,1.00
2008.07.16 11:18:54.806,1.03315,1.0334,2.20,1.00
2008.07.16 11:18:54.961,1.03315,1.03335,2.20,1.00
2008.07.16 11:18:55.548,1.03315,1.03335,1.40,1.00
2008.07.16 11:18:56.555,1.03315,1.03335,2.20,1.00
2008.07.16 11:18:57.242,1.0332,1.0334,4.00,1.00
2008.07.16 11:18:57.564,1.03325,1.0334,1.40,1.00
2008.07.16 11:18:57.843,1.03325,1.03345,2.20,2.70
2008.07.16 11:18:58.157,1.03325,1.03345,1.40,1.00
2008.07.16 11:18:58.686,1.03325,1.0334,1.40,1.00
2008.07.16 11:18:59.803,1.03325,1.0334,2.40,1.00
2008.07.16 11:19:01.320,1.03325,1.0334,1.40,1.00
2008.07.16 11:19:01.384,1.03325,1.03345,2.20,1.00
2008.07.16 11:19:01.664,1.03325,1.03345,1.40,1.00
2008.07.16 11:19:02.423,1.03325,1.03345,2.40,1.00
2008.07.16 11:19:05.102,1.03325,1.03345,1.40,1.00
2008.07.16 11:19:05.442,1.03325,1.03345,2.40,1.00
2008.07.16 11:19:05.922,1.03325,1.0335,2.20,3.50
2008.07.16 11:19:06.324,1.03325,1.0335,2.20,4.00
2008.07.16 11:19:06.467,1.03325,1.03345,1.40,1.00
2008.07.16 11:19:09.696,1.03325,1.0334,1.40,1.00
2008.07.16 11:19:17.254,1.03325,1.03345,1.40,1.00
2008.07.16 11:19:18.037,1.03325,1.0335,2.20,3.50
2008.07.16 11:19:18.355,1.03325,1.0335,2.20,1.00
2008.07.16 11:19:18.682,1.03325,1.03345,1.40,1.00
2008.07.16 11:19:19.129,1.0332,1.0334,6.20,1.00
2008.07.16 11:19:19.391,1.03315,1.0334,5.40,1.00
2008.07.16 11:19:19.528,1.03315,1.03335,5.40,1.00
2008.07.16 11:19:19.835,1.03315,1.03335,3.20,1.00
2008.07.16 11:19:20.670,1.0332,1.03335,5.40,1.00
2008.07.16 11:19:20.780,1.0332,1.03335,8.60,1.00
2008.07.16 11:19:21.099,1.0332,1.03335,5.40,1.00
2008.07.16 11:19:21.972,1.03315,1.0334,3.20,3.50
2008.07.16 11:19:22.262,1.03315,1.0334,3.20,1.00
2008.07.16 11:19:22.792,1.0332,1.0334,6.20,1.00
2008.07.16 11:19:23.057,1.03315,1.0334,1.70,1.00
2008.07.16 11:19:23.315,1.0332,1.0334,6.20,1.00
2008.07.16 11:19:24.049,1.0332,1.0334,9.40,1.00
2008.07.16 11:19:24.302,1.03325,1.0334,1.00,1.00
2008.07.16 11:19:24.550,1.03325,1.0334,1.40,1.00
2008.07.16 11:19:24.833,1.03325,1.03345,1.40,3.30
2008.07.16 11:19:25.228,1.03325,1.03345,1.40,1.00
2008.07.16 11:19:25.629,1.0332,1.0334,11.60,1.00
2008.07.16 11:19:25.904,1.0332,1.0334,6.20,1.00
2008.07.16 11:19:26.121,1.03325,1.0333,1.00,1.00
2008.07.16 11:19:26.574,1.0332,1.0333,2.10,1.00
2008.07.16 11:19:27.128,1.03315,1.03335,1.40,1.00
2008.07.16 11:19:27.681,1.0331,1.03335,1.30,1.00
2008.07.16 11:19:27.885,1.0332,1.0334,1.00,3.50
2008.07.16 11:19:28.073,1.03305,1.0333,4.40,1.00
2008.07.16 11:19:28.258,1.0331,1.0333,2.10,1.00
2008.07.16 11:19:28.445,1.0331,1.03335,1.00,3.30
2008.07.16 11:19:28.969,1.03305,1.03325,5.40,1.00
2008.07.16 11:19:29.318,1.03305,1.03325,3.20,1.00
2008.07.16 11:19:29.674,1.03305,1.03325,3.70,1.00
2008.07.16 11:19:29.774,1.0331,1.0333,4.00,3.50
2008.07.16 11:19:30.068,1.0331,1.0333,4.00,1.00
2008.07.16 11:19:30.239,1.0331,1.0333,4.00,1.00
2008.07.16 11:19:30.332,1.03315,1.03335,1.40,3.30
2008.07.16 11:19:30.659,1.03315,1.03335,2.20,2.70
2008.07.16 11:19:30.762,1.03315,1.0334,2.20,3.50
2008.07.16 11:19:30.942,1.03315,1.0334,4.40,1.00
2008.07.16 11:19:31.125,1.03315,1.03335,4.40,1.00
2008.07.16 11:19:31.306,1.03315,1.03335,2.20,1.00
2008.07.16 11:19:31.834,1.0331,1.03325,2.10,1.00
2008.07.16 11:19:32.051,1.03305,1.0332,3.10,1.00
2008.07.16 11:19:32.299,1.0331,1.0332,5.40,1.00
2008.07.16 11:19:32.723,1.03305,1.0332,1.00,1.00
2008.07.16 11:19:33.059,1.03305,1.0332,1.00,1.00
2008.07.16 11:19:33.330,1.03295,1.0332,3.20,1.00
2008.07.16 11:19:33.863,1.033,1.0332,6.20,1.00
2008.07.16 11:19:35.396,1.03305,1.0332,1.00,1.00
2008.07.16 11:19:35.745,1.03295,1.0332,5.90,1.00
2008.07.16 11:19:35.934,1.033,1.0332,2.10,1.00
2008.07.16 11:19:36.115,1.03295,1.0332,5.90,1.00
2008.07.16 11:19:36.407,1.03295,1.0332,5.90,4.00
2008.07.16 11:19:36.523,1.03295,1.0331,4.50,1.00
2008.07.16 11:19:36.634,1.03295,1.0332,5.40,4.00
2008.07.16 11:19:36.752,1.03295,1.0332,3.90,1.00
2008.07.16 11:19:36.952,1.03295,1.0332,1.70,1.00
2008.07.16 11:19:37.065,1.03295,1.0332,2.20,1.00
2008.07.16 11:19:37.429,1.033,1.0332,1.00,1.00
2008.07.16 11:19:37.797,1.033,1.03325,1.00,1.00
2008.07.16 11:19:38.408,1.03295,1.0332,4.40,1.00
2008.07.16 11:19:38.679,1.03295,1.0332,1.00,1.00
2008.07.16 11:19:38.948,1.03295,1.03315,2.10,1.00
2008.07.16 11:19:39.221,1.033,1.0332,4.00,2.70
2008.07.16 11:19:39.367,1.03305,1.0332,1.00,2.70
2008.07.16 11:19:39.517,1.03305,1.03325,1.00,1.00
2008.07.16 11:19:39.669,1.033,1.03325,2.90,1.00
2008.07.16 11:19:40.105,1.033,1.03325,1.00,1.00
2008.07.16 11:19:41.090,1.03305,1.0333,1.00,3.50
2008.07.16 11:19:41.251,1.03305,1.0333,1.70,3.50
2008.07.16 11:19:41.502,1.03305,1.0333,2.20,1.00
2008.07.16 11:19:42.175,1.03305,1.0333,2.20,4.00
2008.07.16 11:19:43.772,1.03305,1.03325,2.20,1.00
2008.07.16 11:19:44.466,1.03305,1.0333,2.20,3.50
2008.07.16 11:19:44.858,1.03305,1.0333,2.20,4.00
2008.07.16 11:19:45.023,1.0331,1.0333,1.00,4.00
2008.07.16 11:19:45.925,1.03305,1.0333,4.40,4.00
2008.07.16 11:19:46.223,1.03305,1.0333,2.20,4.00
2008.07.16 11:19:46.947,1.0331,1.0333,1.00,4.00
2008.07.16 11:19:47.433,1.0331,1.0333,1.00,3.20
2008.07.16 11:19:48.373,1.0331,1.0333,1.00,4.00
2008.07.16 11:19:49.385,1.03315,1.0333,1.40,1.00
2008.07.16 11:19:49.605,1.03315,1.03335,1.40,3.30
2008.07.16 11:19:49.728,1.03315,1.03335,1.40,1.00
2008.07.16 11:19:49.835,1.0331,1.0333,1.00,1.00
2008.07.16 11:19:49.935,1.0331,1.0333,2.90,1.00
2008.07.16 11:19:50.042,1.0331,1.0333,2.10,1.00
2008.07.16 11:19:50.147,1.0331,1.03325,2.10,1.00
2008.07.16 11:19:50.423,1.03305,1.03325,3.70,1.00
2008.07.16 11:19:50.838,1.03305,1.0333,3.20,3.50
2008.07.16 11:19:51.043,1.03315,1.0333,1.00,1.00
2008.07.16 11:19:51.682,1.0331,1.0333,2.90,1.00
2008.07.16 11:19:52.385,1.03315,1.0333,1.00,1.00
2008.07.16 11:19:52.638,1.03315,1.03335,2.10,1.00
2008.07.16 11:19:52.954,1.0331,1.03335,2.90,1.00
2008.07.16 11:19:53.214,1.0331,1.0333,2.90,1.00
2008.07.16 11:19:54.550,1.03315,1.03335,1.00,1.00
2008.07.16 11:19:54.848,1.0331,1.03335,2.90,1.00
2008.07.16 11:19:54.947,1.0331,1.03335,3.50,1.00
2008.07.16 11:19:55.257,1.03325,1.0334,1.00,2.70
2008.07.16 11:19:55.387,1.03325,1.0334,1.00,1.00
2008.07.16 11:19:55.785,1.0332,1.0334,2.90,1.00
2008.07.16 11:19:56.266,1.0332,1.0334,9.40,1.00
2008.07.16 11:19:56.500,1.0333,1.0335,1.00,1.00
2008.07.16 11:19:56.730,1.0333,1.0335,4.00,1.00
2008.07.16 11:19:57.001,1.0333,1.0335,4.00,1.00
2008.07.16 11:19:57.272,1.03335,1.0335,1.00,1.00
2008.07.16 11:19:57.802,1.0333,1.0335,2.90,1.00
2008.07.16 11:19:58.471,1.03335,1.0335,1.00,1.00
2008.07.16 11:19:58.692,1.03335,1.0335,1.00,1.00
2008.07.16 11:19:58.915,1.0333,1.0335,2.90,1.00
2008.07.16 11:19:59.245,1.0333,1.0335,2.10,1.00
2008.07.16 11:19:59.564,1.03325,1.0335,2.20,1.00
2008.07.16 11:19:59.881,1.0333,1.0335,1.00,1.00
2008.07.16 11:20:00.132,1.03325,1.0335,2.20,1.00
2008.07.16 11:20:01.400,1.0333,1.0335,1.00,1.00
2008.07.16 11:20:01.550,1.03335,1.03355,1.40,4.40
2008.07.16 11:20:01.703,1.03335,1.03355,2.20,3.90
2008.07.16 11:20:01.855,1.03335,1.03355,2.20,1.20
2008.07.16 11:20:02.090,1.03335,1.03355,2.20,1.00
2008.07.16 11:20:02.765,1.0334,1.0336,1.00,3.50
2008.07.16 11:20:03.014,1.0334,1.0336,1.00,1.00
2008.07.16 11:20:03.203,1.0334,1.0336,1.00,1.00
2008.07.16 11:20:04.193,1.0334,1.0336,1.00,3.20
2008.07.16 11:20:04.472,1.03335,1.03355,2.20,1.00
2008.07.16 11:20:06.011,1.0334,1.0336,4.00,2.70
2008.07.16 11:20:06.180,1.03345,1.03365,2.20,1.00
2008.07.16 11:20:10.910,1.03345,1.03365,1.40,1.00
2008.07.16 11:20:15.861,1.03345,1.0336,1.40,3.20
2008.07.16 11:20:17.094,1.03345,1.03355,1.40,1.00
2008.07.16 11:20:17.489,1.0334,1.0336,1.00,2.70
2008.07.16 11:20:17.700,1.03335,1.03355,3.20,1.00
2008.07.16 11:20:18.192,1.0334,1.0336,1.00,2.70
2008.07.16 11:20:18.689,1.0334,1.0336,1.00,3.20
2008.07.16 11:20:18.916,1.03345,1.03365,1.40,3.30
2008.07.16 11:20:23.415,1.03355,1.03365,1.40,3.30
2008.07.16 11:20:23.598,1.03355,1.0337,1.40,1.00
2008.07.16 11:20:24.255,1.0335,1.0337,1.00,1.00
2008.07.16 11:20:24.436,1.03345,1.03365,3.60,1.00
2008.07.16 11:20:24.922,1.03345,1.03365,1.40,1.00
2008.07.16 11:20:25.205,1.0334,1.0336,6.20,3.20
2008.07.16 11:20:25.499,1.03335,1.0336,5.40,4.00
2008.07.16 11:20:25.736,1.03335,1.0336,3.20,4.00
2008.07.16 11:20:27.604,1.03335,1.0335,1.70,1.00
2008.07.16 11:20:27.934,1.03335,1.0335,1.00,1.00
2008.07.16 11:20:28.235,1.03335,1.0335,1.00,1.00
2008.07.16 11:20:29.984,1.03335,1.0335,1.00,1.00
2008.07.16 11:20:30.563,1.03335,1.0335,1.00,4.00
2008.07.16 11:20:30.837,1.03335,1.0334,1.00,1.00
2008.07.16 11:20:31.094,1.03325,1.0334,3.90,1.00
2008.07.16 11:20:31.354,1.0333,1.0335,6.20,1.00
2008.07.16 11:20:32.445,1.03325,1.0335,5.40,1.00
2008.07.16 11:20:32.952,1.03325,1.0335,3.20,1.00
2008.07.16 11:20:35.100,1.0333,1.0335,6.20,1.00
2008.07.16 11:20:37.116,1.03335,1.0335,1.40,1.00
2008.07.16 11:20:37.488,1.0334,1.03355,1.00,2.70
2008.07.16 11:20:37.759,1.0333,1.0335,6.20,1.00
2008.07.16 11:20:38.014,1.0333,1.0335,6.20,1.00
2008.07.16 11:20:39.941,1.03335,1.03355,1.40,1.00
2008.07.16 11:20:40.065,1.03335,1.0335,1.40,1.00
2008.07.16 11:20:40.361,1.03325,1.0335,5.40,1.00
2008.07.16 11:20:40.531,1.03335,1.0335,1.00,1.00
2008.07.16 11:20:41.022,1.0333,1.0335,2.90,1.00
2008.07.16 11:20:41.281,1.0333,1.0335,6.20,1.00
2008.07.16 11:20:47.591,1.03325,1.0335,5.40,1.00
2008.07.16 11:20:47.881,1.03325,1.03345,5.40,1.00
2008.07.16 11:20:48.172,1.03325,1.03345,3.20,3.30
2008.07.16 11:20:48.502,1.03335,1.03345,1.40,3.30
2008.07.16 11:20:48.760,1.03335,1.03345,1.40,1.00
2008.07.16 11:20:56.179,1.03335,1.0335,1.40,1.00
2008.07.16 11:21:00.718,1.03345,1.0335,1.40,1.00
2008.07.16 11:21:01.010,1.03345,1.03355,1.40,2.70
2008.07.16 11:21:01.286,1.03345,1.0336,1.40,1.00
2008.07.16 11:21:01.961,1.0334,1.0336,1.00,4.00
2008.07.16 11:21:02.319,1.03335,1.0335,1.40,1.00
2008.07.16 11:21:02.668,1.03335,1.03355,1.40,3.30
2008.07.16 11:21:03.012,1.03335,1.03355,1.40,1.00
2008.07.16 11:21:04.675,1.0334,1.03355,3.20,1.00
2008.07.16 11:21:04.790,1.0334,1.0336,1.00,3.50
2008.07.16 11:21:05.107,1.03345,1.0336,1.40,3.90
2008.07.16 11:21:08.028,1.03345,1.0336,1.40,1.00
2008.07.16 11:21:14.727,1.03345,1.0335,1.40,1.00
2008.07.16 11:21:14.975,1.03335,1.0335,2.10,1.00
2008.07.16 11:21:15.229,1.03325,1.0334,4.50,1.00
2008.07.16 11:21:15.636,1.03325,1.03335,2.40,1.00
2008.07.16 11:21:15.830,1.03325,1.0334,3.20,2.70
2008.07.16 11:21:16.262,1.03325,1.0334,1.70,1.00
2008.07.16 11:21:17.933,1.03325,1.0334,1.00,1.00
2008.07.16 11:21:19.744,1.03325,1.0333,1.00,1.00
2008.07.16 11:21:19.855,1.03315,1.0333,1.70,1.00
2008.07.16 11:21:20.503,1.03315,1.0333,1.00,1.00
2008.07.16 11:21:20.615,1.03315,1.03325,1.00,1.00
2008.07.16 11:21:21.523,1.03305,1.0332,1.70,1.00
2008.07.16 11:21:22.910,1.0331,1.0332,6.20,1.00
2008.07.16 11:21:23.008,1.0332,1.03335,5.40,2.60
2008.07.16 11:21:23.400,1.03315,1.0332,1.00,1.00
2008.07.16 11:21:23.608,1.0332,1.0333,8.60,1.00
2008.07.16 11:21:23.730,1.0332,1.0333,8.60,1.00
2008.07.16 11:21:24.031,1.03315,1.0333,1.70,1.00
2008.07.16 11:21:27.118,1.03315,1.0333,1.00,1.00
2008.07.16 11:21:27.464,1.03315,1.0332,1.00,1.00
2008.07.16 11:21:30.888,1.03305,1.0332,1.70,1.00
2008.07.16 11:21:31.473,1.03305,1.0332,1.00,1.00
2008.07.16 11:21:31.858,1.03305,1.0332,1.70,1.00
2008.07.16 11:21:32.088,1.03305,1.0332,1.00,1.00
2008.07.16 11:21:32.800,1.033,1.0332,2.90,1.00
2008.07.16 11:21:33.151,1.033,1.0332,1.00,1.00
2008.07.16 11:21:33.378,1.03295,1.0332,5.40,1.00
2008.07.16 11:21:33.929,1.03295,1.0332,3.20,1.00
2008.07.16 11:21:34.209,1.03295,1.0332,3.70,1.00
2008.07.16 11:21:34.478,1.033,1.0332,1.00,1.00
2008.07.16 11:21:34.736,1.03305,1.0332,1.00,1.00
2008.07.16 11:21:39.057,1.03305,1.0333,2.20,4.00
2008.07.16 11:21:39.245,1.03305,1.0333,4.40,4.00
2008.07.16 11:21:39.576,1.03305,1.0333,2.20,4.00
2008.07.16 11:21:39.749,1.03305,1.0332,1.00,1.00
2008.07.16 11:21:39.899,1.033,1.0332,2.10,1.00
2008.07.16 11:21:40.365,1.03295,1.0332,3.20,1.00
2008.07.16 11:21:41.892,1.03295,1.0332,3.70,1.00
2008.07.16 11:21:44.238,1.03295,1.0332,5.40,1.00
2008.07.16 11:21:44.665,1.03295,1.0332,3.20,1.00
2008.07.16 11:21:50.025,1.03295,1.0331,1.00,1.00
2008.07.16 11:21:50.265,1.0329,1.0331,2.90,1.00
2008.07.16 11:21:50.593,1.0329,1.0331,9.40,1.00
2008.07.16 11:21:50.662,1.0329,1.0331,9.40,1.00
2008.07.16 11:21:51.203,1.0329,1.0331,2.90,1.00
2008.07.16 11:21:51.462,1.03295,1.0331,1.00,1.00
2008.07.16 11:21:52.877,1.03295,1.0331,1.70,1.00
2008.07.16 11:21:57.894,1.03295,1.0331,1.00,1.00
2008.07.16 11:21:58.234,1.03295,1.0331,1.70,1.00
2008.07.16 11:22:00.184,1.03295,1.0331,1.00,1.00
2008.07.16 11:22:00.784,1.0329,1.0331,4.00,1.00
2008.07.16 11:22:00.904,1.03285,1.0331,5.40,1.00
2008.07.16 11:22:01.350,1.03285,1.0331,3.20,1.00
2008.07.16 11:22:01.763,1.03285,1.033,1.70,1.00
2008.07.16 11:22:02.692,1.03285,1.033,1.00,1.00
2008.07.16 11:22:04.632,1.03275,1.033,3.20,1.00
2008.07.16 11:22:04.841,1.03275,1.033,3.20,4.00
2008.07.16 11:22:04.950,1.03275,1.0329,1.70,1.00
2008.07.16 11:22:05.649,1.03275,1.033,3.20,4.00
2008.07.16 11:22:05.771,1.03275,1.033,3.20,1.00
2008.07.16 11:22:05.900,1.0328,1.033,1.00,1.00
2008.07.16 11:22:06.470,1.0328,1.033,2.90,1.00
2008.07.16 11:22:06.621,1.03285,1.03305,1.40,1.00
2008.07.16 11:22:06.919,1.03285,1.03305,2.40,1.00
2008.07.16 11:22:07.210,1.03285,1.03305,1.40,1.00
2008.07.16 11:22:07.509,1.0328,1.033,3.50,1.00
2008.07.16 11:22:07.704,1.0328,1.033,2.90,1.00
2008.07.16 11:22:08.410,1.0328,1.0329,2.10,1.00
2008.07.16 11:22:08.650,1.03275,1.0329,1.70,1.00
2008.07.16 11:22:10.249,1.03285,1.0329,1.00,1.00
2008.07.16 11:22:10.419,1.0329,1.033,3.20,1.00
2008.07.16 11:22:10.580,1.0328,1.033,4.00,1.00
2008.07.16 11:22:11.063,1.0329,1.033,3.20,1.00
2008.07.16 11:22:11.409,1.03285,1.033,1.70,1.00
2008.07.16 11:22:17.358,1.0329,1.033,9.40,1.00
2008.07.16 11:22:18.185,1.03285,1.033,1.70,1.00
2008.07.16 11:22:24.120,1.0329,1.033,9.40,1.00
2008.07.16 11:22:24.449,1.0329,1.033,6.20,1.00
2008.07.16 11:22:24.755,1.03285,1.033,1.70,1.00
2008.07.16 11:22:25.379,1.0329,1.033,5.40,1.00
2008.07.16 11:22:25.586,1.0329,1.033,5.40,1.00
2008.07.16 11:22:25.776,1.03285,1.033,1.70,1.00
2008.07.16 11:22:28.624,1.03285,1.033,1.00,1.00
2008.07.16 11:22:28.955,1.03285,1.033,1.00,1.00
2008.07.16 11:22:29.692,1.03285,1.033,1.00,3.20
2008.07.16 11:22:29.779,1.03285,1.0329,1.00,1.00
2008.07.16 11:22:30.227,1.03285,1.033,1.00,1.00
2008.07.16 11:22:30.323,1.03285,1.033,1.00,1.00
2008.07.16 11:22:30.585,1.0329,1.033,5.40,3.20
2008.07.16 11:22:30.908,1.03285,1.033,1.70,1.00
2008.07.16 11:22:31.186,1.0329,1.033,5.40,1.00
2008.07.16 11:22:31.621,1.03285,1.033,1.00,1.00
2008.07.16 11:22:31.935,1.03285,1.033,1.70,1.00
2008.07.16 11:22:32.245,1.03285,1.033,1.70,3.20
2008.07.16 11:22:32.555,1.03285,1.03295,1.00,1.00
2008.07.16 11:22:32.910,1.03275,1.03295,2.40,1.00
2008.07.16 11:22:33.065,1.03275,1.0329,1.00,1.00
2008.07.16 11:22:33.523,1.0327,1.0329,6.20,1.00
2008.07.16 11:22:33.728,1.03275,1.0329,1.00,1.00
2008.07.16 11:22:34.215,1.03275,1.0329,1.70,1.00
2008.07.16 11:22:47.751,1.03275,1.033,3.20,1.00
2008.07.16 11:22:50.020,1.03275,1.0329,2.40,1.00
2008.07.16 11:22:50.178,1.03275,1.03295,2.40,3.30
2008.07.16 11:22:50.397,1.03275,1.0329,2.40,1.00
2008.07.16 11:22:50.469,1.03275,1.03295,2.40,3.30
2008.07.16 11:22:50.585,1.03275,1.03295,2.40,1.00
2008.07.16 11:22:51.459,1.03275,1.033,3.20,3.30
2008.07.16 11:22:51.784,1.0328,1.033,1.00,1.00
2008.07.16 11:22:52.418,1.0328,1.033,1.00,3.90
2008.07.16 11:22:52.851,1.03275,1.033,5.40,1.00
2008.07.16 11:22:53.121,1.03275,1.033,3.20,1.00
2008.07.16 11:22:53.319,1.03275,1.033,5.40,1.00
2008.07.16 11:22:53.548,1.03275,1.033,3.20,1.00
2008.07.16 11:22:54.000,1.03275,1.03295,2.40,1.00
2008.07.16 11:22:54.403,1.03275,1.033,3.20,3.50
2008.07.16 11:22:54.629,1.03275,1.033,3.20,1.00
2008.07.16 11:22:54.854,1.03275,1.03295,1.40,1.00
2008.07.16 11:22:56.011,1.03275,1.0329,1.40,1.00
2008.07.16 11:22:56.189,1.03275,1.03295,1.40,1.00
2008.07.16 11:22:56.275,1.03275,1.03295,1.40,3.30
2008.07.16 11:22:56.502,1.03275,1.03295,1.40,1.00
2008.07.16 11:22:57.418,1.03275,1.0329,1.40,1.00
2008.07.16 11:22:57.907,1.03265,1.0329,3.20,1.00
2008.07.16 11:22:58.909,1.03275,1.03295,2.20,2.70
2008.07.16 11:22:59.179,1.03275,1.033,3.20,1.00
2008.07.16 11:23:02.077,1.03285,1.033,1.40,1.00
2008.07.16 11:23:02.686,1.03275,1.033,3.20,1.00
2008.07.16 11:23:02.917,1.03275,1.03295,3.20,1.00
2008.07.16 11:23:03.357,1.03275,1.03295,1.70,1.00
2008.07.16 11:23:03.637,1.03275,1.0329,1.00,1.00
2008.07.16 11:23:04.623,1.0327,1.0329,9.40,1.00
2008.07.16 11:23:04.815,1.03265,1.0329,3.20,1.00
2008.07.16 11:23:06.538,1.03275,1.0329,1.40,1.00
2008.07.16 11:23:06.701,1.03275,1.03295,2.20,3.30
2008.07.16 11:23:07.084,1.03275,1.03295,1.00,3.30
2008.07.16 11:23:07.205,1.03265,1.0329,3.70,1.00
2008.07.16 11:23:07.328,1.03265,1.0329,5.90,1.00
2008.07.16 11:23:07.782,1.03265,1.03285,3.20,1.00
2008.07.16 11:23:08.118,1.03265,1.0329,3.20,1.00
2008.07.16 11:23:09.507,1.03275,1.0329,1.40,1.00
2008.07.16 11:23:09.978,1.03275,1.0329,1.00,1.00
2008.07.16 11:23:10.217,1.0327,1.0329,6.20,1.00
2008.07.16 11:23:10.456,1.0327,1.0329,2.90,1.00
2008.07.16 11:23:10.715,1.0327,1.0329,1.00,1.00
2008.07.16 11:23:17.224,1.03265,1.0329,5.40,1.00
2008.07.16 11:23:17.483,1.03265,1.0329,3.20,1.00
2008.07.16 11:23:17.743,1.03265,1.0328,1.00,1.00
2008.07.16 11:23:18.007,1.0327,1.0328,5.40,1.00
2008.07.16 11:23:18.295,1.03255,1.0327,2.40,1.00
2008.07.16 11:23:18.582,1.03255,1.0327,1.00,1.00
2008.07.16 11:23:18.872,1.03255,1.03275,2.40,3.30
2008.07.16 11:23:19.168,1.03255,1.03275,2.40,1.00
2008.07.16 11:23:19.785,1.03255,1.0327,1.00,1.00
2008.07.16 11:23:21.787,1.03255,1.03265,1.00,1.00
2008.07.16 11:23:22.002,1.03255,1.0327,1.00,1.00
2008.07.16 11:23:22.425,1.03255,1.0327,1.00,1.00
2008.07.16 11:23:23.112,1.03255,1.0327,1.00,1.00
2008.07.16 11:23:23.512,1.03255,1.0327,1.00,1.30
2008.07.16 11:23:24.975,1.03245,1.03265,3.20,1.00
2008.07.16 11:23:25.321,1.03245,1.0327,3.20,4.00
2008.07.16 11:23:25.812,1.03245,1.0327,3.20,1.30
2008.07.16 11:23:26.912,1.03245,1.0327,3.20,1.00
2008.07.16 11:23:28.456,1.0326,1.0327,5.40,1.00
2008.07.16 11:23:28.632,1.03255,1.0327,1.00,1.00
2008.07.16 11:23:29.053,1.03255,1.03275,1.00,3.30
2008.07.16 11:23:29.330,1.03255,1.03275,1.00,1.00
2008.07.16 11:23:30.771,1.0325,1.0327,6.20,1.00
2008.07.16 11:23:30.998,1.03245,1.0327,5.40,1.00
2008.07.16 11:23:31.210,1.03245,1.0326,3.90,1.00
2008.07.16 11:23:31.694,1.03245,1.0326,1.70,1.00
2008.07.16 11:23:31.915,1.03245,1.0326,1.00,1.00
2008.07.16 11:23:34.906,1.03235,1.0326,3.20,1.00
2008.07.16 11:23:35.134,1.03245,1.0326,1.00,1.00
2008.07.16 11:23:35.749,1.0325,1.0326,1.00,1.00
2008.07.16 11:23:35.950,1.03245,1.03265,2.20,1.00
2008.07.16 11:23:36.341,1.0324,1.03265,2.90,1.00
2008.07.16 11:23:36.840,1.0324,1.0326,9.40,1.00
2008.07.16 11:23:37.748,1.0324,1.0326,2.90,1.00
2008.07.16 11:23:38.009,1.03245,1.0326,1.00,1.00
2008.07.16 11:23:38.287,1.0324,1.0326,2.90,1.00
2008.07.16 11:23:38.591,1.0324,1.0326,9.40,1.00
2008.07.16 11:23:39.010,1.03245,1.03265,1.40,1.00
2008.07.16 11:23:39.628,1.03245,1.0327,2.20,3.50
2008.07.16 11:23:39.937,1.03245,1.0327,2.20,1.00
2008.07.16 11:23:40.078,1.0325,1.0327,4.00,1.00
2008.07.16 11:23:40.227,1.0325,1.0327,4.00,1.00
2008.07.16 11:23:40.507,1.0325,1.0327,4.00,1.00
2008.07.16 11:23:40.690,1.03255,1.0327,1.40,1.00
2008.07.16 11:23:41.262,1.0325,1.0327,1.00,1.00
2008.07.16 11:23:41.958,1.03245,1.03265,4.40,1.00
2008.07.16 11:23:42.348,1.0325,1.0327,1.00,1.00
2008.07.16 11:23:43.419,1.0325,1.0327,1.00,1.00
2008.07.16 11:23:43.779,1.03245,1.03265,4.40,1.00
2008.07.16 11:23:44.149,1.03255,1.03265,1.40,1.00
2008.07.16 11:23:44.548,1.03245,1.0327,3.20,3.50
2008.07.16 11:23:44.739,1.0325,1.0327,1.00,2.70
2008.07.16 11:23:44.930,1.03245,1.03265,2.40,1.00
2008.07.16 11:23:45.543,1.03245,1.0327,3.20,3.50
2008.07.16 11:23:46.306,1.03245,1.0327,3.20,1.00
2008.07.16 11:23:47.599,1.03245,1.0326,1.00,1.00
2008.07.16 11:23:50.202,1.03245,1.0326,1.00,1.00
2008.07.16 11:23:50.644,1.03235,1.0326,3.20,1.00
2008.07.16 11:23:50.716,1.03235,1.0326,3.20,4.00
2008.07.16 11:23:50.787,1.03235,1.0326,2.20,4.00
2008.07.16 11:23:51.234,1.03235,1.03255,1.40,1.00
2008.07.16 11:23:51.575,1.0324,1.03255,3.20,1.00
2008.07.16 11:23:52.568,1.03235,1.03255,2.00,1.00
2008.07.16 11:23:52.818,1.03245,1.03255,1.40,1.00
2008.07.16 11:23:53.036,1.03235,1.0326,2.20,3.50
2008.07.16 11:23:53.464,1.03235,1.0326,2.20,1.00
2008.07.16 11:23:53.935,1.03235,1.0326,2.20,3.50
2008.07.16 11:23:54.256,1.03235,1.03255,1.40,1.00
2008.07.16 11:23:55.375,1.03245,1.03255,1.40,1.00
2008.07.16 11:23:55.806,1.03245,1.03255,1.40,1.20
2008.07.16 11:23:56.030,1.03245,1.03255,1.40,1.00
2008.07.16 11:23:56.255,1.03235,1.0326,3.20,3.50
2008.07.16 11:23:56.477,1.03235,1.03255,2.40,3.30
2008.07.16 11:23:56.646,1.03235,1.03255,2.40,1.00
2008.07.16 11:23:56.813,1.03235,1.03255,1.40,1.00
2008.07.16 11:23:57.154,1.03235,1.0326,3.20,3.50
2008.07.16 11:23:57.463,1.03235,1.0326,2.20,1.00
2008.07.16 11:23:58.214,1.03235,1.03255,1.40,1.00
2008.07.16 11:23:58.787,1.03235,1.0326,3.20,3.50
2008.07.16 11:23:58.980,1.03235,1.0326,3.20,1.00
2008.07.16 11:23:59.349,1.03235,1.0326,3.20,1.00
2008.07.16 11:23:59.888,1.0324,1.03265,1.00,3.90
2008.07.16 11:24:00.078,1.0324,1.0326,1.00,1.00
2008.07.16 11:24:00.272,1.03235,1.03255,2.10,1.00
2008.07.16 11:24:00.470,1.0323,1.03255,4.00,1.00
2008.07.16 11:24:00.875,1.0323,1.0325,1.00,1.00
2008.07.16 11:24:01.101,1.03225,1.03245,2.40,1.00
2008.07.16 11:24:01.345,1.0323,1.0325,1.00,1.00
2008.07.16 11:24:01.542,1.0323,1.0325,1.00,3.30
2008.07.16 11:24:01.743,1.03235,1.03255,1.00,3.30
2008.07.16 11:24:02.109,1.0324,1.03245,5.40,1.00
2008.07.16 11:24:02.807,1.03235,1.03245,1.00,1.00
2008.07.16 11:24:02.924,1.0323,1.0325,1.00,2.70
2008.07.16 11:24:03.143,1.03225,1.03245,2.20,1.00
2008.07.16 11:24:03.395,1.03225,1.03245,4.40,1.00
2008.07.16 11:24:03.518,1.03225,1.03245,2.20,1.00
2008.07.16 11:24:03.839,1.03225,1.03245,1.40,1.00
2008.07.16 11:24:05.075,1.03225,1.03245,2.40,1.00
2008.07.16 11:24:05.127,1.03225,1.03245,3.20,1.00
2008.07.16 11:24:05.308,1.03225,1.0325,3.20,3.50
2008.07.16 11:24:05.441,1.03225,1.0325,3.20,1.00
2008.07.16 11:24:06.906,1.03235,1.0325,1.00,1.00
2008.07.16 11:24:07.024,1.03235,1.0325,1.00,1.00
2008.07.16 11:24:07.943,1.0323,1.0325,6.20,1.00
2008.07.16 11:24:08.409,1.03235,1.03255,2.40,1.00
2008.07.16 11:24:08.783,1.0324,1.03255,5.40,1.00
2008.07.16 11:24:09.059,1.03245,1.0325,1.00,1.00
2008.07.16 11:24:09.290,1.03245,1.03255,1.00,1.00
2008.07.16 11:24:09.611,1.03245,1.0326,1.00,3.50
2008.07.16 11:24:09.947,1.03245,1.0326,2.40,1.00
2008.07.16 11:24:10.754,1.03255,1.0326,1.40,1.00
2008.07.16 11:24:10.880,1.03255,1.03265,1.40,3.30
2008.07.16 11:24:11.371,1.03255,1.0327,1.40,2.70
2008.07.16 11:24:11.642,1.03255,1.0327,1.40,3.30
2008.07.16 11:24:11.911,1.03255,1.03265,1.40,1.00
2008.07.16 11:24:12.947,1.03245,1.03265,1.40,1.00
2008.07.16 11:24:13.211,1.03245,1.0326,1.40,1.00
2008.07.16 11:24:13.802,1.03245,1.03255,1.40,1.00
2008.07.16 11:24:13.921,1.03245,1.03255,2.40,1.00
2008.07.16 11:24:14.088,1.03245,1.0326,2.40,3.30
2008.07.16 11:24:14.210,1.03255,1.0326,1.40,3.30
2008.07.16 11:24:14.559,1.03255,1.03265,1.40,2.70
2008.07.16 11:24:14.910,1.03255,1.0327,1.40,1.00
2008.07.16 11:24:18.279,1.03255,1.03275,1.40,3.30
2008.07.16 11:24:18.587,1.03255,1.03275,1.40,1.00
2008.07.16 11:24:18.941,1.03255,1.0327,2.40,1.00
2008.07.16 11:24:21.068,1.03255,1.0327,1.00,1.00
2008.07.16 11:24:21.388,1.0325,1.0327,6.20,1.00
2008.07.16 11:24:21.849,1.0325,1.0327,1.00,1.00
2008.07.16 11:24:22.116,1.03245,1.03265,5.40,1.00
2008.07.16 11:24:22.438,1.03245,1.03265,3.20,1.00
2008.07.16 11:24:22.970,1.03245,1.03265,2.40,1.00
2008.07.16 11:24:25.255,1.03245,1.03265,3.20,1.00
2008.07.16 11:24:25.486,1.03245,1.0327,3.20,3.50
2008.07.16 11:24:25.681,1.03245,1.0327,3.20,1.00
2008.07.16 11:24:26.575,1.03245,1.03265,2.40,1.00
2008.07.16 11:24:26.888,1.0325,1.03265,5.40,1.00
2008.07.16 11:24:27.085,1.03245,1.0327,3.20,3.50
2008.07.16 11:24:27.456,1.03245,1.0327,3.20,1.00
2008.07.16 11:24:28.849,1.03255,1.0327,1.40,1.00
2008.07.16 11:24:29.074,1.03255,1.03275,1.40,3.30
2008.07.16 11:24:29.291,1.03255,1.0327,1.40,1.00
2008.07.16 11:24:29.706,1.03255,1.03275,1.40,3.30
2008.07.16 11:24:29.925,1.03255,1.0327,1.40,1.00
2008.07.16 11:24:30.065,1.03255,1.03275,1.40,1.00
2008.07.16 11:24:30.859,1.03255,1.03275,1.40,3.30
2008.07.16 11:24:31.081,1.03255,1.03275,1.40,1.00
2008.07.16 11:24:32.136,1.03255,1.0327,1.40,3.90
2008.07.16 11:24:32.335,1.03255,1.03265,1.40,1.00
2008.07.16 11:24:32.725,1.03245,1.03265,3.20,1.00
2008.07.16 11:24:33.983,1.03245,1.03265,2.20,1.00
2008.07.16 11:24:34.072,1.03245,1.03265,1.40,1.00
2008.07.16 11:24:34.404,1.03245,1.03265,2.40,1.00
2008.07.16 11:24:35.535,1.03245,1.03265,3.20,1.00
2008.07.16 11:24:37.162,1.0325,1.0327,1.00,3.50
2008.07.16 11:24:37.450,1.03245,1.03265,3.20,1.00
2008.07.16 11:24:37.520,1.03245,1.03265,5.40,1.00
2008.07.16 11:24:37.690,1.03245,1.03265,3.20,1.00
2008.07.16 11:24:39.956,1.03245,1.0327,3.20,3.50
2008.07.16 11:24:40.133,1.03245,1.0327,3.20,1.00
2008.07.16 11:24:41.743,1.0325,1.0327,6.20,1.00
2008.07.16 11:24:41.899,1.03255,1.03275,1.40,1.00
2008.07.16 11:24:42.216,1.03255,1.0328,2.20,3.50
2008.07.16 11:24:42.288,1.03255,1.0328,2.20,3.30
2008.07.16 11:24:42.491,1.0326,1.0328,1.00,2.70
2008.07.16 11:24:42.805,1.0326,1.03285,1.00,1.70
2008.07.16 11:24:43.720,1.03255,1.0328,2.20,1.00
2008.07.16 11:24:44.122,1.03255,1.03275,2.20,1.00
2008.07.16 11:24:44.222,1.0326,1.0328,1.00,1.00
2008.07.16 11:24:44.660,1.03265,1.0328,1.40,1.00
2008.07.16 11:24:45.381,1.0326,1.0328,1.00,1.00
2008.07.16 11:24:45.730,1.03265,1.03285,2.20,4.40
2008.07.16 11:24:45.834,1.03265,1.03285,2.20,3.90
2008.07.16 11:24:46.020,1.03265,1.0328,1.40,1.00
2008.07.16 11:24:46.397,1.03265,1.03275,1.40,1.00
2008.07.16 11:24:46.881,1.03265,1.0328,1.40,1.00
2008.07.16 11:24:47.103,1.03265,1.03275,1.40,1.00
2008.07.16 11:24:47.331,1.03255,1.03275,3.20,1.00
2008.07.16 11:24:47.779,1.03265,1.03285,1.40,3.30
2008.07.16 11:24:48.018,1.03265,1.03285,2.20,2.70
2008.07.16 11:24:48.476,1.03265,1.03285,1.40,1.00
2008.07.16 11:24:49.183,1.03265,1.0328,1.40,1.00
2008.07.16 11:24:50.727,1.03265,1.03285,1.40,3.30
2008.07.16 11:24:51.036,1.03265,1.03285,1.40,1.00
2008.07.16 11:24:51.634,1.03265,1.03285,2.20,1.00
2008.07.16 11:24:51.951,1.03265,1.03285,1.40,1.00
2008.07.16 11:24:53.044,1.03265,1.03285,3.20,1.00
2008.07.16 11:24:53.552,1.03265,1.03285,2.20,1.00
2008.07.16 11:24:53.810,1.03265,1.03285,1.40,1.00
2008.07.16 11:24:54.485,1.03265,1.03285,2.40,1.00
2008.07.16 11:24:55.015,1.0327,1.03285,3.20,1.00
2008.07.16 11:24:55.168,1.03285,1.0329,1.40,3.00
2008.07.16 11:24:55.311,1.03285,1.0329,1.40,2.70
2008.07.16 11:24:55.452,1.03285,1.033,1.40,1.00
2008.07.16 11:24:55.880,1.03275,1.033,2.20,1.00
2008.07.16 11:24:56.070,1.03275,1.033,2.20,1.20
2008.07.16 11:24:56.260,1.03275,1.03295,1.40,1.20
2008.07.16 11:24:56.451,1.03275,1.0329,1.40,1.00
2008.07.16 11:24:57.257,1.03275,1.03295,2.20,1.00
2008.07.16 11:24:58.329,1.03275,1.03295,1.40,1.20
2008.07.16 11:24:58.955,1.03275,1.03295,1.40,1.00
2008.07.16 11:24:59.085,1.0328,1.033,1.00,1.00
2008.07.16 11:24:59.372,1.03285,1.03305,1.40,1.70
2008.07.16 11:25:01.848,1.03285,1.033,1.40,1.00
2008.07.16 11:25:02.483,1.03285,1.03305,1.40,3.90
2008.07.16 11:25:02.784,1.03285,1.033,1.40,1.00
2008.07.16 11:25:03.116,1.03275,1.033,2.20,1.00
2008.07.16 11:25:03.924,1.03275,1.033,2.20,3.50
2008.07.16 11:25:04.825,1.03275,1.033,3.20,3.50
2008.07.16 11:25:05.039,1.03285,1.033,2.20,2.70
2008.07.16 11:25:05.244,1.03275,1.03295,1.40,1.00
2008.07.16 11:25:05.645,1.03275,1.0329,1.40,1.00
2008.07.16 11:25:05.819,1.03275,1.0329,1.00,1.00
2008.07.16 11:25:06.011,1.03275,1.0329,1.40,1.00
2008.07.16 11:25:06.239,1.0328,1.0329,1.00,1.00
2008.07.16 11:25:06.421,1.0329,1.033,1.00,2.70
2008.07.16 11:25:06.602,1.0329,1.0331,1.00,2.10
2008.07.16 11:25:06.827,1.03295,1.0331,1.70,2.10
2008.07.16 11:25:07.089,1.03295,1.0332,3.20,4.00
2008.07.16 11:25:07.351,1.033,1.0332,1.00,1.00
2008.07.16 11:25:07.607,1.03295,1.0332,3.20,1.00
2008.07.16 11:25:08.152,1.0329,1.0331,1.00,1.00
2008.07.16 11:25:08.465,1.0329,1.0331,1.00,1.00
2008.07.16 11:25:08.768,1.033,1.0332,1.00,3.50
2008.07.16 11:25:09.056,1.03295,1.03315,2.20,1.00
2008.07.16 11:25:09.279,1.03295,1.03315,1.40,1.00
2008.07.16 11:25:09.705,1.03295,1.03315,2.20,1.00
2008.07.16 11:25:10.189,1.03295,1.033,1.00,1.00
2008.07.16 11:25:10.459,1.0329,1.033,1.00,1.00
2008.07.16 11:25:10.770,1.03285,1.033,4.50,1.00
2008.07.16 11:25:11.017,1.03285,1.033,2.40,1.00
2008.07.16 11:25:11.576,1.03285,1.03305,2.40,3.30
2008.07.16 11:25:12.031,1.03285,1.03305,2.40,1.00
2008.07.16 11:25:12.497,1.03285,1.0331,2.20,3.50
2008.07.16 11:25:12.688,1.03285,1.03305,1.40,1.00
2008.07.16 11:25:13.129,1.03285,1.03305,2.20,1.00
2008.07.16 11:25:13.730,1.03285,1.033,1.40,1.00
2008.07.16 11:25:15.778,1.03275,1.03295,2.20,1.00
2008.07.16 11:25:15.927,1.03275,1.03295,3.20,1.00
2008.07.16 11:25:16.423,1.0328,1.033,1.00,2.70
2008.07.16 11:25:16.916,1.0328,1.033,2.90,1.00
2008.07.16 11:25:17.417,1.0328,1.03295,2.10,1.00
2008.07.16 11:25:17.676,1.0328,1.033,2.10,1.00
2008.07.16 11:25:17.935,1.03275,1.033,3.20,1.00
2008.07.16 11:25:19.103,1.03275,1.03295,2.40,1.00
2008.07.16 11:25:20.313,1.03275,1.03295,1.00,1.00
2008.07.16 11:25:21.836,1.0328,1.03295,5.40,1.00
2008.07.16 11:25:21.993,1.03275,1.033,1.70,3.50
2008.07.16 11:25:22.292,1.03275,1.033,1.70,1.00
2008.07.16 11:25:22.513,1.03275,1.033,3.20,1.00
2008.07.16 11:25:22.904,1.0328,1.0329,5.40,1.00
2008.07.16 11:25:23.223,1.0328,1.03295,5.40,1.00
2008.07.16 11:25:23.545,1.0328,1.033,6.20,1.00
2008.07.16 11:25:23.863,1.03275,1.033,3.20,3.50
2008.07.16 11:25:23.972,1.0328,1.033,6.20,2.70
2008.07.16 11:25:24.082,1.0328,1.033,6.20,1.00
2008.07.16 11:25:24.641,1.03275,1.033,5.40,1.00
2008.07.16 11:25:24.852,1.03275,1.033,3.20,1.00
2008.07.16 11:25:25.263,1.0328,1.03295,5.40,1.00
2008.07.16 11:25:25.672,1.03275,1.033,3.20,3.50
2008.07.16 11:25:25.881,1.03275,1.033,3.20,1.00
2008.07.16 11:25:26.034,1.0328,1.03295,5.40,1.00
2008.07.16 11:25:26.383,1.0328,1.03295,5.40,1.20
2008.07.16 11:25:26.488,1.0328,1.0329,5.40,1.00
2008.07.16 11:25:26.826,1.0328,1.0329,5.40,1.00
