2011.06.29 05:00:00.972,0.97619,0.97649,2.87,2.10
2011.06.29 05:00:01.082,0.97619,0.97649,1.37,2.10
2011.06.29 05:00:02.233,0.97619,0.97649,2.50,2.10
2011.06.29 05:00:03.513,0.9762,0.9765,3.10,3.75
2011.06.29 05:00:06.621,0.97621,0.9765,1.75,3.75
2011.06.29 05:00:06.736,0.97621,0.9765,1.75,3.75
2011.06.29 05:00:07.712,0.97621,0.9765,1.75,3.75
2011.06.29 05:00:08.042,0.97621,0.9765,1.50,3.75
2011.06.29 05:00:08.603,0.97616,0.97648,7.37,1.35
2011.06.29 05:00:08.713,0.97618,0.97648,1.75,5.10
2011.06.29 05:00:08.933,0.97618,0.97647,1.75,3.75
2011.06.29 05:00:09.265,0.97618,0.97644,2.50,3.75
2011.06.29 05:00:09.374,0.97618,0.97647,1.75,1.35
2011.06.29 05:00:09.483,0.97618,0.9765,1.75,1.50
2011.06.29 05:00:10.253,0.97618,0.97646,1.75,1.50
2011.06.29 05:00:10.363,0.97616,0.97645,2.87,3.75
2011.06.29 05:00:10.583,0.97617,0.97646,1.75,1.50
2011.06.29 05:00:11.132,0.97618,0.97648,2.50,1.35
2011.06.29 05:00:11.353,0.97618,0.97649,2.50,3.60
2011.06.29 05:00:11.683,0.97632,0.97655,1.50,1.50
2011.06.29 05:00:12.144,0.97622,0.97653,2.50,1.35
2011.06.29 05:00:12.473,0.9762,0.97649,1.37,1.50
2011.06.29 05:00:13.032,0.9762,0.97649,1.37,1.50
2011.06.29 05:00:20.274,0.97619,0.97645,3.38,1.35
2011.06.29 05:00:20.981,0.97617,0.97645,1.75,1.35
2011.06.29 05:00:25.422,0.97617,0.97648,1.75,3.75
2011.06.29 05:00:25.862,0.97615,0.97646,1.75,5.10
2011.06.29 05:00:26.422,0.97615,0.97646,1.75,5.10
2011.06.29 05:00:28.074,0.97613,0.97642,2.50,3.75
2011.06.29 05:00:28.592,0.97613,0.97641,1.75,1.35
2011.06.29 05:00:29.144,0.97614,0.97641,1.50,1.35
2011.06.29 05:00:29.252,0.97616,0.97641,1.50,1.35
2011.06.29 05:00:29.363,0.97617,0.97641,1.50,1.35
2011.06.29 05:00:30.582,0.97617,0.97645,2.25,1.50
2011.06.29 05:00:32.013,0.97617,0.97641,1.50,1.35
2011.06.29 05:00:32.563,0.97617,0.97641,1.50,1.35
2011.06.29 05:00:38.003,0.97617,0.97645,2.25,1.50
2011.06.29 05:00:42.412,0.97617,0.97645,1.50,5.10
2011.06.29 05:00:50.473,0.97619,0.97645,1.50,4.50
2011.06.29 05:00:54.534,0.97618,0.97645,1.50,1.50
2011.06.29 05:00:54.644,0.97611,0.97639,3.25,3.75
2011.06.29 05:00:54.864,0.97611,0.97637,1.50,3.75
2011.06.29 05:00:55.082,0.97607,0.97637,2.50,3.75
2011.06.29 05:00:55.851,0.97608,0.97637,1.75,1.50
2011.06.29 05:00:55.966,0.9761,0.97641,1.50,4.50
2011.06.29 05:01:05.043,0.97608,0.97635,1.75,1.35
2011.06.29 05:01:05.303,0.97608,0.97635,1.75,1.35
2011.06.29 05:01:06.763,0.97606,0.97633,1.75,3.75
2011.06.29 05:01:07.693,0.97606,0.97633,1.75,3.75
2011.06.29 05:01:07.805,0.97604,0.97633,1.75,3.75
2011.06.29 05:01:09.923,0.97603,0.97628,1.75,1.35
2011.06.29 05:01:10.035,0.976,0.97628,1.75,1.35
2011.06.29 05:01:10.253,0.976,0.97624,1.50,1.35
2011.06.29 05:01:10.364,0.976,0.97622,1.50,1.35
2011.06.29 05:01:10.803,0.97597,0.97622,1.50,4.35
2011.06.29 05:01:11.364,0.97597,0.97621,1.50,1.50
2011.06.29 05:01:11.586,0.97592,0.97616,1.75,3.60
2011.06.29 05:01:12.244,0.97581,0.97612,2.50,1.35
2011.06.29 05:01:12.792,0.97587,0.97612,2.63,2.10
2011.06.29 05:01:14.562,0.97587,0.97612,2.63,2.10
2011.06.29 05:01:14.782,0.97587,0.97612,2.63,2.10
2011.06.29 05:01:16.742,0.97582,0.97612,1.50,2.10
2011.06.29 05:01:17.294,0.97582,0.97611,1.50,1.35
2011.06.29 05:01:17.843,0.97582,0.97613,1.50,1.35
2011.06.29 05:01:19.743,0.97581,0.97611,1.13,1.35
2011.06.29 05:01:19.855,0.9758,0.97607,1.50,1.35
2011.06.29 05:01:20.456,0.97581,0.97606,1.50,1.50
2011.06.29 05:01:23.578,0.97576,0.97606,3.62,1.50
2011.06.29 05:01:23.697,0.97574,0.976,3.75,1.35
2011.06.29 05:01:24.036,0.97571,0.97599,1.50,3.60
2011.06.29 05:01:24.144,0.9757,0.97599,1.50,3.60
2011.06.29 05:01:24.693,0.9757,0.97597,1.50,1.35
2011.06.29 05:01:25.835,0.97577,0.97597,1.50,1.35
2011.06.29 05:01:26.165,0.97578,0.97604,1.50,1.35
2011.06.29 05:01:26.494,0.97578,0.97606,2.25,1.50
2011.06.29 05:01:26.825,0.97577,0.97606,2.10,1.50
2011.06.29 05:01:27.042,0.97577,0.97606,2.10,1.50
2011.06.29 05:01:27.493,0.97577,0.97609,2.10,4.35
2011.06.29 05:01:28.153,0.97577,0.97609,2.10,1.35
2011.06.29 05:01:28.372,0.97577,0.97609,2.10,1.35
2011.06.29 05:01:30.275,0.97585,0.97612,1.50,2.10
2011.06.29 05:01:30.494,0.97589,0.97614,1.50,4.13
2011.06.29 05:01:30.714,0.97589,0.9761,1.50,1.50
2011.06.29 05:01:31.153,0.97589,0.9761,1.50,1.50
2011.06.29 05:01:31.375,0.97581,0.97608,3.75,1.35
2011.06.29 05:01:31.922,0.97577,0.97608,2.50,1.35
2011.06.29 05:01:34.643,0.97577,0.97609,2.50,3.75
2011.06.29 05:01:35.854,0.97577,0.97609,2.25,3.75
2011.06.29 05:01:35.964,0.97572,0.97603,1.75,3.60
2011.06.29 05:01:36.184,0.97571,0.97603,1.75,3.60
2011.06.29 05:01:36.732,0.9757,0.97601,1.75,1.35
2011.06.29 05:01:37.393,0.9757,0.97603,1.75,4.50
2011.06.29 05:01:38.934,0.97571,0.97598,1.75,3.60
2011.06.29 05:01:39.401,0.9757,0.97599,1.50,1.50
2011.06.29 05:01:39.514,0.9757,0.976,1.50,2.10
2011.06.29 05:01:40.136,0.9757,0.976,1.50,2.85
2011.06.29 05:01:41.383,0.9757,0.97599,1.50,1.13
2011.06.29 05:01:41.603,0.97569,0.97593,1.50,3.60
2011.06.29 05:01:41.823,0.97564,0.97594,1.50,3.60
2011.06.29 05:01:42.043,0.97564,0.97593,1.50,1.35
2011.06.29 05:01:42.265,0.97565,0.97594,1.50,2.10
2011.06.29 05:01:42.704,0.97567,0.97596,1.13,4.35
2011.06.29 05:01:42.814,0.97568,0.97596,1.50,3.75
2011.06.29 05:01:44.272,0.9757,0.97599,1.50,1.35
2011.06.29 05:01:44.753,0.97578,0.976,1.35,1.50
2011.06.29 05:01:45.083,0.97574,0.97599,1.75,3.00
2011.06.29 05:01:45.194,0.97571,0.97603,2.35,4.35
2011.06.29 05:01:45.304,0.9757,0.97603,1.35,5.10
2011.06.29 05:01:45.413,0.97567,0.97601,5.50,1.35
2011.06.29 05:01:45.852,0.97568,0.97598,1.75,3.60
2011.06.29 05:01:47.594,0.97567,0.97598,1.75,3.00
2011.06.29 05:01:48.243,0.97567,0.97598,1.75,3.60
2011.06.29 05:01:48.792,0.97567,0.97598,1.75,3.00
2011.06.29 05:01:49.124,0.97567,0.97598,4.75,1.35
2011.06.29 05:01:49.343,0.9757,0.97601,1.75,3.00
2011.06.29 05:01:49.453,0.97571,0.97604,1.75,3.75
2011.06.29 05:01:51.583,0.97571,0.97601,1.75,3.00
2011.06.29 05:01:51.913,0.97571,0.97594,1.75,1.50
2011.06.29 05:01:52.835,0.9757,0.97594,1.75,1.50
2011.06.29 05:01:53.382,0.97568,0.97594,1.75,1.50
2011.06.29 05:01:57.963,0.97569,0.97594,1.75,1.50
2011.06.29 05:01:58.182,0.97569,0.97602,1.75,4.35
2011.06.29 05:01:58.634,0.97569,0.97598,1.75,1.35
2011.06.29 05:01:58.973,0.97569,0.97596,1.75,1.50
2011.06.29 05:01:59.583,0.97569,0.97596,1.75,1.50
2011.06.29 05:01:59.695,0.97569,0.97596,4.75,1.50
2011.06.29 05:01:59.803,0.97569,0.97597,4.75,1.35
2011.06.29 05:02:00.134,0.97572,0.97602,4.50,1.50
2011.06.29 05:02:00.244,0.97572,0.97603,4.75,1.35
2011.06.29 05:02:00.573,0.97575,0.97606,1.75,5.25
2011.06.29 05:02:00.684,0.97572,0.97597,1.75,1.50
2011.06.29 05:02:00.904,0.97572,0.97599,1.75,1.50
2011.06.29 05:02:01.124,0.97569,0.97598,1.75,3.60
2011.06.29 05:02:01.234,0.97569,0.97598,1.75,3.00
2011.06.29 05:02:01.562,0.97567,0.97598,1.75,3.60
2011.06.29 05:02:01.672,0.97567,0.97598,1.75,3.00
2011.06.29 05:02:01.783,0.97567,0.97594,1.75,1.50
2011.06.29 05:02:05.293,0.97567,0.97594,1.75,1.50
2011.06.29 05:02:05.513,0.97571,0.97596,1.75,1.35
2011.06.29 05:02:05.733,0.97572,0.97604,1.75,3.75
2011.06.29 05:02:06.284,0.97572,0.97604,1.75,1.35
2011.06.29 05:02:06.614,0.97572,0.97599,1.75,1.50
2011.06.29 05:02:06.832,0.97572,0.976,1.75,1.50
2011.06.29 05:02:07.054,0.97572,0.97603,1.75,3.00
2011.06.29 05:02:07.273,0.97572,0.97594,1.75,1.50
2011.06.29 05:02:07.933,0.97573,0.97602,4.00,1.50
2011.06.29 05:02:08.152,0.97573,0.97604,4.00,2.10
2011.06.29 05:02:08.405,0.97573,0.97604,4.00,1.50
2011.06.29 05:02:09.292,0.9757,0.97599,1.75,3.60
2011.06.29 05:02:09.622,0.9757,0.97594,1.75,1.50
2011.06.29 05:02:14.193,0.97567,0.97593,1.75,1.50
2011.06.29 05:02:17.253,0.97565,0.97592,4.75,1.50
2011.06.29 05:02:17.802,0.97565,0.97592,1.75,1.50
2011.06.29 05:02:18.453,0.97565,0.97592,1.75,1.50
2011.06.29 05:02:19.002,0.97565,0.97592,4.75,1.50
2011.06.29 05:02:24.253,0.97565,0.97592,1.75,1.50
2011.06.29 05:02:24.604,0.97563,0.97592,1.75,1.50
2011.06.29 05:02:29.243,0.97562,0.97592,1.50,1.50
2011.06.29 05:02:29.574,0.97573,0.976,2.25,1.35
2011.06.29 05:02:29.796,0.97574,0.97606,1.37,1.50
2011.06.29 05:02:29.903,0.97576,0.97608,1.50,3.00
2011.06.29 05:02:30.015,0.97578,0.97608,1.75,1.35
2011.06.29 05:02:31.642,0.97578,0.97609,1.75,1.35
2011.06.29 05:02:32.234,0.97578,0.9761,1.75,1.50
2011.06.29 05:02:34.001,0.97578,0.97609,1.75,1.35
2011.06.29 05:02:36.183,0.97578,0.97609,1.75,1.50
2011.06.29 05:02:36.403,0.97579,0.97611,1.75,4.50
2011.06.29 05:02:36.913,0.97578,0.97611,1.75,5.25
2011.06.29 05:02:38.951,0.97578,0.97611,1.75,5.85
2011.06.29 05:02:39.426,0.9758,0.97611,1.75,5.10
2011.06.29 05:02:40.084,0.97579,0.97611,1.75,1.50
2011.06.29 05:02:40.304,0.97581,0.97611,1.50,2.10
2011.06.29 05:02:40.413,0.97581,0.97612,1.75,1.35
2011.06.29 05:02:40.962,0.97581,0.97609,1.75,1.35
2011.06.29 05:02:43.744,0.97581,0.97612,1.75,1.35
2011.06.29 05:02:43.855,0.97584,0.97614,1.88,1.50
2011.06.29 05:02:43.965,0.97584,0.97615,1.88,1.35
2011.06.29 05:02:44.183,0.97586,0.97616,1.50,5.10
2011.06.29 05:02:44.513,0.97586,0.97616,1.88,5.10
2011.06.29 05:02:44.845,0.97593,0.97622,1.50,1.50
2011.06.29 05:02:45.175,0.97593,0.97625,1.50,4.35
2011.06.29 05:02:45.283,0.97591,0.97625,2.35,4.35
2011.06.29 05:02:47.604,0.97591,0.97624,1.75,1.50
2011.06.29 05:02:47.894,0.97591,0.97624,1.75,1.50
2011.06.29 05:02:48.009,0.97596,0.97627,1.75,3.75
2011.06.29 05:02:52.073,0.97597,0.97626,1.50,1.35
2011.06.29 05:02:52.734,0.97599,0.97628,2.25,1.50
2011.06.29 05:02:53.044,0.97598,0.97631,2.50,5.10
2011.06.29 05:02:54.272,0.97599,0.97631,2.50,5.10
2011.06.29 05:02:58.714,0.9761,0.97635,1.50,1.50
2011.06.29 05:02:59.044,0.97613,0.97636,2.25,1.35
2011.06.29 05:02:59.155,0.97615,0.97639,1.50,3.00
2011.06.29 05:02:59.263,0.97615,0.97643,1.50,1.50
2011.06.29 05:02:59.594,0.97615,0.97644,1.75,1.35
2011.06.29 05:03:00.033,0.97613,0.97644,1.75,3.60
2011.06.29 05:03:01.768,0.97613,0.97644,2.50,3.60
2011.06.29 05:03:02.103,0.97619,0.9765,1.75,6.60
2011.06.29 05:03:02.214,0.97623,0.9765,2.25,1.50
2011.06.29 05:03:02.746,0.97623,0.97651,2.50,3.60
2011.06.29 05:03:03.753,0.97624,0.97651,2.50,3.60
2011.06.29 05:03:04.083,0.97636,0.97659,1.50,2.10
2011.06.29 05:03:04.303,0.97636,0.97658,1.50,1.35
2011.06.29 05:03:04.414,0.97628,0.97657,5.50,1.35
2011.06.29 05:03:04.524,0.97626,0.97653,1.75,1.35
2011.06.29 05:03:04.743,0.97626,0.97654,1.75,3.60
2011.06.29 05:03:05.614,0.97632,0.97654,1.50,3.60
2011.06.29 05:03:05.724,0.97635,0.9766,1.50,1.35
2011.06.29 05:03:05.943,0.97635,0.9766,1.50,1.35
2011.06.29 05:03:07.713,0.97635,0.97661,1.50,2.10
2011.06.29 05:03:08.704,0.97636,0.97665,1.50,1.35
2011.06.29 05:03:09.020,0.97636,0.97665,1.50,1.35
2011.06.29 05:03:12.513,0.97637,0.97659,1.50,1.50
2011.06.29 05:03:12.842,0.97635,0.97656,1.75,1.50
2011.06.29 05:03:13.826,0.97635,0.97656,1.75,1.50
2011.06.29 05:03:14.894,0.97641,0.9766,1.50,1.50
2011.06.29 05:03:15.114,0.97637,0.9766,2.12,1.50
2011.06.29 05:03:15.553,0.97642,0.97667,1.50,1.91
2011.06.29 05:03:15.882,0.97643,0.97667,1.75,1.91
2011.06.29 05:03:16.103,0.97641,0.97666,1.75,1.64
2011.06.29 05:03:18.514,0.9764,0.97666,1.75,1.64
2011.06.29 05:03:19.697,0.9764,0.97666,1.75,1.64
2011.06.29 05:03:22.075,0.97651,0.97674,1.50,1.36
2011.06.29 05:03:22.186,0.97651,0.97676,2.63,1.50
2011.06.29 05:03:22.307,0.97661,0.97683,1.22,1.50
2011.06.29 05:03:22.425,0.97661,0.97681,1.73,1.50
2011.06.29 05:03:22.645,0.97661,0.97683,1.73,1.50
2011.06.29 05:03:22.864,0.97657,0.97683,1.50,1.35
2011.06.29 05:03:23.084,0.97652,0.97683,1.75,1.35
2011.06.29 05:03:23.303,0.97651,0.97683,2.35,2.10
2011.06.29 05:03:25.356,0.97649,0.97679,1.75,1.35
2011.06.29 05:03:25.794,0.97647,0.97678,1.75,1.35
2011.06.29 05:03:26.014,0.97645,0.97678,1.75,4.35
2011.06.29 05:03:30.004,0.97644,0.97676,1.60,1.35
2011.06.29 05:03:31.182,0.97644,0.97676,1.60,4.35
2011.06.29 05:03:31.513,0.97644,0.97676,1.60,4.35
2011.06.29 05:03:31.955,0.97644,0.97676,1.60,4.35
2011.06.29 05:03:32.425,0.97644,0.97676,1.60,4.35
2011.06.29 05:03:38.734,0.97642,0.97672,4.00,1.50
2011.06.29 05:03:40.694,0.97649,0.97676,1.75,1.35
2011.06.29 05:03:41.022,0.97649,0.97681,2.50,1.50
2011.06.29 05:03:43.533,0.97649,0.9768,1.75,3.75
2011.06.29 05:03:44.754,0.97649,0.9768,1.75,1.35
2011.06.29 05:03:45.237,0.97643,0.97672,1.75,1.50
2011.06.29 05:03:45.358,0.97642,0.97672,1.37,1.50
2011.06.29 05:03:45.804,0.97639,0.97672,4.60,1.50
2011.06.29 05:03:45.913,0.97639,0.9767,1.60,3.75
2011.06.29 05:03:46.464,0.97636,0.97666,2.50,1.13
2011.06.29 05:03:46.794,0.97636,0.97667,2.50,2.10
2011.06.29 05:03:46.904,0.97634,0.97667,3.75,2.85
2011.06.29 05:03:47.014,0.97632,0.97662,1.75,1.35
2011.06.29 05:03:48.854,0.97638,0.97662,1.50,1.35
2011.06.29 05:03:49.184,0.97635,0.97662,2.12,1.35
2011.06.29 05:03:49.294,0.97635,0.97666,2.50,4.50
2011.06.29 05:03:50.805,0.97637,0.97666,1.50,1.50
2011.06.29 05:03:51.352,0.97637,0.97668,1.50,1.50
2011.06.29 05:03:54.742,0.97637,0.97665,1.50,1.50
2011.06.29 05:03:55.184,0.97638,0.97665,2.25,1.50
2011.06.29 05:03:55.753,0.9764,0.97669,1.50,1.35
2011.06.29 05:04:00.824,0.9764,0.97669,1.75,1.35
2011.06.29 05:04:01.153,0.97639,0.97668,1.75,1.50
2011.06.29 05:04:01.264,0.97638,0.97668,1.75,1.50
2011.06.29 05:04:01.374,0.97639,0.97668,1.75,1.50
2011.06.29 05:04:01.703,0.97647,0.97668,1.50,1.50
2011.06.29 05:04:01.813,0.97647,0.97674,1.50,1.35
2011.06.29 05:04:02.363,0.97647,0.97675,2.50,1.50
2011.06.29 05:04:03.435,0.97646,0.97674,1.60,1.50
2011.06.29 05:04:05.065,0.97645,0.9767,2.35,3.75
2011.06.29 05:04:05.488,0.97638,0.97666,1.75,1.50
2011.06.29 05:04:05.604,0.97638,0.97666,1.75,1.50
2011.06.29 05:04:07.455,0.97643,0.97666,1.35,1.50
2011.06.29 05:04:07.783,0.97646,0.97669,1.50,1.50
2011.06.29 05:04:08.554,0.97646,0.97669,1.50,1.50
2011.06.29 05:04:10.363,0.97646,0.97672,1.50,1.50
2011.06.29 05:04:13.423,0.97646,0.97672,1.50,1.50
2011.06.29 05:04:13.643,0.97643,0.97672,1.35,2.25
2011.06.29 05:04:13.862,0.97643,0.9767,1.35,1.50
2011.06.29 05:04:17.163,0.97639,0.9766,1.35,1.50
2011.06.29 05:04:17.273,0.97634,0.97656,1.88,1.50
2011.06.29 05:04:17.824,0.97634,0.97656,1.88,1.50
2011.06.29 05:04:17.933,0.97629,0.97656,1.50,1.50
2011.06.29 05:04:18.264,0.97634,0.97661,1.50,1.35
2011.06.29 05:04:18.813,0.97635,0.97664,1.35,1.50
2011.06.29 05:04:21.823,0.97635,0.97664,1.35,1.50
2011.06.29 05:04:22.402,0.97635,0.97664,1.35,1.50
2011.06.29 05:04:23.063,0.97635,0.97664,1.35,1.50
2011.06.29 05:04:28.044,0.97635,0.97664,1.35,1.50
2011.06.29 05:04:30.043,0.97632,0.97661,2.50,3.75
2011.06.29 05:04:30.593,0.97632,0.97661,2.50,3.75
2011.06.29 05:04:33.544,0.97632,0.97661,1.75,3.75
2011.06.29 05:04:33.653,0.97632,0.97661,1.75,3.75
2011.06.29 05:04:34.093,0.97631,0.97661,1.60,3.75
2011.06.29 05:04:34.672,0.97631,0.97661,1.60,3.75
2011.06.29 05:04:34.895,0.97636,0.97662,1.35,1.50
2011.06.29 05:04:37.755,0.97634,0.97664,1.60,2.25
2011.06.29 05:04:43.055,0.97632,0.9766,1.75,3.75
2011.06.29 05:04:43.276,0.97628,0.9766,3.85,3.75
2011.06.29 05:04:44.711,0.97628,0.97659,2.10,1.50
2011.06.29 05:04:44.933,0.97628,0.97657,1.35,1.50
2011.06.29 05:04:45.974,0.97628,0.97657,2.10,1.50
2011.06.29 05:04:47.465,0.97627,0.97656,1.75,3.75
2011.06.29 05:04:47.683,0.97626,0.97657,3.62,2.10
2011.06.29 05:04:48.394,0.97626,0.97657,3.62,2.10
2011.06.29 05:04:48.944,0.97626,0.97657,3.62,2.10
2011.06.29 05:04:49.492,0.97626,0.97657,3.62,2.10
2011.06.29 05:04:50.894,0.97626,0.97657,3.62,2.10
2011.06.29 05:04:52.153,0.97627,0.97657,1.75,1.35
2011.06.29 05:04:53.864,0.97632,0.9766,1.35,4.50
2011.06.29 05:04:54.193,0.97632,0.97663,1.35,5.25
2011.06.29 05:04:55.503,0.97632,0.97663,1.60,4.50
2011.06.29 05:04:57.517,0.97632,0.97663,1.60,4.50
2011.06.29 05:04:58.363,0.97632,0.97663,1.60,3.75
2011.06.29 05:05:00.313,0.97634,0.97664,1.75,3.23
2011.06.29 05:05:00.643,0.97639,0.97664,1.13,2.63
2011.06.29 05:05:01.105,0.97639,0.97664,1.13,1.88
2011.06.29 05:05:02.975,0.9764,0.97664,1.13,1.88
2011.06.29 05:05:03.413,0.9764,0.97664,1.13,1.88
2011.06.29 05:05:03.956,0.9764,0.97664,1.13,1.88
2011.06.29 05:05:05.153,0.97639,0.97664,1.13,2.63
2011.06.29 05:05:06.243,0.97641,0.97664,1.88,2.63
2011.06.29 05:05:06.575,0.97644,0.97669,1.35,2.25
2011.06.29 05:05:06.903,0.97644,0.97668,1.35,1.50
2011.06.29 05:05:08.454,0.97644,0.97668,1.35,1.50
2011.06.29 05:05:09.684,0.97639,0.97666,1.75,2.85
2011.06.29 05:05:09.903,0.97634,0.97662,2.10,3.75
2011.06.29 05:05:10.014,0.97634,0.97662,1.35,3.00
2011.06.29 05:05:10.906,0.97634,0.97663,2.10,2.63
2011.06.29 05:05:11.233,0.97634,0.97663,1.35,2.63
2011.06.29 05:05:11.563,0.97634,0.97663,1.35,2.63
2011.06.29 05:05:12.112,0.97634,0.97663,1.35,2.63
2011.06.29 05:05:12.702,0.97634,0.97663,1.35,2.63
2011.06.29 05:05:13.253,0.97634,0.97663,1.35,2.63
2011.06.29 05:05:14.294,0.97634,0.97663,1.35,6.38
2011.06.29 05:05:19.683,0.97639,0.97666,1.50,5.10
2011.06.29 05:05:20.263,0.97639,0.97665,1.50,3.75
2011.06.29 05:05:21.443,0.97639,0.97663,1.50,2.25
2011.06.29 05:05:21.992,0.97639,0.97663,1.50,2.25
2011.06.29 05:05:22.503,0.97638,0.97663,1.50,1.50
2011.06.29 05:05:22.834,0.97634,0.97661,1.35,3.00
2011.06.29 05:05:23.403,0.97634,0.97661,1.35,3.00
2011.06.29 05:05:23.513,0.97634,0.97661,1.35,3.75
2011.06.29 05:05:30.352,0.9763,0.9766,1.75,1.50
2011.06.29 05:05:31.594,0.9763,0.9766,1.75,1.50
2011.06.29 05:05:32.987,0.97634,0.97661,1.35,4.50
2011.06.29 05:05:34.843,0.97634,0.9766,1.35,1.50
2011.06.29 05:05:39.635,0.97634,0.97659,1.35,3.75
2011.06.29 05:05:40.429,0.97628,0.97658,1.35,1.50
2011.06.29 05:05:40.763,0.97628,0.97658,1.35,1.50
2011.06.29 05:05:40.873,0.97628,0.97658,1.35,1.50
2011.06.29 05:05:42.273,0.97628,0.97658,1.35,1.50
2011.06.29 05:05:47.063,0.97627,0.97658,1.75,2.10
2011.06.29 05:05:47.779,0.97626,0.97657,2.50,1.35
2011.06.29 05:05:48.223,0.97626,0.97657,2.50,1.35
2011.06.29 05:05:49.434,0.97626,0.97654,1.75,3.00
2011.06.29 05:05:49.765,0.97626,0.97656,1.75,1.35
2011.06.29 05:05:50.314,0.97626,0.97656,2.50,1.35
2011.06.29 05:05:52.243,0.97626,0.97657,2.50,4.35
2011.06.29 05:05:53.914,0.9763,0.97661,4.13,1.35
2011.06.29 05:05:54.023,0.97631,0.97663,1.50,2.25
2011.06.29 05:05:54.793,0.97631,0.97658,1.50,3.75
2011.06.29 05:05:55.574,0.9763,0.97658,1.35,3.75
2011.06.29 05:06:04.382,0.9763,0.97658,1.35,3.75
2011.06.29 05:06:04.633,0.97629,0.97658,1.60,3.75
2011.06.29 05:06:08.406,0.9763,0.97658,1.35,4.50
2011.06.29 05:06:08.514,0.9763,0.97658,1.35,4.50
2011.06.29 05:06:08.733,0.97626,0.97658,2.12,4.50
2011.06.29 05:06:10.845,0.97626,0.97658,1.75,4.50
2011.06.29 05:06:11.175,0.97631,0.97659,1.35,1.50
2011.06.29 05:06:11.505,0.97631,0.97659,1.35,1.50
2011.06.29 05:06:14.142,0.97631,0.97662,1.60,1.50
2011.06.29 05:06:17.406,0.97631,0.97663,1.60,4.50
2011.06.29 05:06:17.626,0.97635,0.97663,1.50,1.50
2011.06.29 05:06:17.963,0.97639,0.97666,1.50,2.25
2011.06.29 05:06:18.182,0.97639,0.97666,1.50,2.25
2011.06.29 05:06:18.972,0.97639,0.97665,1.50,1.50
2011.06.29 05:06:20.343,0.97639,0.97665,1.50,1.50
2011.06.29 05:06:20.725,0.97638,0.97665,1.50,1.50
2011.06.29 05:06:21.273,0.97636,0.97664,1.35,3.75
2011.06.29 05:06:21.495,0.97633,0.97661,1.50,1.50
2011.06.29 05:06:22.043,0.97631,0.9766,1.60,3.75
2011.06.29 05:06:22.922,0.97631,0.9766,1.60,3.75
2011.06.29 05:06:23.254,0.97631,0.9766,1.60,3.75
2011.06.29 05:06:23.474,0.97631,0.9766,1.60,3.75
2011.06.29 05:06:23.694,0.97631,0.9766,1.60,3.75
2011.06.29 05:06:24.973,0.97633,0.97662,1.50,1.50
2011.06.29 05:06:28.304,0.97634,0.97661,1.50,1.50
2011.06.29 05:06:28.632,0.97634,0.97661,1.50,1.50
2011.06.29 05:06:30.164,0.97631,0.97658,1.60,3.00
2011.06.29 05:06:30.275,0.97631,0.97656,1.35,1.50
2011.06.29 05:06:30.386,0.97625,0.97654,1.35,1.50
2011.06.29 05:06:30.607,0.97619,0.97652,4.00,2.10
2011.06.29 05:06:30.986,0.97619,0.9765,4.00,1.35
2011.06.29 05:06:31.097,0.97622,0.97653,2.35,3.00
2011.06.29 05:06:31.215,0.97623,0.97652,1.50,3.00
2011.06.29 05:06:31.764,0.97622,0.97651,1.35,3.75
2011.06.29 05:06:33.494,0.97622,0.9765,1.35,3.00
2011.06.29 05:06:39.423,0.97622,0.97651,1.35,3.75
2011.06.29 05:06:41.044,0.97627,0.97654,1.35,2.25
2011.06.29 05:06:41.373,0.97627,0.97653,2.10,2.63
2011.06.29 05:06:46.803,0.97627,0.97653,2.10,3.00
2011.06.29 05:06:48.894,0.97627,0.97653,2.10,1.13
2011.06.29 05:06:49.004,0.97627,0.97653,1.35,1.88
2011.06.29 05:06:49.117,0.97625,0.97652,1.50,3.38
2011.06.29 05:06:49.672,0.97622,0.97652,1.75,1.13
2011.06.29 05:06:50.624,0.97632,0.97654,1.50,2.63
2011.06.29 05:06:52.695,0.97632,0.97655,1.50,4.50
2011.06.29 05:06:53.124,0.97631,0.97656,1.50,2.25
2011.06.29 05:07:04.124,0.97632,0.97655,1.50,1.50
2011.06.29 05:07:04.783,0.97631,0.97656,1.50,1.50
2011.06.29 05:07:14.415,0.97628,0.97655,1.35,1.50
2011.06.29 05:07:14.524,0.97628,0.97651,1.35,1.50
2011.06.29 05:07:14.855,0.97619,0.97648,1.50,4.13
2011.06.29 05:07:15.294,0.97621,0.97644,1.50,1.88
2011.06.29 05:07:17.203,0.97621,0.97645,1.50,1.13
2011.06.29 05:07:17.532,0.97619,0.97642,1.50,1.13
2011.06.29 05:07:17.646,0.97611,0.9764,2.63,1.13
2011.06.29 05:07:17.864,0.97611,0.97641,2.63,3.38
2011.06.29 05:07:18.452,0.97609,0.97641,2.35,3.38
2011.06.29 05:07:19.003,0.9761,0.97641,1.50,1.50
2011.06.29 05:07:21.814,0.97612,0.97639,1.50,2.25
2011.06.29 05:07:22.143,0.97611,0.97636,2.25,1.50
2011.06.29 05:07:22.474,0.97611,0.97637,2.25,1.50
2011.06.29 05:07:23.144,0.97611,0.97637,2.25,1.50
2011.06.29 05:07:23.473,0.97613,0.97641,1.50,4.50
2011.06.29 05:07:24.225,0.97621,0.97641,1.50,1.50
2011.06.29 05:07:24.553,0.97617,0.97641,2.10,1.50
2011.06.29 05:07:26.318,0.97617,0.97641,2.10,1.50
2011.06.29 05:07:28.174,0.97611,0.9764,1.50,4.35
2011.06.29 05:07:28.393,0.97611,0.9764,1.50,4.35
2011.06.29 05:07:30.152,0.97611,0.9764,1.50,4.35
2011.06.29 05:07:32.653,0.97617,0.9764,1.50,3.75
2011.06.29 05:07:34.464,0.97611,0.9764,1.50,5.10
2011.06.29 05:07:42.324,0.97611,0.9764,1.50,4.35
2011.06.29 05:07:43.625,0.97611,0.9764,1.50,2.10
2011.06.29 05:07:44.064,0.97612,0.97641,3.10,3.00
2011.06.29 05:07:44.175,0.97613,0.97644,1.37,1.88
2011.06.29 05:07:44.394,0.97616,0.97646,1.50,1.35
2011.06.29 05:07:46.056,0.97618,0.97647,1.60,1.13
2011.06.29 05:07:46.553,0.97618,0.97648,1.35,4.13
2011.06.29 05:07:46.663,0.97618,0.97649,1.35,4.13
2011.06.29 05:07:56.086,0.97618,0.97649,2.10,4.13
2011.06.29 05:07:56.414,0.97625,0.97649,1.50,4.13
2011.06.29 05:07:56.524,0.97625,0.97649,2.10,3.00
2011.06.29 05:07:56.634,0.97625,0.97653,2.10,1.50
2011.06.29 05:07:57.183,0.97625,0.97653,2.10,1.50
2011.06.29 05:07:57.514,0.97625,0.97653,2.10,1.50
2011.06.29 05:07:57.625,0.97625,0.97654,2.35,1.13
2011.06.29 05:07:58.130,0.97628,0.97658,1.75,4.13
2011.06.29 05:07:58.884,0.97628,0.97653,1.50,1.88
2011.06.29 05:07:59.455,0.97628,0.97656,1.50,1.13
2011.06.29 05:07:59.673,0.97628,0.97658,1.50,3.75
2011.06.29 05:08:02.186,0.97632,0.97658,1.50,3.75
2011.06.29 05:08:02.514,0.97632,0.97658,1.50,3.00
2011.06.29 05:08:03.074,0.97632,0.97658,1.50,3.00
2011.06.29 05:08:08.457,0.97632,0.97658,1.50,3.00
2011.06.29 05:08:08.785,0.97632,0.97658,1.50,3.00
2011.06.29 05:08:11.175,0.97632,0.97658,1.50,3.75
2011.06.29 05:08:22.103,0.97627,0.97658,1.75,4.35
2011.06.29 05:08:25.865,0.97631,0.97658,1.50,3.60
2011.06.29 05:08:26.193,0.97631,0.97658,1.75,4.35
2011.06.29 05:08:27.643,0.97627,0.97657,2.50,1.13
2011.06.29 05:08:28.304,0.97627,0.97655,2.50,3.00
2011.06.29 05:08:29.254,0.97627,0.97657,1.50,1.88
2011.06.29 05:08:29.364,0.97628,0.97657,1.50,1.13
2011.06.29 05:08:30.393,0.97629,0.97657,1.50,1.13
2011.06.29 05:08:31.434,0.97629,0.97657,1.50,1.13
2011.06.29 05:08:31.654,0.97629,0.97657,1.50,1.13
2011.06.29 05:08:32.204,0.97629,0.97657,1.50,1.88
2011.06.29 05:08:33.044,0.97627,0.97656,1.50,3.00
2011.06.29 05:08:33.373,0.97627,0.97656,1.50,3.75
2011.06.29 05:08:38.633,0.97629,0.97657,1.50,1.13
2011.06.29 05:08:40.263,0.97629,0.97658,1.75,4.73
2011.06.29 05:08:47.144,0.9763,0.97658,1.50,4.73
2011.06.29 05:08:47.793,0.9763,0.97658,1.50,4.88
2011.06.29 05:08:54.712,0.97625,0.97654,1.60,1.88
2011.06.29 05:08:54.934,0.97625,0.97654,1.35,3.38
2011.06.29 05:08:55.405,0.97625,0.97654,1.35,3.38
2011.06.29 05:08:55.623,0.97625,0.97652,1.35,1.50
2011.06.29 05:08:56.198,0.97625,0.9765,1.35,1.50
2011.06.29 05:08:56.315,0.97616,0.97648,5.72,3.60
2011.06.29 05:08:56.427,0.97616,0.97645,4.22,1.13
2011.06.29 05:08:56.547,0.97616,0.97642,2.10,3.00
2011.06.29 05:08:56.665,0.97611,0.97639,1.75,3.38
2011.06.29 05:08:57.104,0.97612,0.97641,1.50,2.10
2011.06.29 05:08:57.214,0.97612,0.97641,1.50,2.10
2011.06.29 05:08:57.544,0.97618,0.97641,1.35,1.50
2011.06.29 05:08:57.874,0.97618,0.9765,2.10,1.35
2011.06.29 05:08:58.423,0.97619,0.9765,1.75,1.35
2011.06.29 05:08:58.644,0.97621,0.9765,1.13,1.35
2011.06.29 05:08:58.864,0.97622,0.97651,1.75,1.35
2011.06.29 05:08:59.193,0.97618,0.97649,3.10,3.00
2011.06.29 05:08:59.414,0.97619,0.97649,1.75,3.00
2011.06.29 05:09:04.073,0.97627,0.97649,1.75,3.00
2011.06.29 05:09:05.174,0.97627,0.97647,1.75,3.00
2011.06.29 05:09:07.154,0.97626,0.97645,1.75,3.00
2011.06.29 05:09:07.484,0.97622,0.97645,1.75,4.35
2011.06.29 05:09:08.295,0.97621,0.97644,1.75,1.35
2011.06.29 05:09:08.802,0.97621,0.97644,1.75,1.35
2011.06.29 05:09:09.175,0.97621,0.97644,1.75,1.35
2011.06.29 05:09:09.771,0.97621,0.97644,1.75,1.35
2011.06.29 05:09:12.353,0.97622,0.97644,1.75,1.35
2011.06.29 05:09:12.794,0.97623,0.97647,1.75,4.50
2011.06.29 05:09:13.454,0.97623,0.97647,1.75,4.50
2011.06.29 05:09:13.566,0.97622,0.97643,1.75,1.13
2011.06.29 05:09:13.678,0.97622,0.9764,1.50,3.75
2011.06.29 05:09:13.798,0.97619,0.9764,1.75,1.50
2011.06.29 05:09:14.235,0.97618,0.97643,1.75,4.50
2011.06.29 05:09:14.345,0.97619,0.97643,1.75,4.13
2011.06.29 05:09:18.504,0.97618,0.97643,1.75,3.75
2011.06.29 05:09:21.703,0.97615,0.97643,2.35,4.13
2011.06.29 05:09:22.194,0.97615,0.97638,2.35,3.00
2011.06.29 05:09:22.304,0.97616,0.97644,1.75,1.88
2011.06.29 05:09:22.414,0.97616,0.97644,1.75,1.88
2011.06.29 05:09:23.574,0.97617,0.97644,1.75,1.13
2011.06.29 05:09:24.525,0.97617,0.97644,1.75,1.13
2011.06.29 05:09:25.073,0.97619,0.97646,1.75,4.88
2011.06.29 05:09:25.184,0.97619,0.97646,1.75,4.88
2011.06.29 05:09:26.224,0.97619,0.97646,1.75,4.88
2011.06.29 05:09:26.774,0.9762,0.97646,1.75,1.13
2011.06.29 05:09:28.751,0.9762,0.97646,1.75,1.13
2011.06.29 05:09:30.093,0.9762,0.97646,1.75,1.13
2011.06.29 05:09:32.014,0.9762,0.97646,1.75,1.13
2011.06.29 05:09:32.453,0.97619,0.97645,1.60,2.63
2011.06.29 05:09:33.574,0.97613,0.97642,2.35,3.75
2011.06.29 05:09:33.686,0.97613,0.97642,2.35,4.50
2011.06.29 05:09:34.234,0.97613,0.9764,1.60,4.50
2011.06.29 05:09:34.564,0.97613,0.9764,1.60,4.50
2011.06.29 05:09:35.333,0.9761,0.97639,1.50,1.50
2011.06.29 05:09:42.291,0.9761,0.97639,1.50,1.50
2011.06.29 05:09:43.135,0.9761,0.97639,1.50,1.50
2011.06.29 05:09:43.793,0.97609,0.9764,2.35,3.00
2011.06.29 05:09:44.014,0.97612,0.9764,1.50,3.00
2011.06.29 05:09:44.607,0.97616,0.97641,1.13,1.35
2011.06.29 05:09:49.483,0.97617,0.97642,1.50,3.60
2011.06.29 05:09:50.255,0.97616,0.97642,3.38,3.00
2011.06.29 05:09:50.364,0.97616,0.97645,3.38,4.50
2011.06.29 05:09:50.693,0.97616,0.97645,3.38,3.00
2011.06.29 05:09:51.463,0.97616,0.97645,3.38,3.00
2011.06.29 05:09:52.111,0.97616,0.97645,3.38,3.00
2011.06.29 05:09:54.174,0.97616,0.97647,3.38,4.35
2011.06.29 05:09:55.291,0.97616,0.97647,3.38,4.35
2011.06.29 05:10:04.484,0.97617,0.97647,2.63,4.35
2011.06.29 05:10:04.703,0.97617,0.97647,2.63,4.35
2011.06.29 05:10:04.814,0.97617,0.97647,2.63,5.10
2011.06.29 05:10:05.234,0.97617,0.97644,2.63,1.50
2011.06.29 05:10:05.343,0.97616,0.97643,2.63,1.50
2011.06.29 05:10:05.454,0.97616,0.97642,2.63,2.10
2011.06.29 05:10:06.413,0.97616,0.97639,2.63,1.50
2011.06.29 05:10:07.073,0.97616,0.97638,1.88,1.50
2011.06.29 05:10:07.514,0.97611,0.97636,1.13,4.50
2011.06.29 05:10:07.734,0.97607,0.97636,3.38,4.50
2011.06.29 05:10:08.985,0.97607,0.97633,3.38,3.75
2011.06.29 05:10:09.534,0.97606,0.97631,2.63,2.10
2011.06.29 05:10:09.754,0.97606,0.97631,2.63,2.10
2011.06.29 05:10:09.974,0.97606,0.97631,2.63,1.35
2011.06.29 05:10:10.855,0.97611,0.97633,1.13,3.75
2011.06.29 05:10:11.184,0.97624,0.97645,1.50,3.00
2011.06.29 05:10:11.514,0.97626,0.97651,1.35,1.50
2011.06.29 05:10:11.624,0.97626,0.97651,2.10,1.50
2011.06.29 05:10:12.185,0.97627,0.97653,1.50,3.38
2011.06.29 05:10:12.855,0.97629,0.97654,1.50,3.75
2011.06.29 05:10:14.584,0.97629,0.97652,1.75,1.35
2011.06.29 05:10:14.695,0.97622,0.97652,3.62,1.35
2011.06.29 05:10:14.805,0.97622,0.97652,1.75,1.35
2011.06.29 05:10:15.136,0.97622,0.97652,1.75,1.35
2011.06.29 05:10:15.794,0.97621,0.97651,1.75,3.75
2011.06.29 05:10:19.583,0.97621,0.97651,1.75,3.75
2011.06.29 05:10:19.803,0.97621,0.97651,1.75,3.75
2011.06.29 05:10:20.719,0.97621,0.97651,1.75,3.75
2011.06.29 05:10:25.195,0.97622,0.97651,1.75,3.75
2011.06.29 05:10:29.974,0.97625,0.97652,1.50,1.35
2011.06.29 05:10:31.475,0.97624,0.97649,1.50,1.50
2011.06.29 05:10:31.927,0.97614,0.97638,2.50,1.35
2011.06.29 05:10:32.050,0.97607,0.97638,3.62,1.35
2011.06.29 05:10:32.166,0.97606,0.97638,1.75,2.48
2011.06.29 05:10:32.276,0.97604,0.97637,2.35,4.50
2011.06.29 05:10:32.824,0.97606,0.97636,1.75,3.00
2011.06.29 05:10:33.155,0.97606,0.97636,1.50,3.75
2011.06.29 05:10:33.722,0.97604,0.97636,2.35,3.75
2011.06.29 05:10:52.443,0.97604,0.97632,1.60,3.00
2011.06.29 05:10:53.357,0.97604,0.97631,1.60,3.00
2011.06.29 05:10:53.758,0.97597,0.97624,2.63,4.35
2011.06.29 05:10:54.094,0.9759,0.9762,1.75,3.75
2011.06.29 05:10:54.205,0.97589,0.9762,1.60,3.75
2011.06.29 05:10:54.315,0.97591,0.97622,1.75,4.13
2011.06.29 05:10:54.647,0.97589,0.97621,1.75,3.75
2011.06.29 05:10:54.975,0.97595,0.97625,1.35,1.50
2011.06.29 05:10:55.534,0.97595,0.97626,1.35,1.50
2011.06.29 05:10:56.234,0.97593,0.97624,2.12,1.35
2011.06.29 05:10:56.564,0.97591,0.97618,1.88,1.50
2011.06.29 05:10:56.673,0.97591,0.97618,1.88,1.50
2011.06.29 05:10:57.004,0.97594,0.97624,1.35,4.50
2011.06.29 05:10:57.334,0.97596,0.97624,1.50,3.75
2011.06.29 05:10:57.904,0.97598,0.97627,1.35,1.50
2011.06.29 05:10:58.621,0.97598,0.97628,1.35,4.50
2011.06.29 05:11:04.024,0.97598,0.97625,1.35,3.75
2011.06.29 05:11:04.245,0.97597,0.97625,2.12,5.10
2011.06.29 05:11:04.793,0.97597,0.97624,1.50,3.75
2011.06.29 05:11:05.124,0.97594,0.97624,1.37,3.75
2011.06.29 05:11:08.873,0.97594,0.97621,1.37,3.00
2011.06.29 05:11:09.424,0.97592,0.97621,2.12,3.00
2011.06.29 05:11:18.594,0.97592,0.97621,1.37,4.50
2011.06.29 05:11:22.043,0.97596,0.97621,1.75,3.75
2011.06.29 05:11:22.534,0.97595,0.97619,1.75,4.50
2011.06.29 05:11:22.646,0.97591,0.97614,2.35,1.13
2011.06.29 05:11:22.864,0.97586,0.97611,1.75,5.25
2011.06.29 05:11:22.976,0.97586,0.97611,1.75,5.63
2011.06.29 05:11:23.416,0.97583,0.97607,1.75,1.73
2011.06.29 05:11:23.636,0.97581,0.97607,2.87,1.35
2011.06.29 05:11:23.857,0.97587,0.9761,2.87,3.75
2011.06.29 05:11:24.074,0.97589,0.97615,1.75,2.10
2011.06.29 05:11:24.624,0.97589,0.97615,1.75,2.10
2011.06.29 05:11:28.126,0.97595,0.97618,1.75,3.75
2011.06.29 05:11:30.744,0.97595,0.97619,1.75,1.50
2011.06.29 05:11:31.565,0.97603,0.97623,1.50,1.13
2011.06.29 05:11:31.674,0.97603,0.97624,1.50,2.25
2011.06.29 05:11:32.464,0.97603,0.97624,1.50,2.25
2011.06.29 05:11:32.685,0.97603,0.9762,1.50,3.75
2011.06.29 05:11:32.905,0.97592,0.97622,1.35,2.25
2011.06.29 05:11:33.015,0.97592,0.97622,2.10,1.50
2011.06.29 05:11:34.115,0.97587,0.97619,2.35,1.35
2011.06.29 05:11:34.693,0.97591,0.97617,1.50,3.75
2011.06.29 05:11:35.614,0.97597,0.97618,1.50,1.50
2011.06.29 05:11:35.724,0.97597,0.97622,1.50,1.50
2011.06.29 05:11:39.345,0.97597,0.97618,1.50,1.50
2011.06.29 05:11:39.457,0.97597,0.97615,1.50,1.73
2011.06.29 05:11:39.784,0.97587,0.97615,1.50,5.48
2011.06.29 05:11:40.344,0.97586,0.97615,1.50,5.48
2011.06.29 05:11:42.106,0.97587,0.97615,2.10,3.75
2011.06.29 05:11:42.474,0.97587,0.97618,2.85,1.50
2011.06.29 05:11:42.596,0.97587,0.97619,2.85,3.75
2011.06.29 05:11:42.933,0.97587,0.97619,2.85,3.75
2011.06.29 05:11:45.226,0.97587,0.97619,2.85,3.75
2011.06.29 05:11:45.775,0.97587,0.97619,2.85,3.75
2011.06.29 05:11:50.559,0.97587,0.97619,2.85,3.75
2011.06.29 05:11:51.118,0.97586,0.97615,1.75,1.73
2011.06.29 05:11:51.455,0.97586,0.97611,1.50,1.13
2011.06.29 05:11:52.115,0.97588,0.97612,1.50,1.13
2011.06.29 05:11:52.556,0.97588,0.97613,1.50,1.50
2011.06.29 05:11:53.105,0.97588,0.97612,1.50,1.13
2011.06.29 05:11:55.176,0.97581,0.9761,2.35,3.38
2011.06.29 05:11:55.395,0.9758,0.9761,1.75,3.98
2011.06.29 05:11:55.507,0.97577,0.97608,2.25,1.73
2011.06.29 05:11:55.624,0.97577,0.97608,1.50,1.73
2011.06.29 05:11:55.954,0.97576,0.97605,2.35,1.13
2011.06.29 05:11:57.884,0.97587,0.97608,1.50,1.35
2011.06.29 05:11:58.216,0.97587,0.97609,1.50,3.60
2011.06.29 05:11:58.326,0.97579,0.97608,1.13,1.35
2011.06.29 05:11:58.875,0.97578,0.97608,1.50,2.48
2011.06.29 05:12:00.345,0.97578,0.97608,1.50,2.48
2011.06.29 05:12:01.114,0.97578,0.97607,1.50,1.50
2011.06.29 05:12:01.995,0.9759,0.97607,1.50,1.50
2011.06.29 05:12:02.104,0.9759,0.97609,1.50,3.00
2011.06.29 05:12:02.324,0.9759,0.97614,1.50,1.50
2011.06.29 05:12:02.545,0.9759,0.97615,1.50,1.88
2011.06.29 05:12:03.534,0.9759,0.97613,1.50,1.13
2011.06.29 05:12:04.618,0.97589,0.97613,1.50,1.13
2011.06.29 05:12:06.365,0.97589,0.97612,1.50,1.13
2011.06.29 05:12:06.724,0.97581,0.97604,2.63,5.63
2011.06.29 05:12:06.836,0.97574,0.97604,2.25,6.00
2011.06.29 05:12:07.053,0.97576,0.97604,1.50,6.75
2011.06.29 05:12:07.383,0.97576,0.97604,1.50,6.75
2011.06.29 05:12:07.714,0.97578,0.97604,1.50,2.63
2011.06.29 05:12:07.825,0.97582,0.97606,1.35,3.00
2011.06.29 05:12:07.934,0.97582,0.9761,1.35,1.88
2011.06.29 05:12:08.044,0.97582,0.9761,1.35,1.50
2011.06.29 05:12:08.374,0.97582,0.9761,2.10,1.50
2011.06.29 05:12:08.834,0.97582,0.9761,2.10,1.50
2011.06.29 05:12:13.014,0.97582,0.9761,2.10,1.50
2011.06.29 05:12:13.345,0.97582,0.97611,2.10,1.13
2011.06.29 05:12:14.044,0.97582,0.97611,2.10,1.13
2011.06.29 05:12:20.745,0.97588,0.97614,1.50,2.63
2011.06.29 05:12:30.412,0.9759,0.97613,1.50,1.88
2011.06.29 05:12:34.303,0.9759,0.97615,1.50,1.13
2011.06.29 05:12:44.093,0.97582,0.97613,2.35,1.88
2011.06.29 05:13:00.004,0.97582,0.97613,2.35,2.63
2011.06.29 05:13:00.334,0.97582,0.97604,2.35,1.88
2011.06.29 05:13:12.715,0.97582,0.97604,2.35,1.88
2011.06.29 05:13:14.135,0.97582,0.97603,2.35,1.88
2011.06.29 05:13:15.794,0.97582,0.97603,2.35,1.88
2011.06.29 05:13:16.238,0.97583,0.97601,1.50,1.50
2011.06.29 05:13:23.684,0.97583,0.97604,1.50,1.50
2011.06.29 05:13:28.565,0.97583,0.97613,1.50,1.50
2011.06.29 05:13:34.334,0.97583,0.97613,1.50,1.50
2011.06.29 05:13:43.335,0.97583,0.97613,1.50,1.50
2011.06.29 05:13:43.904,0.97582,0.97613,1.50,1.50
2011.06.29 05:13:55.275,0.97582,0.97609,1.50,1.35
2011.06.29 05:13:55.714,0.97583,0.97606,1.50,1.35
2011.06.29 05:13:56.083,0.97583,0.97604,1.50,1.50
2011.06.29 05:13:56.744,0.97583,0.97604,1.50,1.50
2011.06.29 05:13:56.855,0.97583,0.97607,1.50,1.50
2011.06.29 05:13:57.915,0.97584,0.97605,1.50,3.00
2011.06.29 05:13:58.026,0.97581,0.97611,1.50,1.35
2011.06.29 05:13:58.135,0.97584,0.97612,1.50,2.10
2011.06.29 05:13:58.355,0.97583,0.97611,1.50,1.35
2011.06.29 05:13:58.684,0.97583,0.9761,1.50,1.50
2011.06.29 05:13:59.454,0.97579,0.97605,2.10,1.13
2011.06.29 05:13:59.565,0.97576,0.97598,1.73,1.50
2011.06.29 05:13:59.786,0.97578,0.97607,1.50,1.50
2011.06.29 05:14:00.114,0.97577,0.97603,2.48,1.50
2011.06.29 05:14:00.225,0.97582,0.97607,1.35,1.50
2011.06.29 05:14:00.334,0.97581,0.97608,1.35,1.50
2011.06.29 05:14:00.555,0.97582,0.97608,1.35,1.50
2011.06.29 05:14:00.994,0.97582,0.97609,1.35,1.50
2011.06.29 05:14:04.394,0.97582,0.97608,1.35,1.50
2011.06.29 05:14:10.204,0.97582,0.97609,2.10,4.50
2011.06.29 05:14:17.866,0.97581,0.97605,1.50,1.50
2011.06.29 05:14:18.414,0.97581,0.97605,1.50,1.50
2011.06.29 05:14:19.405,0.97581,0.97606,1.50,1.50
2011.06.29 05:14:19.955,0.9758,0.97606,1.50,1.50
2011.06.29 05:14:25.836,0.9758,0.97607,1.50,1.50
2011.06.29 05:14:32.914,0.97581,0.97605,1.50,1.50
2011.06.29 05:14:33.464,0.97582,0.97608,1.50,1.50
2011.06.29 05:14:34.724,0.97581,0.97607,1.50,1.50
2011.06.29 05:14:34.945,0.97581,0.97605,1.50,1.50
2011.06.29 05:14:35.164,0.97583,0.97607,1.50,1.50
2011.06.29 05:14:35.603,0.97581,0.97607,1.50,1.50
2011.06.29 05:14:42.344,0.97581,0.97607,1.50,1.50
2011.06.29 05:14:53.694,0.97581,0.97607,1.50,1.50
2011.06.29 05:14:55.394,0.97581,0.97604,1.50,1.50
2011.06.29 05:14:55.950,0.97581,0.97606,1.50,1.50
2011.06.29 05:14:57.284,0.97581,0.97603,1.50,1.50
2011.06.29 05:14:58.134,0.97581,0.97607,1.50,1.50
2011.06.29 05:15:01.199,0.9758,0.97607,1.75,1.50
2011.06.29 05:15:01.864,0.9758,0.97603,1.75,1.50
2011.06.29 05:15:03.485,0.97579,0.97603,2.25,2.25
2011.06.29 05:15:03.924,0.9758,0.97603,1.50,1.50
2011.06.29 05:15:05.520,0.9758,0.97607,1.50,1.50
2011.06.29 05:15:17.215,0.97577,0.97607,3.62,2.25
2011.06.29 05:15:24.363,0.97581,0.97606,1.50,1.50
2011.06.29 05:15:25.394,0.97581,0.97606,1.50,1.50
2011.06.29 05:15:25.833,0.97575,0.97604,1.75,6.38
2011.06.29 05:15:26.054,0.97575,0.97603,1.75,1.35
2011.06.29 05:15:28.146,0.97576,0.97607,3.85,1.50
2011.06.29 05:15:28.753,0.97576,0.97607,3.85,1.50
2011.06.29 05:15:33.938,0.97586,0.97609,1.50,3.00
2011.06.29 05:15:34.265,0.97586,0.97613,1.50,2.63
2011.06.29 05:15:34.787,0.97586,0.97613,1.50,2.63
2011.06.29 05:15:40.536,0.97588,0.97612,1.50,1.50
2011.06.29 05:15:42.530,0.97587,0.97613,1.50,2.63
2011.06.29 05:15:43.415,0.97584,0.97612,1.50,1.50
2011.06.29 05:15:46.105,0.97583,0.97612,1.50,1.50
2011.06.29 05:15:52.045,0.97586,0.97614,1.50,2.63
2011.06.29 05:16:00.244,0.97586,0.97613,1.50,2.63
2011.06.29 05:16:00.589,0.97584,0.97606,1.75,1.50
2011.06.29 05:16:01.146,0.97582,0.97606,1.50,1.50
2011.06.29 05:16:01.366,0.97584,0.97611,1.50,1.35
2011.06.29 05:16:01.587,0.97585,0.97611,1.50,2.10
2011.06.29 05:16:02.135,0.97587,0.97611,1.50,1.35
2011.06.29 05:16:05.155,0.97584,0.97609,1.50,1.50
2011.06.29 05:16:05.375,0.97582,0.97611,1.50,4.35
2011.06.29 05:16:05.958,0.97584,0.97611,1.50,5.10
2011.06.29 05:16:10.565,0.97584,0.97607,1.50,1.13
2011.06.29 05:16:14.585,0.97584,0.97611,1.50,5.10
2011.06.29 05:16:14.818,0.97584,0.97607,1.50,1.13
2011.06.29 05:16:19.854,0.97585,0.97609,1.50,1.13
2011.06.29 05:16:19.965,0.97585,0.97607,1.50,1.13
2011.06.29 05:16:21.244,0.97584,0.97607,1.50,1.13
2011.06.29 05:16:24.635,0.97585,0.97607,1.50,1.13
2011.06.29 05:16:25.236,0.97584,0.97608,1.50,1.50
2011.06.29 05:16:25.346,0.97584,0.97605,1.50,1.13
2011.06.29 05:16:29.120,0.97584,0.97605,1.50,1.13
2011.06.29 05:16:38.927,0.97584,0.97608,1.50,1.88
2011.06.29 05:16:39.255,0.97584,0.97608,1.50,1.50
2011.06.29 05:16:39.586,0.97584,0.97608,1.50,1.88
2011.06.29 05:16:40.195,0.97584,0.97608,1.50,1.13
2011.06.29 05:16:40.907,0.97581,0.97603,1.50,1.88
2011.06.29 05:16:51.427,0.9758,0.97604,1.75,1.88
2011.06.29 05:16:51.645,0.97583,0.97608,1.50,1.13
2011.06.29 05:16:54.145,0.97585,0.97608,1.50,1.13
2011.06.29 05:16:54.489,0.97585,0.97608,1.50,1.13
2011.06.29 05:16:55.145,0.97585,0.97603,1.50,1.88
2011.06.29 05:16:55.811,0.97585,0.97607,1.50,1.13
2011.06.29 05:16:56.489,0.97585,0.97603,1.50,1.88
2011.06.29 05:16:57.016,0.97585,0.97607,1.50,1.13
2011.06.29 05:16:57.565,0.97585,0.97604,1.75,1.88
2011.06.29 05:16:58.115,0.97585,0.97603,1.75,1.88
2011.06.29 05:17:01.305,0.97586,0.97609,2.50,1.13
2011.06.29 05:17:01.635,0.97586,0.9761,2.87,1.50
2011.06.29 05:17:01.856,0.97586,0.9761,2.50,1.50
2011.06.29 05:17:05.517,0.9759,0.97612,1.60,2.25
2011.06.29 05:17:05.628,0.97591,0.97612,2.50,1.50
2011.06.29 05:17:05.738,0.97591,0.97619,2.50,1.50
2011.06.29 05:17:05.847,0.97593,0.97619,1.75,1.50
2011.06.29 05:17:06.066,0.97593,0.97619,1.75,1.50
2011.06.29 05:17:06.396,0.97595,0.97621,1.75,5.25
2011.06.29 05:17:07.616,0.97595,0.97618,1.75,1.50
2011.06.29 05:17:10.060,0.97598,0.97619,1.75,1.50
2011.06.29 05:17:10.616,0.97596,0.97614,1.75,1.88
2011.06.29 05:17:11.605,0.97594,0.97613,1.75,1.88
2011.06.29 05:17:12.796,0.97594,0.97618,1.75,1.50
2011.06.29 05:17:12.906,0.97593,0.97618,1.75,1.50
2011.06.29 05:17:13.345,0.97598,0.97621,1.75,2.25
2011.06.29 05:17:13.565,0.97598,0.97621,1.75,1.50
2011.06.29 05:17:14.255,0.97595,0.9762,1.75,1.13
2011.06.29 05:17:14.815,0.97595,0.97613,1.75,1.88
2011.06.29 05:17:16.309,0.97594,0.97613,1.75,1.88
2011.06.29 05:17:16.977,0.97592,0.97613,1.75,1.88
2011.06.29 05:17:17.196,0.97593,0.97613,1.75,1.88
2011.06.29 05:17:17.416,0.97595,0.97619,1.50,1.50
2011.06.29 05:17:17.747,0.97595,0.97614,1.50,1.88
2011.06.29 05:17:18.405,0.97593,0.97614,1.75,1.88
2011.06.29 05:17:18.656,0.97594,0.97613,1.37,1.50
2011.06.29 05:17:18.876,0.97595,0.9762,1.50,1.50
2011.06.29 05:17:19.207,0.97597,0.97619,1.37,1.50
2011.06.29 05:17:20.195,0.97597,0.97621,2.12,1.50
2011.06.29 05:17:22.006,0.97596,0.97622,2.87,1.50
2011.06.29 05:17:22.226,0.97597,0.97622,3.62,1.50
2011.06.29 05:17:24.876,0.97602,0.97627,1.75,1.50
2011.06.29 05:17:24.986,0.97604,0.97632,1.35,1.50
2011.06.29 05:17:25.095,0.97604,0.97635,1.35,6.00
2011.06.29 05:17:25.316,0.97605,0.97637,1.75,3.60
2011.06.29 05:17:25.954,0.97605,0.97636,1.75,1.35
2011.06.29 05:17:27.406,0.97605,0.9763,1.75,3.75
2011.06.29 05:17:27.516,0.97603,0.97628,1.60,1.50
2011.06.29 05:17:27.626,0.97603,0.97628,1.75,1.50
2011.06.29 05:17:29.478,0.97602,0.97627,2.50,3.75
2011.06.29 05:17:29.696,0.976,0.97627,1.75,4.50
2011.06.29 05:17:30.655,0.976,0.97627,1.75,4.50
2011.06.29 05:17:31.206,0.97602,0.97627,1.75,3.75
2011.06.29 05:17:31.316,0.97598,0.97623,1.75,1.50
2011.06.29 05:17:31.942,0.97597,0.97623,1.75,1.50
2011.06.29 05:17:32.946,0.97594,0.97623,1.60,6.38
2011.06.29 05:17:33.362,0.97594,0.97613,1.35,1.88
2011.06.29 05:17:33.586,0.97594,0.97623,1.60,6.38
2011.06.29 05:17:33.698,0.97594,0.97623,1.60,2.63
2011.06.29 05:17:44.235,0.97595,0.97626,1.75,4.35
2011.06.29 05:17:58.035,0.97598,0.97626,1.75,4.35
2011.06.29 05:17:58.625,0.97598,0.97626,1.75,4.35
2011.06.29 05:17:59.835,0.97596,0.97626,1.75,4.35
2011.06.29 05:18:02.265,0.97596,0.97626,1.75,4.35
2011.06.29 05:18:02.755,0.97596,0.97626,1.75,4.35
2011.06.29 05:18:09.378,0.97601,0.97628,1.75,1.50
2011.06.29 05:18:09.926,0.97601,0.97628,1.75,1.50
2011.06.29 05:18:11.626,0.97601,0.97628,1.75,1.50
2011.06.29 05:18:16.827,0.97603,0.97628,1.75,1.50
2011.06.29 05:18:27.937,0.976,0.97628,1.75,1.50
2011.06.29 05:18:28.266,0.976,0.97623,1.75,1.50
2011.06.29 05:18:28.487,0.97597,0.97621,2.50,1.50
2011.06.29 05:18:28.707,0.97594,0.9762,1.75,4.50
2011.06.29 05:18:28.815,0.97593,0.9762,1.75,4.50
2011.06.29 05:18:29.145,0.97593,0.97621,1.75,2.10
2011.06.29 05:18:29.476,0.97596,0.97623,1.75,2.25
2011.06.29 05:18:29.585,0.97596,0.97623,1.75,2.25
2011.06.29 05:18:30.137,0.97597,0.97623,1.75,2.25
2011.06.29 05:18:30.548,0.976,0.97625,1.75,3.75
2011.06.29 05:18:31.105,0.97601,0.97627,1.75,3.75
2011.06.29 05:18:34.695,0.97601,0.97627,1.75,3.75
2011.06.29 05:18:34.916,0.97601,0.97628,2.50,1.50
2011.06.29 05:18:35.136,0.97602,0.9763,1.75,1.50
2011.06.29 05:18:53.696,0.97605,0.97629,1.75,1.50
2011.06.29 05:18:55.917,0.97607,0.97632,1.75,1.50
2011.06.29 05:18:56.136,0.97609,0.9764,1.60,1.50
2011.06.29 05:18:56.248,0.97609,0.97641,1.60,5.10
2011.06.29 05:18:56.688,0.97615,0.97643,1.13,4.50
2011.06.29 05:18:56.908,0.97616,0.97646,1.75,2.25
2011.06.29 05:18:57.291,0.97617,0.97647,1.75,3.75
2011.06.29 05:18:59.466,0.9762,0.97647,1.75,3.00
2011.06.29 05:18:59.796,0.97617,0.97646,1.75,3.75
2011.06.29 05:19:04.077,0.97614,0.97641,1.60,1.50
2011.06.29 05:19:04.189,0.97613,0.97641,1.75,4.50
2011.06.29 05:19:04.416,0.9761,0.97638,2.35,3.75
2011.06.29 05:19:04.765,0.9761,0.97638,2.35,3.75
2011.06.29 05:19:05.376,0.9761,0.97638,2.35,3.75
2011.06.29 05:19:22.088,0.9761,0.97638,2.35,3.75
2011.06.29 05:19:22.415,0.9761,0.97638,2.35,3.75
2011.06.29 05:19:24.676,0.97608,0.97637,1.75,1.35
2011.06.29 05:19:24.896,0.97606,0.97637,1.75,1.35
2011.06.29 05:19:25.335,0.97606,0.97637,1.75,1.35
2011.06.29 05:19:25.896,0.97606,0.97633,1.75,1.88
2011.06.29 05:19:28.486,0.97606,0.97637,1.75,1.35
2011.06.29 05:19:28.816,0.97606,0.97638,1.75,5.85
2011.06.29 05:19:29.146,0.97606,0.97634,1.75,1.50
2011.06.29 05:19:29.846,0.97607,0.97633,1.75,1.88
2011.06.29 05:19:30.395,0.97607,0.97637,1.75,1.35
2011.06.29 05:19:30.946,0.97607,0.97634,1.75,1.88
2011.06.29 05:19:31.275,0.97607,0.97634,1.75,1.88
2011.06.29 05:19:31.747,0.97607,0.97634,1.75,1.88
2011.06.29 05:19:32.426,0.97607,0.97631,1.75,3.75
2011.06.29 05:19:32.535,0.97607,0.97631,1.75,3.75
2011.06.29 05:19:32.975,0.97605,0.97637,1.75,1.35
2011.06.29 05:19:33.525,0.97608,0.97637,1.75,1.35
2011.06.29 05:19:33.965,0.97608,0.97633,1.75,1.88
2011.06.29 05:19:34.075,0.97608,0.97633,1.75,1.88
2011.06.29 05:19:34.666,0.97608,0.97633,1.75,1.88
2011.06.29 05:19:34.886,0.97608,0.97638,1.75,4.35
2011.06.29 05:19:35.296,0.97608,0.97633,1.75,1.88
2011.06.29 05:19:35.808,0.97608,0.97637,1.75,1.35
2011.06.29 05:19:36.135,0.97608,0.97634,1.75,1.88
2011.06.29 05:19:38.036,0.97608,0.97637,1.75,1.35
2011.06.29 05:19:38.145,0.97608,0.97638,1.75,5.10
2011.06.29 05:19:50.029,0.9761,0.97638,1.75,1.50
2011.06.29 05:19:50.585,0.97614,0.97641,1.75,3.75
2011.06.29 05:19:52.148,0.97614,0.97638,1.75,3.75
2011.06.29 05:19:53.665,0.97614,0.97632,1.75,1.50
2011.06.29 05:19:53.777,0.97609,0.97632,1.75,1.50
2011.06.29 05:19:54.105,0.97608,0.97631,1.75,1.50
2011.06.29 05:20:02.087,0.97606,0.97629,1.75,1.50
2011.06.29 05:20:05.935,0.97606,0.97629,1.75,1.50
2011.06.29 05:20:19.326,0.97606,0.97631,1.75,2.25
2011.06.29 05:20:19.845,0.97606,0.97631,1.75,1.50
2011.06.29 05:20:20.395,0.97606,0.97631,1.75,1.50
2011.06.29 05:20:30.776,0.97606,0.97631,1.75,2.25
2011.06.29 05:20:31.325,0.97606,0.9763,1.75,3.75
2011.06.29 05:20:35.305,0.97606,0.9763,1.75,3.75
2011.06.29 05:20:36.216,0.97606,0.9763,1.75,3.75
2011.06.29 05:20:52.864,0.97607,0.9763,1.75,3.75
2011.06.29 05:20:59.674,0.97607,0.9763,1.75,3.75
2011.06.29 05:21:06.825,0.97607,0.97632,1.75,1.50
2011.06.29 05:21:07.046,0.97608,0.97631,1.75,3.75
2011.06.29 05:21:07.156,0.97608,0.97631,1.75,3.75
2011.06.29 05:21:07.705,0.97608,0.97631,1.75,3.75
2011.06.29 05:21:08.397,0.97608,0.97631,1.75,3.75
2011.06.29 05:21:08.617,0.97609,0.97633,1.35,3.75
2011.06.29 05:21:08.836,0.97606,0.97639,2.50,3.60
2011.06.29 05:21:08.945,0.97606,0.97633,2.50,1.88
2011.06.29 05:21:11.497,0.97606,0.97638,4.37,1.35
2011.06.29 05:21:24.328,0.97618,0.9764,3.00,1.35
2011.06.29 05:21:24.656,0.97618,0.97642,3.75,3.60
2011.06.29 05:21:24.767,0.97613,0.97642,3.75,1.50
2011.06.29 05:21:24.986,0.97612,0.97644,5.35,3.98
2011.06.29 05:21:25.955,0.97613,0.97643,1.50,1.50
2011.06.29 05:21:27.155,0.97614,0.97644,1.50,1.35
2011.06.29 05:21:30.957,0.97614,0.97645,1.75,1.35
2011.06.29 05:21:32.866,0.97616,0.97645,2.87,1.35
2011.06.29 05:21:33.916,0.97616,0.97645,2.87,1.35
2011.06.29 05:21:34.466,0.97617,0.97647,1.60,3.00
2011.06.29 05:21:35.016,0.97617,0.97644,1.60,1.88
2011.06.29 05:21:35.695,0.97617,0.97645,3.10,1.88
2011.06.29 05:21:35.975,0.97617,0.97645,1.60,1.50
2011.06.29 05:21:38.267,0.97615,0.97646,1.75,1.50
2011.06.29 05:21:38.486,0.97614,0.97643,3.10,1.88
2011.06.29 05:21:39.586,0.97614,0.97643,2.10,1.88
2011.06.29 05:21:41.515,0.97616,0.97644,2.63,4.50
2011.06.29 05:21:43.156,0.97616,0.97644,2.63,3.75
2011.06.29 05:21:45.806,0.97616,0.97645,2.87,1.50
2011.06.29 05:21:46.262,0.97616,0.97647,2.87,5.25
2011.06.29 05:21:52.316,0.97616,0.97645,1.75,1.50
2011.06.29 05:21:55.005,0.97614,0.97645,3.10,1.50
2011.06.29 05:21:55.447,0.97617,0.97645,2.63,1.50
2011.06.29 05:22:06.806,0.97617,0.97645,2.63,2.25
2011.06.29 05:22:07.136,0.97617,0.9764,2.63,1.50
2011.06.29 05:22:07.744,0.97617,0.97641,2.63,1.50
2011.06.29 05:22:08.565,0.97617,0.97643,2.63,4.50
2011.06.29 05:22:08.895,0.97619,0.97647,1.35,1.50
2011.06.29 05:22:11.615,0.97619,0.97647,1.35,1.50
2011.06.29 05:22:12.165,0.97619,0.97642,1.35,1.50
2011.06.29 05:22:25.418,0.97619,0.97643,1.35,3.00
2011.06.29 05:22:25.530,0.97619,0.97648,1.35,4.50
2011.06.29 05:22:28.446,0.97619,0.97648,1.60,3.00
2011.06.29 05:22:29.006,0.97619,0.9765,1.60,4.50
2011.06.29 05:22:30.506,0.97621,0.97651,1.75,1.35
2011.06.29 05:22:31.055,0.97619,0.97651,1.60,2.10
2011.06.29 05:22:32.876,0.97619,0.97646,1.75,1.35
2011.06.29 05:22:32.986,0.97617,0.97643,2.63,3.75
2011.06.29 05:22:37.006,0.97616,0.97642,2.63,1.50
2011.06.29 05:22:37.336,0.97617,0.97647,2.63,5.10
2011.06.29 05:22:38.316,0.97617,0.97647,2.63,4.35
2011.06.29 05:22:42.737,0.97619,0.97647,1.35,3.75
2011.06.29 05:22:42.956,0.97619,0.9765,1.35,5.25
2011.06.29 05:22:46.156,0.97619,0.97649,1.35,1.50
2011.06.29 05:22:46.513,0.97619,0.97642,1.35,4.50
2011.06.29 05:22:46.630,0.97617,0.97641,2.63,1.50
2011.06.29 05:22:47.975,0.97617,0.97641,2.63,1.50
2011.06.29 05:22:48.756,0.9762,0.97647,1.35,1.50
2011.06.29 05:22:48.975,0.9762,0.97648,1.35,1.50
2011.06.29 05:22:49.307,0.9762,0.97647,1.35,1.50
2011.06.29 05:22:50.187,0.97615,0.97648,7.75,2.10
2011.06.29 05:22:50.406,0.97614,0.97644,2.10,3.75
2011.06.29 05:22:50.965,0.97612,0.97644,1.75,4.35
2011.06.29 05:22:53.667,0.97611,0.97638,1.75,3.00
2011.06.29 05:22:53.995,0.97609,0.97638,1.60,3.75
2011.06.29 05:22:54.385,0.97609,0.97638,1.60,3.75
2011.06.29 05:23:00.537,0.97613,0.97642,1.35,1.50
2011.06.29 05:23:00.646,0.97613,0.97643,3.10,3.00
2011.06.29 05:23:00.757,0.97618,0.97646,1.35,1.50
2011.06.29 05:23:00.865,0.97619,0.97647,1.35,3.75
2011.06.29 05:23:01.087,0.97619,0.97649,1.60,1.50
2011.06.29 05:23:01.416,0.97619,0.97649,2.35,1.50
2011.06.29 05:23:01.855,0.9762,0.97649,1.50,1.50
2011.06.29 05:23:04.865,0.97619,0.9765,1.60,1.50
2011.06.29 05:23:06.376,0.97619,0.97649,1.60,1.50
2011.06.29 05:23:06.927,0.97619,0.97648,1.35,1.50
2011.06.29 05:23:07.478,0.97619,0.97647,1.35,3.75
2011.06.29 05:23:11.455,0.97619,0.97647,1.35,3.75
2011.06.29 05:23:13.448,0.97619,0.97647,1.35,3.75
2011.06.29 05:23:13.886,0.97619,0.97649,1.35,1.50
2011.06.29 05:23:14.546,0.97619,0.97649,1.35,2.25
2011.06.29 05:23:24.376,0.97619,0.9765,1.35,2.25
2011.06.29 05:23:24.817,0.97624,0.97652,1.35,1.50
2011.06.29 05:23:25.230,0.97626,0.97656,1.50,1.35
2011.06.29 05:23:25.565,0.97624,0.97653,1.35,1.50
2011.06.29 05:23:25.786,0.97624,0.97651,1.35,1.50
2011.06.29 05:23:26.005,0.97623,0.9765,1.35,1.50
2011.06.29 05:23:26.585,0.97624,0.97651,1.35,2.25
2011.06.29 05:23:31.258,0.97618,0.97643,1.37,3.75
2011.06.29 05:23:31.865,0.97615,0.97641,2.50,1.50
2011.06.29 05:23:34.336,0.97615,0.97641,2.50,1.88
2011.06.29 05:23:34.665,0.97616,0.97637,1.75,1.88
2011.06.29 05:23:37.577,0.97616,0.97637,1.75,1.88
2011.06.29 05:23:38.756,0.97618,0.97637,1.35,1.50
2011.06.29 05:23:39.355,0.97618,0.97637,2.10,1.50
2011.06.29 05:23:40.055,0.97618,0.97637,2.10,1.50
2011.06.29 05:23:43.426,0.97618,0.97637,2.10,1.50
2011.06.29 05:23:46.528,0.97618,0.97636,1.35,1.13
2011.06.29 05:23:46.638,0.97614,0.97636,2.50,1.13
2011.06.29 05:23:46.967,0.97615,0.97634,1.35,1.50
2011.06.29 05:23:47.078,0.97615,0.97634,1.60,1.50
2011.06.29 05:23:47.408,0.97617,0.97636,2.63,1.88
2011.06.29 05:23:47.955,0.97617,0.97636,2.63,1.88
2011.06.29 05:23:48.596,0.97615,0.97636,1.60,1.88
2011.06.29 05:23:49.146,0.97618,0.97636,1.50,1.50
2011.06.29 05:23:51.277,0.97616,0.97645,1.50,1.35
2011.06.29 05:23:51.496,0.97612,0.97644,1.75,3.60
2011.06.29 05:23:51.608,0.97611,0.97644,2.35,3.60
2011.06.29 05:24:05.976,0.97614,0.97646,1.75,4.35
2011.06.29 05:24:06.307,0.97611,0.97639,2.35,3.00
2011.06.29 05:24:06.416,0.97611,0.97639,1.60,3.00
2011.06.29 05:24:06.746,0.97612,0.97641,2.50,3.00
2011.06.29 05:24:06.856,0.97612,0.97643,1.75,3.60
2011.06.29 05:24:07.405,0.97612,0.97642,1.75,3.00
2011.06.29 05:24:10.646,0.97611,0.97642,1.60,3.00
2011.06.29 05:24:14.047,0.97614,0.97643,1.50,1.35
2011.06.29 05:24:14.267,0.97614,0.97643,1.50,2.10
2011.06.29 05:24:14.486,0.97614,0.97643,1.50,1.35
2011.06.29 05:24:17.725,0.97615,0.97645,1.35,4.50
2011.06.29 05:24:17.836,0.97616,0.97646,2.63,4.50
2011.06.29 05:24:17.946,0.97616,0.97645,2.63,1.50
2011.06.29 05:24:18.057,0.97616,0.97646,2.63,4.50
2011.06.29 05:24:18.388,0.97622,0.97647,1.35,2.25
2011.06.29 05:24:18.497,0.97622,0.97647,1.35,1.50
2011.06.29 05:24:18.606,0.97617,0.97646,1.22,1.50
2011.06.29 05:24:19.155,0.97619,0.97649,1.35,3.75
2011.06.29 05:24:20.786,0.97616,0.97644,2.50,1.35
2011.06.29 05:24:20.896,0.97616,0.97641,2.50,3.75
2011.06.29 05:24:21.006,0.97611,0.9764,1.75,1.50
2011.06.29 05:24:21.225,0.97611,0.9764,1.75,1.50
2011.06.29 05:24:21.335,0.97611,0.9764,2.50,1.50
2011.06.29 05:24:21.886,0.97611,0.9764,1.75,4.50
2011.06.29 05:24:24.417,0.97614,0.9764,1.50,4.50
2011.06.29 05:24:24.528,0.97614,0.9764,1.88,4.50
2011.06.29 05:24:24.856,0.97616,0.97645,5.12,1.50
2011.06.29 05:24:25.407,0.97617,0.97648,1.75,1.50
2011.06.29 05:24:25.736,0.97617,0.97648,1.75,1.50
2011.06.29 05:24:27.145,0.97615,0.97646,1.60,4.50
2011.06.29 05:24:27.707,0.97615,0.97643,1.35,2.25
2011.06.29 05:24:27.817,0.97612,0.97641,3.62,1.50
2011.06.29 05:24:27.927,0.97607,0.97636,1.75,3.75
2011.06.29 05:24:28.037,0.97606,0.97636,1.60,3.75
2011.06.29 05:24:28.255,0.97607,0.97636,1.75,3.75
2011.06.29 05:24:34.066,0.97607,0.97636,1.75,3.75
2011.06.29 05:24:35.745,0.97607,0.97636,1.75,3.75
2011.06.29 05:24:38.338,0.97607,0.97636,1.75,3.75
2011.06.29 05:24:39.937,0.97607,0.97636,1.75,3.75
2011.06.29 05:24:40.927,0.97606,0.97634,2.35,3.75
2011.06.29 05:24:41.806,0.97606,0.97634,2.35,3.75
2011.06.29 05:24:43.149,0.97613,0.97634,1.73,3.75
2011.06.29 05:24:43.257,0.97613,0.97634,1.97,3.00
2011.06.29 05:24:43.586,0.97614,0.97634,1.50,3.00
2011.06.29 05:24:46.360,0.97614,0.97645,2.50,4.35
2011.06.29 05:24:46.686,0.97614,0.97645,2.50,4.35
2011.06.29 05:24:46.906,0.97614,0.97645,3.25,4.35
2011.06.29 05:24:47.827,0.97614,0.97645,3.25,4.35
2011.06.29 05:24:48.047,0.97618,0.97647,1.35,1.50
2011.06.29 05:24:52.006,0.97618,0.97649,1.60,1.50
2011.06.29 05:24:53.893,0.97618,0.97648,1.60,1.50
2011.06.29 05:24:54.227,0.97617,0.97644,1.60,2.63
2011.06.29 05:24:54.446,0.97616,0.97642,1.50,3.75
2011.06.29 05:24:54.887,0.97616,0.97647,2.35,4.50
2011.06.29 05:24:58.308,0.97616,0.97646,3.10,3.75
2011.06.29 05:25:00.897,0.97616,0.97646,2.35,5.25
2011.06.29 05:25:01.448,0.97617,0.97648,1.75,1.35
2011.06.29 05:25:01.776,0.97616,0.97648,1.60,1.35
2011.06.29 05:25:02.216,0.97617,0.97648,1.75,1.35
2011.06.29 05:25:02.935,0.97616,0.97648,2.35,1.35
2011.06.29 05:25:03.485,0.97617,0.97648,1.75,1.35
2011.06.29 05:25:10.216,0.97616,0.97648,2.35,1.35
2011.06.29 05:25:10.756,0.97616,0.97648,2.35,1.35
2011.06.29 05:25:16.336,0.97619,0.97649,1.60,1.50
2011.06.29 05:25:23.536,0.97618,0.97649,3.10,1.50
2011.06.29 05:25:26.827,0.97617,0.97648,2.12,1.35
2011.06.29 05:25:27.046,0.97617,0.97648,1.22,1.50
2011.06.29 05:25:27.596,0.97619,0.97649,1.60,4.50
2011.06.29 05:25:30.116,0.97619,0.97644,1.60,3.75
2011.06.29 05:25:30.338,0.97613,0.97644,2.35,3.75
2011.06.29 05:25:30.557,0.97618,0.97643,1.35,3.75
2011.06.29 05:25:30.667,0.97618,0.97647,1.35,4.50
2011.06.29 05:25:30.887,0.97616,0.97647,5.48,2.25
2011.06.29 05:25:31.216,0.97616,0.97644,1.60,1.50
2011.06.29 05:25:32.926,0.97616,0.97644,1.60,1.50
2011.06.29 05:25:33.257,0.97616,0.97647,2.72,1.50
2011.06.29 05:25:34.394,0.97619,0.97647,1.35,1.50
2011.06.29 05:25:37.818,0.97616,0.97647,1.75,2.10
2011.06.29 05:25:40.028,0.97616,0.97646,1.75,3.75
2011.06.29 05:25:46.188,0.97615,0.97646,2.72,3.75
2011.06.29 05:26:11.976,0.97615,0.97646,2.72,3.75
2011.06.29 05:26:13.307,0.97615,0.97646,2.72,3.75
2011.06.29 05:26:13.637,0.97615,0.97646,2.72,3.75
2011.06.29 05:26:15.444,0.97615,0.97646,2.72,3.75
2011.06.29 05:26:15.887,0.97615,0.97646,2.72,3.75
2011.06.29 05:26:19.016,0.97615,0.97639,2.72,1.50
2011.06.29 05:26:19.837,0.97617,0.97639,1.50,1.50
2011.06.29 05:26:20.387,0.97617,0.97639,2.25,1.50
2011.06.29 05:26:40.307,0.97619,0.97642,1.35,1.50
2011.06.29 05:26:41.747,0.97619,0.97643,1.35,1.50
2011.06.29 05:26:48.166,0.97619,0.97644,1.60,1.50
2011.06.29 05:26:48.717,0.97619,0.97646,2.35,1.50
2011.06.29 05:26:49.046,0.97621,0.97646,1.60,1.50
2011.06.29 05:26:59.737,0.97623,0.9765,1.35,1.50
2011.06.29 05:27:00.867,0.97622,0.9765,1.35,1.50
2011.06.29 05:27:01.087,0.9762,0.97649,1.75,4.13
2011.06.29 05:27:01.418,0.97617,0.97643,3.10,3.00
2011.06.29 05:27:01.745,0.97617,0.97646,3.10,2.63
2011.06.29 05:27:09.976,0.97617,0.97645,2.35,1.13
2011.06.29 05:27:10.196,0.97617,0.97646,1.60,5.63
2011.06.29 05:27:10.637,0.97613,0.97644,1.60,1.13
2011.06.29 05:27:12.496,0.97613,0.97644,1.60,1.13
2011.06.29 05:27:16.857,0.97613,0.97644,2.50,1.13
2011.06.29 05:27:16.966,0.97613,0.97644,3.25,1.13
2011.06.29 05:27:17.557,0.97612,0.97642,1.60,2.25
2011.06.29 05:27:17.666,0.97612,0.9764,1.35,1.13
2011.06.29 05:27:19.758,0.97612,0.97639,2.10,1.13
2011.06.29 05:27:21.996,0.97612,0.97639,1.35,1.13
2011.06.29 05:27:23.426,0.97612,0.97639,1.35,1.13
2011.06.29 05:27:30.646,0.97609,0.97632,1.75,1.50
2011.06.29 05:27:30.977,0.97608,0.97631,1.60,2.25
2011.06.29 05:27:31.419,0.9761,0.97632,1.75,1.88
2011.06.29 05:27:31.636,0.97608,0.97631,2.72,2.63
2011.06.29 05:27:32.397,0.97609,0.97631,1.75,2.63
2011.06.29 05:27:33.277,0.9761,0.97636,1.75,1.13
2011.06.29 05:27:33.606,0.97608,0.97639,2.35,4.13
2011.06.29 05:27:34.158,0.97608,0.97635,1.60,1.13
2011.06.29 05:27:34.377,0.97608,0.97635,1.60,1.13
2011.06.29 05:27:35.486,0.97608,0.97634,1.35,3.75
2011.06.29 05:27:35.710,0.97606,0.97633,1.35,1.13
2011.06.29 05:27:36.806,0.97606,0.97634,1.60,4.13
2011.06.29 05:27:37.246,0.97607,0.97634,1.60,4.13
2011.06.29 05:27:39.928,0.97608,0.97633,1.60,1.13
2011.06.29 05:27:40.257,0.97608,0.97633,1.60,1.13
2011.06.29 05:27:40.587,0.97607,0.97634,1.60,1.50
2011.06.29 05:27:46.696,0.97607,0.9763,1.60,1.13
2011.06.29 05:27:48.436,0.97607,0.9763,2.35,1.13
2011.06.29 05:27:52.517,0.97607,0.9763,2.35,1.13
2011.06.29 05:27:53.178,0.97607,0.97635,1.75,1.35
2011.06.29 05:27:53.507,0.97607,0.97632,1.75,2.63
2011.06.29 05:27:54.117,0.97608,0.97631,1.60,2.25
2011.06.29 05:27:54.440,0.97612,0.97636,1.50,3.00
2011.06.29 05:27:54.558,0.97609,0.97633,1.75,1.13
2011.06.29 05:27:54.668,0.97607,0.97633,1.75,1.13
2011.06.29 05:27:54.777,0.97606,0.97632,1.75,1.13
2011.06.29 05:27:56.204,0.97607,0.9763,1.75,1.50
2011.06.29 05:27:58.735,0.97607,0.97632,1.75,2.25
2011.06.29 05:27:59.066,0.97613,0.97636,1.75,3.00
2011.06.29 05:27:59.820,0.97607,0.97635,1.37,4.35
2011.06.29 05:28:00.386,0.97603,0.9763,3.10,1.13
2011.06.29 05:28:03.008,0.97606,0.97632,2.50,2.25
2011.06.29 05:28:03.228,0.97604,0.97631,1.75,1.13
2011.06.29 05:28:04.344,0.97604,0.97631,1.75,1.88
2011.06.29 05:28:04.568,0.9762,0.97644,1.50,4.50
2011.06.29 05:28:04.790,0.97615,0.9764,1.60,1.13
2011.06.29 05:28:05.006,0.97615,0.97645,1.60,1.13
2011.06.29 05:28:05.227,0.97614,0.97643,1.60,1.13
2011.06.29 05:28:05.336,0.97613,0.9764,1.60,1.50
2011.06.29 05:28:05.999,0.97611,0.97639,1.75,3.38
2011.06.29 05:28:06.107,0.97609,0.97637,1.75,1.88
2011.06.29 05:28:06.437,0.97608,0.97636,1.60,1.13
2011.06.29 05:28:10.591,0.97608,0.97638,2.35,1.13
2011.06.29 05:28:11.657,0.97608,0.9763,1.60,1.13
2011.06.29 05:28:11.878,0.97612,0.97637,1.35,2.63
2011.06.29 05:28:12.426,0.97613,0.9764,1.60,1.13
2011.06.29 05:28:12.647,0.97615,0.97644,1.75,1.13
2011.06.29 05:28:12.978,0.97619,0.97643,1.35,1.13
2011.06.29 05:28:14.477,0.97619,0.97646,2.35,1.13
2011.06.29 05:28:14.861,0.97619,0.97646,1.60,2.63
2011.06.29 05:28:18.957,0.97618,0.97646,1.35,1.13
2011.06.29 05:28:19.562,0.97615,0.97643,3.10,1.13
2011.06.29 05:28:20.367,0.97614,0.97634,1.37,1.50
2011.06.29 05:28:20.477,0.97612,0.97634,3.00,1.50
2011.06.29 05:28:20.588,0.97609,0.97631,1.37,2.25
2011.06.29 05:28:20.697,0.97602,0.9763,2.35,1.13
2011.06.29 05:28:20.916,0.97602,0.9763,2.35,1.13
2011.06.29 05:28:21.027,0.97602,0.9763,2.35,1.13
2011.06.29 05:28:21.247,0.97602,0.9763,2.35,1.13
2011.06.29 05:28:21.796,0.97603,0.97629,1.75,1.13
2011.06.29 05:28:22.428,0.97613,0.97629,1.75,1.13
2011.06.29 05:28:22.801,0.97614,0.9764,1.75,1.13
2011.06.29 05:28:23.248,0.97614,0.9764,1.75,1.13
2011.06.29 05:28:23.577,0.97608,0.9763,1.97,1.50
2011.06.29 05:28:24.677,0.97608,0.97628,2.48,1.50
2011.06.29 05:28:27.019,0.97608,0.97628,1.35,1.50
2011.06.29 05:28:27.347,0.97608,0.97628,1.35,1.50
2011.06.29 05:28:28.557,0.97612,0.97628,1.50,1.50
2011.06.29 05:28:28.668,0.97613,0.97633,2.50,1.13
2011.06.29 05:28:28.776,0.97615,0.97634,1.35,1.50
2011.06.29 05:28:30.607,0.97615,0.97634,2.35,1.50
2011.06.29 05:28:30.827,0.97619,0.97636,1.35,1.50
2011.06.29 05:28:30.937,0.97617,0.97636,1.60,1.50
2011.06.29 05:28:31.516,0.97617,0.97641,1.60,1.50
2011.06.29 05:28:32.607,0.97615,0.97641,2.50,1.50
2011.06.29 05:28:33.288,0.97616,0.97641,1.50,3.75
2011.06.29 05:28:33.398,0.97609,0.97636,3.10,1.50
2011.06.29 05:28:33.726,0.97609,0.97634,2.85,1.13
2011.06.29 05:28:34.552,0.97609,0.97636,2.10,2.63
2011.06.29 05:28:34.885,0.97606,0.97635,1.75,1.13
2011.06.29 05:28:36.777,0.97609,0.97636,1.60,1.13
2011.06.29 05:28:37.329,0.97615,0.97639,1.50,1.13
2011.06.29 05:28:38.272,0.97614,0.97638,1.75,1.50
2011.06.29 05:28:39.017,0.97614,0.97639,1.75,1.13
2011.06.29 05:28:39.347,0.97607,0.97632,1.75,1.13
2011.06.29 05:28:39.456,0.97607,0.97632,1.75,1.13
2011.06.29 05:28:39.677,0.97605,0.97633,2.50,1.13
2011.06.29 05:28:40.226,0.97605,0.97633,1.75,1.13
2011.06.29 05:28:41.537,0.97605,0.97633,1.50,1.13
2011.06.29 05:28:41.866,0.97605,0.97625,1.50,2.25
2011.06.29 05:28:42.087,0.97594,0.97621,2.85,2.25
2011.06.29 05:28:42.198,0.97594,0.97617,2.85,1.13
2011.06.29 05:28:42.309,0.97593,0.97615,1.50,1.13
2011.06.29 05:28:42.856,0.97589,0.97618,2.35,1.13
2011.06.29 05:28:43.077,0.97594,0.97624,2.35,1.88
2011.06.29 05:28:43.410,0.97594,0.97624,2.35,1.13
2011.06.29 05:28:44.012,0.97594,0.97621,3.10,1.13
2011.06.29 05:28:44.737,0.97594,0.9762,3.10,1.50
2011.06.29 05:28:45.067,0.97592,0.97615,3.10,1.13
2011.06.29 05:28:45.727,0.97594,0.97618,1.35,1.13
2011.06.29 05:28:45.836,0.97595,0.97618,1.50,1.13
2011.06.29 05:28:46.497,0.97594,0.97619,1.35,1.13
2011.06.29 05:28:47.048,0.97594,0.97618,1.35,1.13
2011.06.29 05:28:47.596,0.97592,0.97616,1.35,3.00
2011.06.29 05:28:52.870,0.97589,0.97608,1.60,1.13
2011.06.29 05:28:52.987,0.97587,0.97608,1.75,1.13
2011.06.29 05:28:53.098,0.97585,0.97613,2.50,3.75
2011.06.29 05:28:53.528,0.97587,0.97613,1.60,1.50
2011.06.29 05:28:53.968,0.97588,0.97613,1.35,1.50
2011.06.29 05:28:54.378,0.97586,0.97612,2.35,2.63
2011.06.29 05:28:58.008,0.97588,0.97612,1.35,1.50
2011.06.29 05:28:58.556,0.97588,0.97615,2.35,1.50
2011.06.29 05:29:00.557,0.97589,0.97616,1.60,5.25
2011.06.29 05:29:00.887,0.97588,0.97615,2.50,1.50
2011.06.29 05:29:01.438,0.97589,0.97616,1.75,1.50
2011.06.29 05:29:16.127,0.97593,0.97614,1.50,2.63
2011.06.29 05:29:16.456,0.97587,0.97612,1.75,1.13
2011.06.29 05:29:18.179,0.97585,0.9761,2.35,1.50
2011.06.29 05:29:18.288,0.97584,0.9761,2.35,1.50
2011.06.29 05:29:18.507,0.97585,0.97612,1.60,3.00
2011.06.29 05:29:21.477,0.97585,0.97611,1.60,2.25
2011.06.29 05:29:22.192,0.97585,0.97612,1.60,3.00
2011.06.29 05:29:26.689,0.97585,0.97611,1.60,1.50
2011.06.29 05:29:30.677,0.97585,0.97611,1.60,3.00
2011.06.29 05:29:31.008,0.97587,0.97612,1.50,4.50
2011.06.29 05:29:31.338,0.97583,0.97609,2.25,1.13
2011.06.29 05:29:31.780,0.97578,0.97606,1.50,2.25
2011.06.29 05:29:38.231,0.97573,0.97597,1.75,1.50
2011.06.29 05:29:38.567,0.97569,0.97594,1.75,1.13
2011.06.29 05:29:39.118,0.97571,0.97595,1.75,1.13
2011.06.29 05:29:39.447,0.97571,0.97595,1.75,1.13
2011.06.29 05:29:39.996,0.97571,0.97596,1.75,1.13
2011.06.29 05:29:40.547,0.97572,0.97596,1.75,1.13
2011.06.29 05:29:40.987,0.97572,0.97593,1.50,1.13
2011.06.29 05:29:45.377,0.9757,0.97593,1.50,1.13
2011.06.29 05:29:48.027,0.97571,0.97594,1.50,1.13
2011.06.29 05:29:48.948,0.97567,0.97591,1.75,1.13
2011.06.29 05:29:49.058,0.97566,0.97591,1.75,1.13
2011.06.29 05:29:49.167,0.97566,0.97592,1.75,2.63
2011.06.29 05:29:49.277,0.97567,0.97592,1.50,2.63
2011.06.29 05:29:49.606,0.97567,0.97592,2.50,2.63
2011.06.29 05:29:54.064,0.97567,0.97592,4.37,2.63
2011.06.29 05:29:54.179,0.97569,0.97592,1.75,2.25
2011.06.29 05:29:54.397,0.97569,0.97591,1.75,2.63
2011.06.29 05:29:56.726,0.9757,0.97592,1.75,2.63
2011.06.29 05:29:58.837,0.97569,0.97594,1.75,2.63
2011.06.29 05:30:01.488,0.97567,0.97594,1.75,2.63
2011.06.29 05:30:01.885,0.97569,0.97594,1.75,2.63
2011.06.29 05:30:04.228,0.97568,0.97597,1.75,1.35
2011.06.29 05:30:16.076,0.97568,0.97597,2.50,3.60
2011.06.29 05:30:16.687,0.97568,0.97593,2.50,1.50
2011.06.29 05:30:18.217,0.97568,0.97597,2.50,3.60
2011.06.29 05:30:18.439,0.9757,0.97597,1.60,3.00
2011.06.29 05:30:18.768,0.97571,0.97601,1.75,3.75
2011.06.29 05:30:19.151,0.9757,0.97601,1.60,3.75
2011.06.29 05:30:19.490,0.9757,0.97599,1.60,4.13
2011.06.29 05:30:20.157,0.9757,0.97598,1.35,1.13
2011.06.29 05:30:21.037,0.9757,0.97593,1.35,1.88
2011.06.29 05:30:21.536,0.9757,0.97593,1.35,1.88
2011.06.29 05:30:22.557,0.9757,0.97593,1.35,2.63
2011.06.29 05:30:23.482,0.97564,0.97589,2.10,1.13
2011.06.29 05:30:23.599,0.97562,0.97587,1.75,1.13
2011.06.29 05:30:23.708,0.97562,0.97586,1.75,1.88
2011.06.29 05:30:24.038,0.9756,0.97586,1.75,1.50
2011.06.29 05:30:25.026,0.97562,0.97587,2.50,1.50
2011.06.29 05:30:25.608,0.97562,0.97589,2.50,1.50
2011.06.29 05:30:27.066,0.97562,0.97587,1.75,2.63
2011.06.29 05:30:28.386,0.97562,0.97586,1.75,1.13
2011.06.29 05:30:30.226,0.9756,0.97586,1.75,2.25
2011.06.29 05:30:30.337,0.9756,0.97586,1.75,2.25
2011.06.29 05:30:30.557,0.97558,0.97585,1.60,1.50
2011.06.29 05:30:30.667,0.97558,0.97583,1.60,3.00
2011.06.29 05:30:37.922,0.9756,0.97585,1.75,1.50
2011.06.29 05:30:38.260,0.9756,0.97586,1.75,1.13
2011.06.29 05:30:38.476,0.9756,0.97583,1.75,1.13
2011.06.29 05:30:40.498,0.97558,0.97583,1.75,1.50
2011.06.29 05:30:47.536,0.97558,0.97581,1.75,1.35
2011.06.29 05:30:48.298,0.97558,0.97583,1.75,2.85
2011.06.29 05:30:51.287,0.97558,0.97583,1.75,2.85
2011.06.29 05:30:53.357,0.97558,0.97585,1.75,1.73
2011.06.29 05:30:53.800,0.97561,0.97587,1.50,6.23
2011.06.29 05:30:54.028,0.97561,0.97584,1.50,1.73
2011.06.29 05:30:54.620,0.97556,0.97582,4.37,1.35
2011.06.29 05:30:56.958,0.97556,0.97584,4.37,1.73
2011.06.29 05:30:58.107,0.97556,0.97584,4.37,1.13
2011.06.29 05:30:58.326,0.97558,0.97584,1.75,1.13
2011.06.29 05:30:58.876,0.97557,0.97583,1.75,1.13
2011.06.29 05:31:01.207,0.97557,0.97584,1.75,1.13
2011.06.29 05:31:01.648,0.97557,0.97583,1.75,1.88
2011.06.29 05:31:01.978,0.97557,0.97581,1.75,1.13
2011.06.29 05:31:02.417,0.97554,0.97581,1.75,1.13
2011.06.29 05:31:03.608,0.97551,0.97579,1.75,1.13
2011.06.29 05:31:03.981,0.97551,0.97579,1.75,1.13
2011.06.29 05:31:06.468,0.97556,0.97582,1.75,3.38
2011.06.29 05:31:06.577,0.97556,0.97582,1.75,1.88
2011.06.29 05:31:07.126,0.97559,0.97583,1.50,1.88
2011.06.29 05:31:07.237,0.97559,0.97583,2.10,1.50
2011.06.29 05:31:07.567,0.9756,0.97587,2.50,1.13
2011.06.29 05:31:08.228,0.97564,0.97587,2.10,1.13
2011.06.29 05:31:08.447,0.97565,0.97594,2.35,1.13
2011.06.29 05:31:08.556,0.97566,0.97594,1.60,1.13
2011.06.29 05:31:08.776,0.97566,0.97595,2.35,3.75
2011.06.29 05:31:09.107,0.97568,0.97595,1.37,3.75
2011.06.29 05:31:09.329,0.97574,0.97601,1.35,2.63
2011.06.29 05:31:09.860,0.97574,0.97604,1.60,4.88
2011.06.29 05:31:10.377,0.97574,0.97603,1.60,3.38
2011.06.29 05:31:10.875,0.97571,0.97595,1.60,1.50
2011.06.29 05:31:10.993,0.97565,0.97595,1.75,1.88
2011.06.29 05:31:11.218,0.97565,0.97595,1.75,1.50
2011.06.29 05:31:11.440,0.97565,0.97596,1.75,2.85
2011.06.29 05:31:11.767,0.97567,0.97596,1.75,2.85
2011.06.29 05:31:12.578,0.97567,0.97596,2.50,1.35
2011.06.29 05:31:13.019,0.9757,0.97599,1.75,5.25
2011.06.29 05:31:15.451,0.9757,0.97599,1.75,3.75
2011.06.29 05:31:15.986,0.97569,0.97595,1.60,1.13
2011.06.29 05:31:16.506,0.97569,0.97595,1.60,1.13
2011.06.29 05:31:18.372,0.97569,0.97595,1.60,1.13
2011.06.29 05:31:18.954,0.97569,0.97595,1.60,1.13
2011.06.29 05:31:19.660,0.97569,0.97595,1.60,1.13
2011.06.29 05:31:20.228,0.97568,0.97593,1.60,1.50
2011.06.29 05:31:20.777,0.97565,0.97594,2.35,1.13
2011.06.29 05:31:20.996,0.97566,0.97594,2.87,1.13
2011.06.29 05:31:25.707,0.97565,0.97593,3.10,1.13
2011.06.29 05:31:27.768,0.97564,0.97589,2.35,1.13
2011.06.29 05:31:28.649,0.97565,0.9759,1.60,1.13
2011.06.29 05:31:28.867,0.97565,0.9759,1.60,1.13
2011.06.29 05:31:28.977,0.97565,0.9759,1.60,1.13
2011.06.29 05:31:29.087,0.97565,0.9759,1.60,1.13
2011.06.29 05:31:29.196,0.97562,0.97587,1.60,1.13
2011.06.29 05:31:30.736,0.97563,0.97588,2.35,1.13
2011.06.29 05:31:32.498,0.97565,0.97588,1.60,1.13
2011.06.29 05:31:33.319,0.97563,0.97588,1.60,1.13
2011.06.29 05:31:34.450,0.97563,0.97588,1.60,1.13
2011.06.29 05:31:34.887,0.97565,0.97591,1.60,2.63
2011.06.29 05:31:35.437,0.97565,0.97592,1.60,1.13
2011.06.29 05:31:41.087,0.97565,0.97594,1.60,1.13
2011.06.29 05:31:41.746,0.97565,0.97593,1.60,1.13
2011.06.29 05:31:42.632,0.97565,0.97594,1.60,1.88
2011.06.29 05:31:44.336,0.97565,0.97594,1.60,1.88
2011.06.29 05:31:46.947,0.97565,0.97594,1.60,1.13
2011.06.29 05:31:47.838,0.97569,0.97594,1.35,1.13
2011.06.29 05:31:48.064,0.9757,0.97595,1.35,1.50
2011.06.29 05:31:48.178,0.97571,0.97599,1.50,1.88
2011.06.29 05:31:48.289,0.97571,0.97599,1.50,1.50
2011.06.29 05:31:48.956,0.9757,0.97602,1.60,4.50
2011.06.29 05:31:49.068,0.9757,0.97599,1.60,1.13
2011.06.29 05:31:49.728,0.97573,0.97597,1.75,1.13
2011.06.29 05:31:50.276,0.97573,0.97597,1.75,1.13
2011.06.29 05:31:51.338,0.97574,0.97597,1.75,1.13
2011.06.29 05:31:51.667,0.97574,0.97598,1.75,1.13
2011.06.29 05:31:52.108,0.97577,0.976,1.97,1.13
2011.06.29 05:31:56.378,0.97578,0.97601,1.60,1.13
2011.06.29 05:31:59.307,0.9758,0.97602,1.35,1.13
2011.06.29 05:31:59.528,0.9758,0.97605,1.35,1.50
2011.06.29 05:32:00.076,0.9758,0.97605,1.35,1.50
2011.06.29 05:32:00.798,0.9758,0.97607,1.35,1.13
2011.06.29 05:32:04.047,0.9758,0.97607,1.35,1.50
2011.06.29 05:32:04.608,0.9758,0.97609,1.35,4.13
2011.06.29 05:32:05.307,0.97583,0.9761,1.13,1.13
2011.06.29 05:32:05.527,0.97583,0.97612,1.13,1.35
2011.06.29 05:32:05.639,0.97579,0.97611,5.25,1.35
2011.06.29 05:32:05.859,0.97577,0.97606,1.37,1.50
2011.06.29 05:32:06.186,0.97576,0.97607,1.75,5.85
2011.06.29 05:32:06.298,0.97576,0.97607,1.75,5.10
2011.06.29 05:32:06.849,0.9758,0.97607,1.35,4.50
2011.06.29 05:32:07.288,0.9758,0.97607,1.35,3.00
2011.06.29 05:32:07.619,0.9758,0.9761,1.35,4.13
2011.06.29 05:32:08.167,0.9758,0.9761,1.60,3.38
2011.06.29 05:32:08.499,0.97581,0.9761,1.75,3.00
2011.06.29 05:32:09.266,0.97581,0.9761,1.75,4.50
2011.06.29 05:32:11.068,0.97584,0.9761,1.35,1.50
2011.06.29 05:32:11.288,0.97584,0.97615,2.35,1.13
2011.06.29 05:32:12.937,0.97584,0.97612,1.50,4.35
2011.06.29 05:32:13.468,0.9758,0.97608,1.35,1.50
2011.06.29 05:32:14.195,0.9758,0.97606,1.35,1.13
2011.06.29 05:32:14.417,0.9758,0.97606,2.35,1.13
2011.06.29 05:32:14.527,0.9758,0.97607,2.35,1.13
2011.06.29 05:32:14.748,0.9758,0.97609,2.35,4.50
2011.06.29 05:32:15.296,0.97583,0.97609,1.75,4.50
2011.06.29 05:32:15.737,0.9758,0.97606,2.35,2.25
2011.06.29 05:32:16.287,0.9758,0.97606,1.60,1.13
2011.06.29 05:32:16.507,0.9758,0.97606,1.60,1.13
2011.06.29 05:32:17.628,0.97579,0.97605,1.60,3.75
2011.06.29 05:32:18.237,0.97578,0.97605,1.75,3.75
2011.06.29 05:32:19.699,0.97578,0.97604,1.75,1.13
2011.06.29 05:32:20.247,0.97578,0.97602,1.75,1.88
2011.06.29 05:32:20.577,0.97578,0.97596,1.75,1.50
2011.06.29 05:32:20.687,0.97578,0.97603,1.50,1.13
2011.06.29 05:32:21.236,0.97573,0.97606,1.75,4.35
2011.06.29 05:32:21.566,0.97573,0.97606,1.75,4.35
2011.06.29 05:32:24.016,0.97573,0.976,1.75,1.50
2011.06.29 05:32:24.457,0.97572,0.976,3.10,1.50
2011.06.29 05:32:26.769,0.97572,0.976,2.35,1.50
2011.06.29 05:32:27.316,0.97572,0.97601,2.35,1.50
2011.06.29 05:32:28.867,0.97572,0.97602,2.35,3.75
2011.06.29 05:32:29.417,0.97572,0.97602,2.35,4.50
2011.06.29 05:32:29.527,0.97572,0.97602,2.35,3.75
2011.06.29 05:32:29.749,0.97582,0.9761,1.50,6.38
2011.06.29 05:32:30.076,0.97579,0.9761,1.35,5.25
2011.06.29 05:32:30.627,0.97579,0.97604,1.35,2.63
2011.06.29 05:32:31.066,0.97579,0.9761,1.35,5.25
2011.06.29 05:32:31.837,0.97579,0.9761,2.35,4.50
2011.06.29 05:32:33.177,0.97579,0.97604,2.35,1.50
2011.06.29 05:32:33.726,0.97579,0.97603,2.35,1.88
2011.06.29 05:32:33.947,0.97579,0.97609,2.35,1.50
2011.06.29 05:32:35.120,0.97579,0.97609,2.35,1.50
2011.06.29 05:32:35.230,0.97579,0.97609,2.35,1.50
2011.06.29 05:32:35.778,0.9758,0.97611,1.75,3.00
2011.06.29 05:32:37.471,0.9758,0.97609,1.50,1.50
2011.06.29 05:32:38.364,0.97579,0.97609,2.35,1.50
2011.06.29 05:32:38.808,0.97579,0.97611,3.10,4.50
2011.06.29 05:32:44.347,0.97581,0.97613,1.75,3.23
2011.06.29 05:32:44.900,0.97581,0.97612,2.50,2.25
2011.06.29 05:32:45.339,0.97575,0.97604,1.60,3.00
2011.06.29 05:32:45.451,0.97575,0.97604,1.35,3.75
2011.06.29 05:32:45.558,0.97575,0.97601,1.35,3.00
2011.06.29 05:32:45.782,0.97575,0.97601,1.35,3.75
2011.06.29 05:32:46.900,0.9757,0.97601,2.35,3.75
2011.06.29 05:32:47.681,0.97575,0.97601,1.35,3.75
2011.06.29 05:32:49.561,0.97575,0.97601,1.35,3.00
2011.06.29 05:32:49.668,0.97575,0.97604,1.35,1.50
2011.06.29 05:32:50.219,0.97575,0.97604,1.35,3.38
2011.06.29 05:32:53.233,0.97575,0.97604,1.35,3.38
2011.06.29 05:32:56.237,0.97577,0.97606,1.75,1.50
2011.06.29 05:32:56.457,0.97577,0.97605,1.75,4.50
2011.06.29 05:32:57.175,0.97577,0.97605,1.75,4.50
2011.06.29 05:32:57.528,0.97577,0.97603,1.75,3.75
2011.06.29 05:32:58.349,0.97575,0.97599,1.75,1.35
2011.06.29 05:32:58.898,0.97574,0.976,1.75,1.35
2011.06.29 05:32:59.609,0.97574,0.976,1.75,1.35
2011.06.29 05:33:00.537,0.97574,0.976,1.75,1.35
2011.06.29 05:33:00.758,0.97571,0.976,1.75,1.35
2011.06.29 05:33:04.248,0.97569,0.97599,1.75,1.35
2011.06.29 05:33:04.798,0.97569,0.97599,1.75,1.35
2011.06.29 05:33:04.909,0.97568,0.97599,1.75,2.10
2011.06.29 05:33:06.820,0.97569,0.97599,1.75,1.35
2011.06.29 05:33:07.040,0.97568,0.97599,1.75,1.35
2011.06.29 05:33:10.218,0.97569,0.97598,2.50,2.25
2011.06.29 05:33:10.659,0.97567,0.97595,3.47,1.50
2011.06.29 05:33:10.768,0.97567,0.97594,3.47,1.50
2011.06.29 05:33:11.551,0.97567,0.97594,3.47,1.50
2011.06.29 05:33:21.687,0.97567,0.97594,3.98,2.25
2011.06.29 05:33:22.268,0.97567,0.97593,2.10,1.50
2011.06.29 05:33:23.870,0.97567,0.97592,2.10,1.50
2011.06.29 05:33:24.090,0.97567,0.97594,2.10,1.50
2011.06.29 05:33:28.219,0.97567,0.97592,2.10,1.50
2011.06.29 05:33:28.548,0.97567,0.97592,2.10,1.50
2011.06.29 05:33:28.770,0.97567,0.97592,2.10,1.50
2011.06.29 05:33:30.648,0.97567,0.97596,2.10,2.25
2011.06.29 05:33:31.179,0.97567,0.97595,2.10,1.50
2011.06.29 05:33:31.398,0.97567,0.97596,2.10,1.50
2011.06.29 05:33:33.617,0.97567,0.97595,2.10,1.50
2011.06.29 05:33:33.949,0.97567,0.97596,2.10,1.50
2011.06.29 05:33:38.439,0.97567,0.97595,2.10,1.50
2011.06.29 05:33:39.049,0.97568,0.97595,1.50,1.50
2011.06.29 05:33:41.050,0.97576,0.97596,1.35,1.50
2011.06.29 05:33:41.269,0.97577,0.97603,1.50,1.50
2011.06.29 05:33:41.381,0.97577,0.97605,1.50,1.50
2011.06.29 05:33:41.712,0.97575,0.97603,1.35,5.63
2011.06.29 05:33:42.163,0.97576,0.97604,1.35,1.50
2011.06.29 05:33:42.968,0.97576,0.97603,1.35,2.63
2011.06.29 05:33:45.888,0.97575,0.97603,1.35,2.63
2011.06.29 05:33:46.108,0.97576,0.97603,1.35,2.63
2011.06.29 05:33:46.657,0.97576,0.97603,1.35,1.88
2011.06.29 05:33:48.778,0.97576,0.97603,1.35,2.63
2011.06.29 05:33:52.507,0.97576,0.97595,1.35,1.13
2011.06.29 05:33:52.827,0.97576,0.97594,1.35,1.50
2011.06.29 05:34:04.740,0.97573,0.97594,1.75,1.88
2011.06.29 05:34:05.291,0.97571,0.97592,1.50,1.13
2011.06.29 05:34:05.399,0.97567,0.9759,2.50,1.50
2011.06.29 05:34:06.219,0.97567,0.97588,1.50,1.13
2011.06.29 05:34:08.358,0.97567,0.97587,1.50,1.50
2011.06.29 05:34:08.908,0.97566,0.97588,1.75,1.50
2011.06.29 05:34:09.238,0.97564,0.97588,1.75,1.50
2011.06.29 05:34:09.459,0.97568,0.97597,1.75,2.10
2011.06.29 05:34:11.279,0.97568,0.97594,1.75,1.50
2011.06.29 05:34:11.498,0.97568,0.97597,1.75,2.10
2011.06.29 05:34:12.302,0.97568,0.97597,1.75,2.85
2011.06.29 05:34:12.530,0.97568,0.97597,1.75,2.85
2011.06.29 05:34:14.048,0.97568,0.97594,1.75,1.50
2011.06.29 05:34:16.470,0.97568,0.97594,1.75,1.50
2011.06.29 05:34:16.800,0.97568,0.97594,1.75,1.50
2011.06.29 05:34:18.669,0.97568,0.97594,1.75,1.50
2011.06.29 05:34:20.909,0.97568,0.97594,1.75,1.50
2011.06.29 05:34:21.488,0.97568,0.97594,1.75,1.50
2011.06.29 05:34:39.438,0.97565,0.97595,1.75,3.75
2011.06.29 05:34:40.029,0.97565,0.97595,1.75,3.75
2011.06.29 05:34:42.098,0.97565,0.97595,1.75,3.75
2011.06.29 05:34:42.870,0.97565,0.97595,1.75,3.75
2011.06.29 05:34:43.418,0.97565,0.97594,1.75,2.63
2011.06.29 05:34:44.858,0.97565,0.97594,1.75,2.63
2011.06.29 05:34:45.409,0.97565,0.97595,1.75,3.75
2011.06.29 05:34:45.961,0.9757,0.97597,1.60,2.25
2011.06.29 05:34:46.298,0.9757,0.97599,1.60,6.38
2011.06.29 05:34:46.408,0.9757,0.97599,1.60,6.38
2011.06.29 05:34:46.738,0.9757,0.97599,1.60,6.38
2011.06.29 05:34:47.067,0.9757,0.97599,1.60,6.38
2011.06.29 05:34:47.508,0.9757,0.97599,1.60,5.63
2011.06.29 05:34:48.000,0.9757,0.97599,1.60,4.50
2011.06.29 05:34:48.439,0.9757,0.97599,1.60,4.50
2011.06.29 05:34:50.314,0.97567,0.97596,1.75,1.35
2011.06.29 05:34:52.629,0.97567,0.97599,1.75,3.75
2011.06.29 05:34:53.180,0.97566,0.97599,1.75,3.75
2011.06.29 05:34:53.786,0.97566,0.97595,1.75,1.35
2011.06.29 05:34:59.628,0.97565,0.97598,1.75,1.50
2011.06.29 05:35:00.619,0.97565,0.97592,1.75,1.35
2011.06.29 05:35:01.779,0.97565,0.97593,1.75,1.35
2011.06.29 05:35:02.300,0.97565,0.97592,1.75,1.35
2011.06.29 05:35:04.118,0.97565,0.97593,1.75,1.35
2011.06.29 05:35:10.519,0.97565,0.97592,1.75,1.35
2011.06.29 05:35:11.768,0.97565,0.97595,1.75,3.75
2011.06.29 05:35:13.268,0.97566,0.97595,1.75,3.75
2011.06.29 05:35:18.070,0.97566,0.97595,3.62,3.75
2011.06.29 05:35:18.178,0.97566,0.97595,3.62,3.00
2011.06.29 05:35:18.621,0.97566,0.97598,2.87,3.00
2011.06.29 05:35:19.058,0.97565,0.97598,2.50,3.75
2011.06.29 05:35:21.678,0.97565,0.97597,2.50,1.35
2011.06.29 05:35:21.789,0.97565,0.97598,1.75,4.50
2011.06.29 05:35:22.008,0.97565,0.97596,1.75,1.35
2011.06.29 05:35:22.558,0.97564,0.97595,1.75,1.35
2011.06.29 05:35:25.558,0.97564,0.97595,1.75,4.35
2011.06.29 05:35:26.138,0.97564,0.97595,1.75,4.35
2011.06.29 05:35:27.318,0.97564,0.97595,1.75,4.35
2011.06.29 05:35:28.688,0.97564,0.97595,1.75,4.35
2011.06.29 05:35:29.290,0.97564,0.97591,1.75,1.35
2011.06.29 05:35:29.839,0.97564,0.97593,1.75,1.35
2011.06.29 05:35:30.170,0.97564,0.97595,1.75,4.35
2011.06.29 05:35:34.120,0.97572,0.97595,1.13,3.00
2011.06.29 05:35:34.229,0.97569,0.97597,3.75,2.85
2011.06.29 05:35:34.447,0.97564,0.97595,1.75,3.60
2011.06.29 05:35:34.921,0.97564,0.97594,1.75,1.35
2011.06.29 05:35:35.253,0.97564,0.97592,1.75,1.35
2011.06.29 05:35:35.809,0.97564,0.97595,1.75,3.60
2011.06.29 05:35:38.838,0.97563,0.97593,1.75,3.60
2011.06.29 05:35:39.510,0.97563,0.97593,1.75,3.60
2011.06.29 05:35:41.268,0.97563,0.97593,1.75,4.35
2011.06.29 05:35:41.711,0.97563,0.97589,1.75,1.13
2011.06.29 05:35:47.490,0.97563,0.97592,1.75,3.23
2011.06.29 05:35:48.039,0.97563,0.97592,1.75,6.23
2011.06.29 05:35:48.148,0.97563,0.97587,1.75,1.50
2011.06.29 05:35:48.259,0.97563,0.97587,1.75,1.50
2011.06.29 05:35:51.168,0.97563,0.97586,1.75,1.50
2011.06.29 05:35:53.209,0.9756,0.97586,1.75,1.50
2011.06.29 05:35:53.758,0.9756,0.97586,1.75,1.50
2011.06.29 05:35:55.509,0.9756,0.97587,1.75,3.60
2011.06.29 05:35:55.838,0.9756,0.97587,1.75,3.60
2011.06.29 05:35:56.279,0.9756,0.97589,1.75,3.60
2011.06.29 05:35:56.830,0.9756,0.97586,1.75,3.00
2011.06.29 05:35:57.286,0.97554,0.97583,1.75,3.00
2011.06.29 05:35:57.619,0.97554,0.9758,1.75,3.00
2011.06.29 05:36:00.208,0.97554,0.9758,1.75,3.00
2011.06.29 05:36:02.979,0.97554,0.97582,1.75,3.00
2011.06.29 05:36:03.308,0.97554,0.97582,1.75,3.00
2011.06.29 05:36:03.656,0.97554,0.97582,1.75,3.00
2011.06.29 05:36:05.148,0.97559,0.97585,1.50,1.35
2011.06.29 05:36:05.262,0.97559,0.97585,1.50,1.35
2011.06.29 05:36:06.230,0.97559,0.97585,1.75,1.35
2011.06.29 05:36:06.342,0.9756,0.97591,2.50,3.60
2011.06.29 05:36:06.679,0.97563,0.97591,1.50,3.60
2011.06.29 05:36:07.230,0.97563,0.97593,2.50,3.60
2011.06.29 05:36:07.447,0.97563,0.97593,2.50,3.60
2011.06.29 05:36:10.370,0.97566,0.97593,2.63,3.60
2011.06.29 05:36:11.141,0.97566,0.97597,1.75,4.35
2011.06.29 05:36:11.468,0.97566,0.97597,3.62,3.60
2011.06.29 05:36:12.349,0.97566,0.97597,3.62,3.60
2011.06.29 05:36:14.600,0.97566,0.97599,3.62,5.25
2011.06.29 05:36:15.250,0.97566,0.97599,3.62,6.00
2011.06.29 05:36:15.578,0.97566,0.97598,1.75,1.50
2011.06.29 05:36:16.083,0.97567,0.97599,2.87,5.25
2011.06.29 05:36:16.421,0.97566,0.97598,1.75,1.50
2011.06.29 05:36:16.750,0.97566,0.97593,1.75,1.88
2011.06.29 05:36:17.109,0.97566,0.97593,1.75,1.88
2011.06.29 05:36:20.128,0.97566,0.97597,2.50,1.35
2011.06.29 05:36:22.521,0.97566,0.97598,2.50,4.35
2011.06.29 05:36:23.289,0.97566,0.97597,1.75,1.35
2011.06.29 05:36:24.728,0.97566,0.97596,1.75,1.35
2011.06.29 05:36:25.168,0.97566,0.97593,1.75,1.88
2011.06.29 05:36:25.278,0.97566,0.97596,1.75,1.35
2011.06.29 05:36:25.828,0.97566,0.97597,1.75,3.60
2011.06.29 05:36:26.698,0.97566,0.97597,1.75,3.60
2011.06.29 05:36:27.028,0.97566,0.97596,1.75,1.35
2011.06.29 05:36:27.357,0.97566,0.97597,1.75,3.60
2011.06.29 05:36:28.189,0.97566,0.97597,1.75,3.60
2011.06.29 05:36:30.999,0.97566,0.97597,2.50,3.60
2011.06.29 05:36:31.888,0.97566,0.97597,2.50,3.60
2011.06.29 05:36:32.558,0.97566,0.97597,2.50,3.00
2011.06.29 05:36:36.959,0.97566,0.97597,1.75,3.60
2011.06.29 05:36:37.289,0.97566,0.97593,1.75,1.88
2011.06.29 05:36:37.839,0.97566,0.97594,1.75,1.88
2011.06.29 05:36:38.388,0.97566,0.97593,1.75,1.88
2011.06.29 05:36:39.649,0.97566,0.97597,1.75,3.60
2011.06.29 05:36:39.977,0.97566,0.97597,1.75,3.60
2011.06.29 05:36:40.527,0.97566,0.97598,2.50,4.35
2011.06.29 05:36:41.910,0.97566,0.97598,2.50,4.35
2011.06.29 05:36:43.612,0.97566,0.97598,2.50,3.75
2011.06.29 05:36:45.368,0.97566,0.97598,2.50,4.35
2011.06.29 05:36:46.879,0.97566,0.97598,1.75,5.10
2011.06.29 05:36:48.318,0.97566,0.97598,1.75,5.10
2011.06.29 05:36:48.613,0.97566,0.97593,1.75,1.88
2011.06.29 05:36:48.839,0.97565,0.97591,1.75,2.25
2011.06.29 05:36:49.390,0.97567,0.97592,1.50,1.50
2011.06.29 05:36:50.098,0.97566,0.97591,1.50,1.50
2011.06.29 05:36:50.870,0.97566,0.97591,1.50,1.50
2011.06.29 05:36:51.201,0.97564,0.97592,1.75,2.25
2011.06.29 05:36:51.749,0.97563,0.97591,2.35,4.13
2011.06.29 05:36:52.078,0.97563,0.97593,2.35,1.88
2011.06.29 05:36:52.727,0.97563,0.97594,2.35,1.50
2011.06.29 05:36:54.049,0.97563,0.97594,3.10,1.50
2011.06.29 05:36:54.270,0.97565,0.97595,2.50,1.35
2011.06.29 05:36:54.680,0.97565,0.97593,1.75,3.00
2011.06.29 05:36:55.010,0.97565,0.97593,1.75,5.48
2011.06.29 05:36:55.120,0.97565,0.97591,1.75,3.00
2011.06.29 05:36:57.111,0.97565,0.97591,1.75,3.60
2011.06.29 05:36:57.658,0.97565,0.97591,1.75,3.00
2011.06.29 05:36:58.969,0.97565,0.97591,1.75,3.60
2011.06.29 05:36:59.190,0.97565,0.97591,1.75,3.00
2011.06.29 05:36:59.299,0.97565,0.97591,1.75,3.60
2011.06.29 05:36:59.631,0.97563,0.97581,1.75,1.50
2011.06.29 05:36:59.853,0.9756,0.97585,1.60,1.88
2011.06.29 05:36:59.971,0.9756,0.97586,1.60,1.88
2011.06.29 05:37:00.189,0.9756,0.97585,1.60,2.25
2011.06.29 05:37:00.859,0.9756,0.97582,1.60,1.50
2011.06.29 05:37:01.409,0.97561,0.97582,1.75,1.50
2011.06.29 05:37:01.849,0.9756,0.97587,1.60,4.13
2011.06.29 05:37:02.470,0.9756,0.97586,1.60,3.00
2011.06.29 05:37:02.580,0.9756,0.97582,1.60,1.50
2011.06.29 05:37:03.240,0.9756,0.97582,1.60,1.50
2011.06.29 05:37:03.802,0.9756,0.97587,1.60,1.13
2011.06.29 05:37:03.921,0.9756,0.97589,1.60,3.00
2011.06.29 05:37:04.029,0.97563,0.97592,1.50,3.60
2011.06.29 05:37:04.140,0.97563,0.97594,1.75,6.23
2011.06.29 05:37:04.249,0.97562,0.97594,1.75,5.63
2011.06.29 05:37:04.689,0.97567,0.97594,1.75,3.00
2011.06.29 05:37:04.911,0.97567,0.97596,1.75,3.00
2011.06.29 05:37:05.682,0.97568,0.97596,1.37,3.00
2011.06.29 05:37:06.019,0.97571,0.97601,1.75,3.60
2011.06.29 05:37:08.959,0.97568,0.97601,1.75,3.60
2011.06.29 05:37:09.069,0.97568,0.97598,1.75,3.00
2011.06.29 05:37:09.949,0.97567,0.9759,2.50,1.13
2011.06.29 05:37:10.499,0.97567,0.97598,1.75,3.00
2011.06.29 05:37:16.949,0.9757,0.97601,1.75,3.60
2011.06.29 05:37:17.168,0.9757,0.97601,1.75,3.60
2011.06.29 05:37:17.719,0.97571,0.97601,2.35,3.00
2011.06.29 05:37:19.062,0.97571,0.97601,2.35,3.00
2011.06.29 05:37:19.500,0.97572,0.97604,1.75,3.75
2011.06.29 05:37:23.089,0.97575,0.97605,1.75,3.60
2011.06.29 05:37:23.419,0.97576,0.97607,1.60,4.50
2011.06.29 05:37:25.063,0.97576,0.97605,1.60,3.00
2011.06.29 05:37:25.179,0.97576,0.97605,1.60,3.00
2011.06.29 05:37:26.058,0.97576,0.97605,1.60,3.00
2011.06.29 05:37:26.649,0.97576,0.97605,1.60,3.00
2011.06.29 05:37:26.868,0.97576,0.97605,1.60,3.00
2011.06.29 05:37:28.569,0.97576,0.97605,1.60,3.00
2011.06.29 05:37:28.789,0.97576,0.97605,1.60,5.63
2011.06.29 05:37:31.078,0.97576,0.97605,1.60,3.75
2011.06.29 05:37:31.938,0.97576,0.97605,1.60,5.63
2011.06.29 05:37:32.608,0.97576,0.97605,1.60,5.63
2011.06.29 05:37:33.488,0.97576,0.97605,1.60,5.63
2011.06.29 05:37:34.258,0.97576,0.97601,1.35,2.25
2011.06.29 05:37:35.177,0.97573,0.97597,1.35,2.63
2011.06.29 05:37:35.290,0.97571,0.97595,1.35,3.75
2011.06.29 05:37:35.401,0.97571,0.97595,1.35,3.75
2011.06.29 05:37:36.548,0.97568,0.97595,2.35,3.75
2011.06.29 05:37:37.098,0.97571,0.97596,1.35,2.25
2011.06.29 05:37:38.090,0.97569,0.9759,1.75,1.88
2011.06.29 05:37:38.420,0.97563,0.97586,2.35,2.25
2011.06.29 05:37:39.499,0.97563,0.97584,1.60,2.63
2011.06.29 05:37:41.378,0.97563,0.97586,1.60,2.63
2011.06.29 05:37:42.578,0.97563,0.97587,1.60,4.50
2011.06.29 05:37:45.601,0.97563,0.97587,2.35,3.75
2011.06.29 05:37:45.715,0.97573,0.97601,1.35,6.38
2011.06.29 05:37:46.268,0.97568,0.97601,2.35,4.50
2011.06.29 05:38:02.969,0.97568,0.97601,2.72,3.75
2011.06.29 05:38:03.519,0.97573,0.97602,2.35,3.00
2011.06.29 05:38:04.396,0.97573,0.97602,1.60,3.75
2011.06.29 05:38:08.070,0.9757,0.97599,1.35,1.50
2011.06.29 05:38:08.288,0.97573,0.97599,1.35,1.50
2011.06.29 05:38:14.230,0.97573,0.97599,1.35,1.50
2011.06.29 05:38:14.788,0.97568,0.97599,1.60,1.50
2011.06.29 05:38:18.822,0.97569,0.97598,1.75,1.50
2011.06.29 05:38:19.487,0.97569,0.97598,1.75,1.50
2011.06.29 05:38:20.038,0.97569,0.97599,1.75,2.25
2011.06.29 05:38:20.589,0.97569,0.97599,1.75,2.25
2011.06.29 05:38:21.031,0.97569,0.976,1.75,3.75
2011.06.29 05:38:21.249,0.97569,0.976,1.75,4.50
2011.06.29 05:38:21.800,0.97569,0.976,1.75,4.50
2011.06.29 05:38:22.140,0.97569,0.976,1.75,3.75
2011.06.29 05:38:22.250,0.97569,0.976,1.75,4.50
2011.06.29 05:38:23.628,0.97569,0.97599,1.75,1.50
2011.06.29 05:38:26.289,0.97569,0.976,1.75,4.50
2011.06.29 05:38:26.741,0.97569,0.97599,1.75,1.50
2011.06.29 05:38:27.990,0.97569,0.97599,1.75,1.50
2011.06.29 05:38:31.388,0.9757,0.97602,1.75,1.35
2011.06.29 05:38:31.718,0.9757,0.97602,1.75,2.10
2011.06.29 05:38:35.118,0.9757,0.97602,1.75,1.35
2011.06.29 05:38:39.597,0.9757,0.97602,1.75,1.35
2011.06.29 05:38:40.068,0.97569,0.97602,2.50,1.35
2011.06.29 05:38:41.301,0.97569,0.97602,2.50,2.10
2011.06.29 05:38:42.489,0.97569,0.97602,2.50,2.10
2011.06.29 05:38:43.099,0.97569,0.97601,2.50,3.75
2011.06.29 05:38:43.318,0.97569,0.97601,2.50,3.75
2011.06.29 05:38:43.650,0.97574,0.97603,1.35,1.50
2011.06.29 05:38:44.197,0.97574,0.97605,2.10,4.50
2011.06.29 05:38:55.249,0.97574,0.976,1.35,3.00
2011.06.29 05:38:55.468,0.97573,0.976,1.35,3.75
2011.06.29 05:38:56.128,0.97574,0.97602,1.60,3.00
2011.06.29 05:38:56.348,0.97574,0.97602,1.60,3.00
2011.06.29 05:38:57.288,0.97573,0.97602,1.60,3.75
2011.06.29 05:38:57.648,0.97574,0.97604,1.60,4.50
2011.06.29 05:38:58.308,0.97575,0.97607,2.50,4.50
2011.06.29 05:38:59.789,0.97575,0.97604,1.75,3.75
2011.06.29 05:39:09.439,0.97575,0.97604,1.75,3.75
2011.06.29 05:39:19.850,0.97574,0.97603,1.35,3.75
2011.06.29 05:39:20.890,0.9757,0.976,1.75,1.50
2011.06.29 05:39:21.110,0.97568,0.97596,1.75,3.75
2011.06.29 05:39:21.659,0.97569,0.97596,1.75,3.75
2011.06.29 05:39:26.089,0.97569,0.97596,1.75,3.75
2011.06.29 05:39:30.999,0.97571,0.97601,1.13,2.10
2011.06.29 05:39:31.219,0.97575,0.97604,1.35,4.50
2011.06.29 05:39:31.769,0.97575,0.97604,1.35,4.50
2011.06.29 05:39:35.508,0.97575,0.97604,1.35,4.50
2011.06.29 05:39:35.860,0.97575,0.97604,1.35,4.50
2011.06.29 05:39:43.148,0.97575,0.97604,1.35,4.50
2011.06.29 05:39:43.738,0.97575,0.97604,1.35,4.50
2011.06.29 05:39:44.239,0.97575,0.97604,1.35,4.50
2011.06.29 05:39:44.569,0.97575,0.97604,1.35,4.50
2011.06.29 05:39:47.979,0.97575,0.97604,1.35,4.50
2011.06.29 05:39:48.568,0.97575,0.97604,1.35,4.50
2011.06.29 05:39:53.798,0.97575,0.97604,1.35,4.50
2011.06.29 05:40:13.518,0.97575,0.97601,1.35,1.50
2011.06.29 05:40:13.849,0.97574,0.97601,1.35,1.50
2011.06.29 05:40:22.390,0.97574,0.976,1.35,3.75
2011.06.29 05:40:22.500,0.97575,0.976,1.35,3.75
2011.06.29 05:40:22.939,0.97575,0.97598,1.35,1.13
2011.06.29 05:40:23.048,0.97575,0.97598,1.35,1.13
2011.06.29 05:40:23.159,0.97575,0.97596,1.35,1.50
2011.06.29 05:40:24.258,0.97571,0.97596,1.75,1.50
2011.06.29 05:40:25.861,0.97571,0.97594,1.75,1.50
2011.06.29 05:40:26.408,0.97571,0.97595,1.75,1.50
2011.06.29 05:40:27.100,0.97571,0.97595,1.75,1.50
2011.06.29 05:40:27.210,0.97571,0.97596,1.75,2.25
2011.06.29 05:40:30.819,0.97571,0.97594,1.75,1.50
2011.06.29 05:40:34.089,0.97571,0.97596,1.75,1.50
2011.06.29 05:40:34.419,0.97571,0.97596,1.75,1.50
2011.06.29 05:40:35.118,0.97571,0.97596,1.75,1.50
2011.06.29 05:40:36.000,0.97571,0.97596,1.75,1.50
2011.06.29 05:40:36.649,0.97571,0.97596,1.75,1.50
2011.06.29 05:40:38.168,0.97571,0.97596,1.75,1.50
2011.06.29 05:40:38.499,0.9757,0.97595,1.60,1.50
2011.06.29 05:40:45.019,0.9757,0.97596,1.60,1.50
2011.06.29 05:40:48.144,0.9757,0.97598,1.60,2.25
2011.06.29 05:40:48.479,0.97572,0.976,1.50,2.25
2011.06.29 05:40:48.589,0.97572,0.976,1.75,2.25
2011.06.29 05:41:04.679,0.97572,0.976,1.75,1.50
2011.06.29 05:41:05.470,0.97572,0.97601,1.75,4.50
2011.06.29 05:41:14.278,0.97571,0.976,1.75,1.50
2011.06.29 05:41:16.979,0.97571,0.97599,1.75,4.50
2011.06.29 05:41:17.199,0.97571,0.97596,1.75,1.50
2011.06.29 05:41:17.749,0.97572,0.97597,1.50,1.50
2011.06.29 05:41:18.359,0.97571,0.97597,1.50,2.25
2011.06.29 05:41:18.689,0.97571,0.97593,1.50,1.88
2011.06.29 05:41:27.630,0.97571,0.97593,1.50,2.25
2011.06.29 05:41:28.248,0.97571,0.97589,1.50,1.50
2011.06.29 05:41:28.816,0.97569,0.97588,1.50,1.50
2011.06.29 05:41:32.428,0.97569,0.97588,1.50,1.50
2011.06.29 05:41:32.980,0.97569,0.97588,1.50,1.50
2011.06.29 05:41:33.308,0.97571,0.97588,2.10,1.50
2011.06.29 05:41:33.748,0.97573,0.9759,1.50,1.50
2011.06.29 05:41:33.858,0.97573,0.9759,1.50,1.50
2011.06.29 05:41:34.188,0.97573,0.9759,1.50,1.50
2011.06.29 05:41:34.408,0.97573,0.9759,1.50,1.50
2011.06.29 05:41:53.987,0.97571,0.97593,2.10,1.50
2011.06.29 05:42:07.308,0.97571,0.97592,1.50,1.50
2011.06.29 05:42:07.530,0.97562,0.97587,4.00,1.50
2011.06.29 05:42:07.860,0.97561,0.97587,1.75,1.50
2011.06.29 05:42:08.078,0.97561,0.97588,1.75,1.50
2011.06.29 05:42:09.480,0.97564,0.97589,1.50,1.50
2011.06.29 05:42:09.701,0.97564,0.9759,1.75,5.25
2011.06.29 05:42:10.248,0.97564,0.9759,1.75,5.25
2011.06.29 05:42:10.819,0.9756,0.97581,2.10,1.50
2011.06.29 05:42:10.930,0.9756,0.97581,1.35,1.88
2011.06.29 05:42:11.152,0.97548,0.97577,1.60,4.50
2011.06.29 05:42:11.260,0.97549,0.97575,1.50,1.35
2011.06.29 05:42:11.480,0.97547,0.9757,1.50,1.50
2011.06.29 05:42:12.040,0.97549,0.97574,1.50,1.50
2011.06.29 05:42:12.511,0.97549,0.97577,1.60,2.25
2011.06.29 05:42:14.229,0.97549,0.97576,1.60,1.50
2011.06.29 05:42:16.820,0.97549,0.97577,1.60,2.25
2011.06.29 05:42:17.519,0.97549,0.97575,1.60,1.50
2011.06.29 05:42:17.961,0.97549,0.97573,1.35,2.63
2011.06.29 05:42:19.048,0.9755,0.97578,1.75,3.75
2011.06.29 05:42:19.382,0.9755,0.97579,1.75,4.50
2011.06.29 05:42:19.710,0.97549,0.97578,1.75,4.50
2011.06.29 05:42:20.259,0.97549,0.97577,1.75,1.50
2011.06.29 05:42:20.808,0.97549,0.97574,1.75,2.63
2011.06.29 05:42:21.139,0.97549,0.97578,1.75,4.50
2011.06.29 05:42:25.047,0.97551,0.97578,1.75,4.50
2011.06.29 05:42:25.820,0.97554,0.9758,1.75,1.35
2011.06.29 05:42:25.931,0.97554,0.97583,1.75,1.50
2011.06.29 05:42:27.408,0.97554,0.97582,1.75,1.50
2011.06.29 05:42:27.934,0.97553,0.97581,1.60,2.25
2011.06.29 05:42:28.051,0.97553,0.97579,1.60,1.50
2011.06.29 05:42:28.599,0.97553,0.97581,1.60,3.75
2011.06.29 05:42:32.539,0.97553,0.97581,1.60,3.75
2011.06.29 05:42:33.956,0.97553,0.97581,1.60,3.75
2011.06.29 05:42:34.309,0.97552,0.97581,2.35,3.75
2011.06.29 05:42:34.418,0.97552,0.97581,2.35,3.75
2011.06.29 05:42:35.298,0.97552,0.9758,1.75,4.35
2011.06.29 05:42:35.656,0.97549,0.97576,2.50,3.00
2011.06.29 05:42:35.774,0.97546,0.97575,1.75,4.50
2011.06.29 05:42:35.890,0.97546,0.97574,1.50,1.50
2011.06.29 05:42:37.379,0.97546,0.97574,2.50,1.50
2011.06.29 05:42:37.929,0.97545,0.9757,1.75,1.50
2011.06.29 05:42:40.498,0.97545,0.97569,1.50,1.50
2011.06.29 05:42:40.719,0.97545,0.97572,1.50,2.25
2011.06.29 05:42:41.380,0.97547,0.97573,1.75,4.50
2011.06.29 05:42:41.930,0.97549,0.97574,1.75,1.35
2011.06.29 05:42:42.478,0.97549,0.97574,1.75,1.50
2011.06.29 05:42:44.470,0.97549,0.9757,1.75,1.50
2011.06.29 05:42:45.020,0.97549,0.97573,1.75,7.13
2011.06.29 05:42:45.570,0.97549,0.97572,1.75,1.50
2011.06.29 05:42:46.118,0.97547,0.97573,1.75,1.50
2011.06.29 05:42:46.229,0.97547,0.97573,1.75,1.50
2011.06.29 05:42:46.559,0.97547,0.97573,2.50,1.50
2011.06.29 05:42:46.998,0.97547,0.97573,4.37,1.50
2011.06.29 05:42:48.989,0.97547,0.9757,3.62,1.50
2011.06.29 05:42:49.099,0.97546,0.97569,2.50,4.50
2011.06.29 05:42:49.210,0.97546,0.97562,2.25,1.13
2011.06.29 05:42:49.430,0.97532,0.97553,1.60,1.13
2011.06.29 05:42:49.815,0.97526,0.97544,1.50,1.50
2011.06.29 05:42:49.929,0.97526,0.97544,1.50,1.50
2011.06.29 05:42:50.260,0.97526,0.97544,1.50,1.50
2011.06.29 05:42:50.480,0.97526,0.97545,1.88,1.50
2011.06.29 05:42:51.431,0.97527,0.97545,1.75,1.50
2011.06.29 05:42:51.759,0.97527,0.97547,1.75,1.50
2011.06.29 05:42:54.459,0.97527,0.97547,1.75,1.50
2011.06.29 05:42:55.110,0.97532,0.9755,1.35,1.50
2011.06.29 05:42:55.221,0.97531,0.97551,1.35,1.50
2011.06.29 05:42:55.331,0.97532,0.97551,1.35,1.50
2011.06.29 05:42:55.770,0.97532,0.97551,1.35,1.50
2011.06.29 05:43:01.288,0.97532,0.97551,1.35,1.50
2011.06.29 05:43:01.649,0.97537,0.97552,1.50,1.13
2011.06.29 05:43:01.760,0.97537,0.97553,1.50,1.50
2011.06.29 05:43:02.309,0.97537,0.97553,1.50,1.50
2011.06.29 05:43:05.500,0.97538,0.97553,1.50,1.50
2011.06.29 05:43:05.830,0.97533,0.97553,1.37,1.50
2011.06.29 05:43:05.939,0.97538,0.97557,4.13,1.13
2011.06.29 05:43:06.270,0.97541,0.97562,1.75,1.50
2011.06.29 05:43:06.490,0.97546,0.97562,1.13,1.50
2011.06.29 05:43:06.819,0.9755,0.97569,1.50,1.50
2011.06.29 05:43:06.929,0.9755,0.97568,1.50,1.50
2011.06.29 05:43:07.369,0.97551,0.97569,1.50,1.50
2011.06.29 05:43:09.069,0.97551,0.97573,1.50,1.50
2011.06.29 05:43:09.624,0.97544,0.97565,1.50,1.13
2011.06.29 05:43:09.740,0.97539,0.97564,2.35,1.50
2011.06.29 05:43:09.851,0.97539,0.97564,2.10,1.50
2011.06.29 05:43:10.179,0.97548,0.97564,1.50,1.50
2011.06.29 05:43:10.400,0.97551,0.9757,1.35,1.50
2011.06.29 05:43:10.619,0.97551,0.97571,1.35,1.50
2011.06.29 05:43:11.060,0.97551,0.97574,2.35,1.50
2011.06.29 05:43:11.883,0.9755,0.97573,1.75,3.00
2011.06.29 05:43:12.439,0.97551,0.97576,1.60,1.50
2011.06.29 05:43:13.019,0.97551,0.97574,1.60,1.50
2011.06.29 05:43:13.131,0.97551,0.97572,1.35,1.50
2011.06.29 05:43:13.352,0.97549,0.97571,1.50,1.50
2011.06.29 05:43:14.140,0.97546,0.97572,1.60,1.50
2011.06.29 05:43:14.802,0.9755,0.9757,1.35,1.50
2011.06.29 05:43:15.239,0.97546,0.9757,1.50,1.88
2011.06.29 05:43:15.350,0.97543,0.97565,1.13,1.50
2011.06.29 05:43:16.010,0.97541,0.97565,2.50,1.50
2011.06.29 05:43:16.774,0.97541,0.97565,2.25,1.50
2011.06.29 05:43:17.441,0.97539,0.97562,1.35,1.50
2011.06.29 05:43:17.660,0.97539,0.97567,1.35,3.75
2011.06.29 05:43:17.884,0.97539,0.97565,2.35,3.00
2011.06.29 05:43:18.003,0.97539,0.97565,1.60,3.75
2011.06.29 05:43:18.120,0.97537,0.97562,1.35,3.75
2011.06.29 05:43:18.232,0.97539,0.97565,1.35,3.00
2011.06.29 05:43:18.450,0.97539,0.97563,1.35,3.00
2011.06.29 05:43:18.560,0.97539,0.97566,1.60,3.75
2011.06.29 05:43:19.001,0.97541,0.9757,1.50,3.75
2011.06.29 05:43:19.110,0.97541,0.9757,1.50,3.00
2011.06.29 05:43:19.770,0.97539,0.9757,2.35,3.75
2011.06.29 05:43:19.881,0.97539,0.97565,1.35,1.50
2011.06.29 05:43:19.993,0.97537,0.97561,1.50,5.25
2011.06.29 05:43:20.110,0.97534,0.97561,1.50,5.25
2011.06.29 05:43:20.220,0.97531,0.97559,2.50,2.63
2011.06.29 05:43:20.329,0.97531,0.97553,1.75,1.88
2011.06.29 05:43:20.549,0.97531,0.97561,1.75,3.75
2011.06.29 05:43:20.661,0.97533,0.97554,1.75,1.88
2011.06.29 05:43:21.751,0.97534,0.97564,1.60,3.75
2011.06.29 05:43:22.578,0.97533,0.97564,2.35,3.00
2011.06.29 05:43:22.801,0.97541,0.97566,2.35,1.88
2011.06.29 05:43:23.129,0.97546,0.97575,1.50,2.10
2011.06.29 05:43:23.461,0.97548,0.97578,1.88,1.50
2011.06.29 05:43:23.572,0.97549,0.97578,1.50,1.50
2011.06.29 05:43:23.899,0.97552,0.97579,1.50,2.25
2011.06.29 05:43:24.449,0.97554,0.97579,1.50,1.50
2011.06.29 05:43:24.892,0.97551,0.97576,1.35,3.75
2011.06.29 05:43:25.485,0.97546,0.97573,1.50,2.63
2011.06.29 05:43:25.824,0.97544,0.97572,1.60,3.75
2011.06.29 05:43:25.941,0.97542,0.97567,1.37,3.75
2011.06.29 05:43:26.052,0.9754,0.97567,2.35,3.75
2011.06.29 05:43:26.390,0.97546,0.97572,1.50,1.50
2011.06.29 05:43:26.719,0.97546,0.97572,1.50,1.50
2011.06.29 05:43:27.632,0.97538,0.97566,1.60,1.50
2011.06.29 05:43:27.851,0.97534,0.97562,1.75,3.75
2011.06.29 05:43:28.399,0.97537,0.97562,2.35,3.75
2011.06.29 05:43:28.511,0.97539,0.97563,1.60,1.88
2011.06.29 05:43:28.619,0.97539,0.97569,1.60,3.75
2011.06.29 05:43:28.729,0.97539,0.97569,1.60,3.75
2011.06.29 05:43:29.076,0.97539,0.97569,1.60,3.75
2011.06.29 05:43:29.519,0.97539,0.97569,1.60,3.75
2011.06.29 05:43:30.178,0.97539,0.97564,1.60,1.50
2011.06.29 05:43:30.920,0.97539,0.97569,1.60,3.75
2011.06.29 05:43:31.361,0.97539,0.97569,1.35,4.50
2011.06.29 05:43:32.053,0.97539,0.97567,1.35,3.00
2011.06.29 05:43:32.849,0.97539,0.97567,1.35,3.75
2011.06.29 05:43:33.179,0.97539,0.97564,1.35,2.63
2011.06.29 05:43:33.398,0.97539,0.97569,1.35,1.50
2011.06.29 05:43:33.619,0.97536,0.97566,1.75,4.35
2011.06.29 05:43:33.949,0.97536,0.97563,1.75,1.88
2011.06.29 05:43:34.609,0.97534,0.97563,2.35,2.63
2011.06.29 05:43:35.159,0.97536,0.97563,1.50,1.88
2011.06.29 05:43:35.680,0.97539,0.97566,1.35,3.75
2011.06.29 05:43:36.229,0.97536,0.97565,1.75,1.35
2011.06.29 05:43:37.330,0.97533,0.97564,2.35,4.88
2011.06.29 05:43:37.770,0.97533,0.97563,2.35,1.50
2011.06.29 05:43:38.349,0.97533,0.97564,2.35,3.38
2011.06.29 05:43:38.869,0.97533,0.97564,2.35,5.25
2011.06.29 05:43:39.528,0.97533,0.97564,2.35,3.00
2011.06.29 05:43:40.994,0.97533,0.97564,2.35,3.00
2011.06.29 05:43:41.220,0.97542,0.97569,1.35,3.75
2011.06.29 05:43:41.331,0.97542,0.97571,1.35,5.25
2011.06.29 05:43:41.919,0.97542,0.97571,1.35,4.50
2011.06.29 05:43:42.251,0.97542,0.97571,1.60,3.75
2011.06.29 05:43:42.691,0.97542,0.97574,2.35,3.23
2011.06.29 05:43:42.910,0.97543,0.97572,2.50,3.00
2011.06.29 05:43:43.609,0.97543,0.97572,1.75,3.00
2011.06.29 05:43:44.463,0.97543,0.97572,1.50,3.00
2011.06.29 05:43:44.692,0.97543,0.97573,1.50,1.88
2011.06.29 05:43:45.020,0.97543,0.97573,1.50,1.88
2011.06.29 05:43:45.568,0.97543,0.97573,1.50,1.88
2011.06.29 05:43:46.155,0.97543,0.97573,1.50,1.88
2011.06.29 05:43:46.661,0.97543,0.97573,1.50,1.88
2011.06.29 05:43:47.400,0.97543,0.97573,1.50,1.88
