2009.10.06 14:00:00.210,0.86475,0.86505,4.80,8.10
2009.10.06 14:00:00.379,0.86475,0.86505,2.40,6.50
2009.10.06 14:00:00.559,0.86475,0.86505,2.40,7.70
2009.10.06 14:00:01.249,0.8647,0.865,9.60,4.90
2009.10.06 14:00:01.599,0.86475,0.865,2.40,4.00
2009.10.06 14:00:01.949,0.86475,0.86505,3.20,8.50
2009.10.06 14:00:02.339,0.86475,0.86505,1.00,7.60
2009.10.06 14:00:02.689,0.86475,0.86505,1.00,17.20
2009.10.06 14:00:03.369,0.86475,0.86505,1.00,9.20
2009.10.06 14:00:03.718,0.86475,0.86505,4.80,8.90
2009.10.06 14:00:03.979,0.86475,0.865,2.40,2.40
2009.10.06 14:00:04.158,0.8647,0.865,13.60,2.40
2009.10.06 14:00:04.398,0.8647,0.865,21.20,2.40
2009.10.06 14:00:04.848,0.8647,0.865,10.00,2.40
2009.10.06 14:00:05.198,0.8647,0.865,9.60,2.40
2009.10.06 14:00:05.828,0.86475,0.865,2.40,2.40
2009.10.06 14:00:06.188,0.8647,0.8649,6.40,4.40
2009.10.06 14:00:06.518,0.8647,0.86475,8.00,1.00
2009.10.06 14:00:06.868,0.8647,0.86475,4.00,1.00
2009.10.06 14:00:07.218,0.86465,0.8649,1.00,7.60
2009.10.06 14:00:07.608,0.86465,0.8649,1.00,4.00
2009.10.06 14:00:07.949,0.86465,0.8649,1.00,2.40
2009.10.06 14:00:08.237,0.8646,0.8649,9.20,4.20
2009.10.06 14:00:08.478,0.8646,0.86485,4.00,4.80
2009.10.06 14:00:08.707,0.8646,0.86485,5.60,1.60
2009.10.06 14:00:09.207,0.8646,0.86485,8.00,1.60
2009.10.06 14:00:09.837,0.86465,0.86485,2.40,1.60
2009.10.06 14:00:10.827,0.86465,0.8649,2.40,4.00
2009.10.06 14:00:11.177,0.86465,0.86495,3.20,7.20
2009.10.06 14:00:11.517,0.86465,0.86495,4.00,5.60
2009.10.06 14:00:11.856,0.86465,0.86495,4.00,5.60
2009.10.06 14:00:12.256,0.8647,0.86495,2.40,4.80
2009.10.06 14:00:13.296,0.8647,0.86495,2.40,4.00
2009.10.06 14:00:13.526,0.8647,0.86495,3.20,4.00
2009.10.06 14:00:13.756,0.8647,0.86495,5.60,4.00
2009.10.06 14:00:14.216,0.8647,0.86495,3.20,1.60
2009.10.06 14:00:14.387,0.8647,0.86495,4.00,1.60
2009.10.06 14:00:17.185,0.8647,0.86495,1.60,4.00
2009.10.06 14:00:17.465,0.86465,0.86495,5.60,9.30
2009.10.06 14:00:17.855,0.8646,0.86485,4.00,1.60
2009.10.06 14:00:19.724,0.86465,0.86485,1.60,1.60
2009.10.06 14:00:19.895,0.8647,0.8649,2.40,4.00
2009.10.06 14:00:20.005,0.8647,0.86495,2.40,9.60
2009.10.06 14:00:20.114,0.8647,0.86495,2.40,5.60
2009.10.06 14:00:21.635,0.86465,0.86495,3.20,8.80
2009.10.06 14:00:21.974,0.8647,0.86495,2.40,7.20
2009.10.06 14:00:22.374,0.86465,0.8649,2.40,6.40
2009.10.06 14:00:25.293,0.8646,0.8649,4.00,9.20
2009.10.06 14:00:26.473,0.8646,0.8649,5.60,4.00
2009.10.06 14:00:26.823,0.86465,0.86495,2.40,10.10
2009.10.06 14:00:28.413,0.86465,0.86495,3.20,9.30
2009.10.06 14:00:28.702,0.86465,0.86495,3.20,10.10
2009.10.06 14:00:28.932,0.86465,0.86495,3.20,9.30
2009.10.06 14:00:29.053,0.8647,0.86495,2.40,4.80
2009.10.06 14:00:29.392,0.8647,0.86495,2.40,4.00
2009.10.06 14:00:29.932,0.8647,0.86495,3.20,4.00
2009.10.06 14:00:30.162,0.8647,0.86495,2.40,4.00
2009.10.06 14:00:30.452,0.8647,0.865,2.40,10.00
2009.10.06 14:00:32.562,0.8647,0.865,6.40,10.80
2009.10.06 14:00:33.241,0.8648,0.865,2.40,4.00
2009.10.06 14:00:33.602,0.86475,0.865,4.80,4.00
2009.10.06 14:00:33.772,0.8648,0.86505,2.40,5.20
2009.10.06 14:00:33.941,0.86475,0.865,6.40,2.40
2009.10.06 14:00:34.121,0.86475,0.865,6.40,2.00
2009.10.06 14:00:34.411,0.86465,0.8649,6.40,3.60
2009.10.06 14:00:34.751,0.86465,0.8649,2.40,12.70
2009.10.06 14:00:35.101,0.8646,0.8649,2.40,15.20
2009.10.06 14:00:35.771,0.8646,0.86485,2.40,1.00
2009.10.06 14:00:36.441,0.86455,0.86485,9.60,1.00
2009.10.06 14:00:36.791,0.86465,0.8649,4.00,2.40
2009.10.06 14:00:37.130,0.8647,0.8649,2.40,5.60
2009.10.06 14:00:37.511,0.8647,0.8649,2.40,1.60
2009.10.06 14:00:39.230,0.8647,0.8649,2.40,1.60
2009.10.06 14:00:39.340,0.86465,0.8649,2.40,2.80
2009.10.06 14:00:39.460,0.86465,0.8649,2.40,2.80
2009.10.06 14:00:39.750,0.86475,0.86495,2.40,4.80
2009.10.06 14:00:39.910,0.86475,0.86495,2.40,4.80
2009.10.06 14:00:40.020,0.8647,0.86495,2.40,13.60
2009.10.06 14:00:40.190,0.8647,0.86495,2.40,1.60
2009.10.06 14:00:40.300,0.86465,0.86495,8.80,4.00
2009.10.06 14:00:40.640,0.8646,0.86485,4.00,4.80
2009.10.06 14:00:41.160,0.8647,0.86495,2.40,5.60
2009.10.06 14:00:41.519,0.86465,0.86495,3.20,8.40
2009.10.06 14:00:41.859,0.86465,0.8649,2.40,1.00
2009.10.06 14:00:42.249,0.86465,0.8649,2.40,2.40
2009.10.06 14:00:42.599,0.8646,0.8649,6.80,2.40
2009.10.06 14:00:42.939,0.8646,0.8649,4.40,6.40
2009.10.06 14:00:43.269,0.86465,0.8649,4.00,6.00
2009.10.06 14:00:43.909,0.8646,0.86485,6.40,1.00
2009.10.06 14:00:44.079,0.86455,0.86485,6.40,4.80
2009.10.06 14:00:44.319,0.86455,0.86485,6.40,5.20
2009.10.06 14:00:44.829,0.8646,0.8649,2.40,10.10
2009.10.06 14:00:45.569,0.8646,0.8649,3.20,12.80
2009.10.06 14:00:45.928,0.8646,0.8649,3.20,4.00
2009.10.06 14:00:46.278,0.8646,0.8649,3.20,8.00
2009.10.06 14:00:46.628,0.86465,0.8649,4.00,4.00
2009.10.06 14:00:46.978,0.86465,0.8649,4.00,4.80
2009.10.06 14:00:47.328,0.86465,0.8649,4.00,4.10
2009.10.06 14:00:47.778,0.8646,0.8648,6.40,1.00
2009.10.06 14:00:48.128,0.8646,0.8648,2.40,1.00
2009.10.06 14:00:48.478,0.8646,0.86485,2.40,1.00
2009.10.06 14:00:49.688,0.86455,0.8648,3.20,1.00
2009.10.06 14:00:49.858,0.86455,0.8648,2.40,1.00
2009.10.06 14:00:50.087,0.86465,0.86485,2.40,1.20
2009.10.06 14:00:50.247,0.86465,0.86485,2.40,1.00
2009.10.06 14:00:50.367,0.86465,0.86485,2.40,4.00
2009.10.06 14:00:50.987,0.86465,0.8649,2.40,1.00
2009.10.06 14:00:51.347,0.86465,0.8649,2.40,1.20
2009.10.06 14:00:51.677,0.86465,0.8649,2.40,1.00
2009.10.06 14:00:52.027,0.86465,0.86495,2.40,9.70
2009.10.06 14:00:52.377,0.8647,0.86495,4.00,9.30
2009.10.06 14:00:52.727,0.8647,0.86495,4.00,4.50
2009.10.06 14:00:53.017,0.86465,0.86495,6.40,4.50
2009.10.06 14:00:53.256,0.86475,0.86495,1.60,8.50
2009.10.06 14:00:53.536,0.86475,0.8649,1.60,2.40
2009.10.06 14:00:54.816,0.86475,0.8649,1.60,3.20
2009.10.06 14:00:55.106,0.86465,0.86485,1.60,4.00
2009.10.06 14:00:55.376,0.86465,0.86485,1.60,1.00
2009.10.06 14:00:55.496,0.86475,0.86485,1.60,1.00
2009.10.06 14:00:55.616,0.86475,0.8649,1.60,1.60
2009.10.06 14:00:55.676,0.86475,0.8649,1.60,1.00
2009.10.06 14:00:56.546,0.8647,0.86485,1.60,3.20
2009.10.06 14:00:56.896,0.86465,0.86485,1.60,3.20
2009.10.06 14:00:57.956,0.86465,0.8649,4.00,4.40
2009.10.06 14:00:58.176,0.8647,0.8649,1.60,3.70
2009.10.06 14:00:58.336,0.86465,0.8649,4.00,8.50
2009.10.06 14:00:58.506,0.86465,0.86485,1.60,3.20
2009.10.06 14:00:59.487,0.86465,0.8648,1.60,2.40
2009.10.06 14:00:59.785,0.8646,0.8648,8.00,3.20
2009.10.06 14:01:00.065,0.8646,0.8648,4.00,3.20
2009.10.06 14:01:00.415,0.8646,0.8648,4.40,3.20
2009.10.06 14:01:00.765,0.86465,0.8648,1.60,2.40
2009.10.06 14:01:01.495,0.8646,0.8648,8.00,3.20
2009.10.06 14:01:01.835,0.8646,0.86485,9.60,1.00
2009.10.06 14:01:02.184,0.86465,0.8648,5.60,1.00
2009.10.06 14:01:02.874,0.86465,0.8648,8.00,1.00
2009.10.06 14:01:03.214,0.86465,0.86485,8.00,1.00
2009.10.06 14:01:03.434,0.8647,0.8648,1.60,1.00
2009.10.06 14:01:03.654,0.86465,0.8648,8.00,1.00
2009.10.06 14:01:03.874,0.8646,0.8648,8.00,3.20
2009.10.06 14:01:04.344,0.8646,0.8648,8.00,1.00
2009.10.06 14:01:04.634,0.8646,0.8648,8.00,1.00
2009.10.06 14:01:04.924,0.86465,0.8648,9.60,1.00
2009.10.06 14:01:05.214,0.86465,0.8648,13.60,1.00
2009.10.06 14:01:05.853,0.86465,0.8648,5.60,1.00
2009.10.06 14:01:07.363,0.86465,0.86485,5.60,1.20
2009.10.06 14:01:07.753,0.86465,0.86485,8.00,1.00
2009.10.06 14:01:08.093,0.8647,0.86485,1.60,3.20
2009.10.06 14:01:08.433,0.8647,0.86485,4.00,3.20
2009.10.06 14:01:08.763,0.8647,0.86485,4.00,6.40
2009.10.06 14:01:09.113,0.86465,0.8648,4.00,4.40
2009.10.06 14:01:09.823,0.8646,0.8648,12.00,4.40
2009.10.06 14:01:10.043,0.8646,0.86475,8.00,1.00
2009.10.06 14:01:12.012,0.86465,0.8648,1.60,1.20
2009.10.06 14:01:12.292,0.86465,0.8648,8.00,1.00
2009.10.06 14:01:12.872,0.86465,0.86485,4.80,1.00
2009.10.06 14:01:13.162,0.86475,0.8649,1.60,2.40
2009.10.06 14:01:13.522,0.86465,0.8649,8.00,5.20
2009.10.06 14:01:13.872,0.86465,0.8649,8.00,6.00
2009.10.06 14:01:14.222,0.86465,0.8649,4.00,6.00
2009.10.06 14:01:14.572,0.86465,0.8648,2.40,1.00
2009.10.06 14:01:14.922,0.8646,0.8648,4.00,5.60
2009.10.06 14:01:15.271,0.86465,0.86485,4.00,4.40
2009.10.06 14:01:15.621,0.86465,0.86485,4.00,3.20
2009.10.06 14:01:16.661,0.86465,0.86485,8.00,3.20
2009.10.06 14:01:17.011,0.86465,0.86485,4.00,3.20
2009.10.06 14:01:18.411,0.86465,0.86485,4.00,2.40
2009.10.06 14:01:18.760,0.86465,0.86485,4.00,3.20
2009.10.06 14:01:20.310,0.86465,0.86485,2.40,3.20
2009.10.06 14:01:20.480,0.8646,0.86485,4.00,3.20
2009.10.06 14:01:20.646,0.8646,0.86485,4.80,3.20
2009.10.06 14:01:20.810,0.86465,0.86485,4.00,1.60
2009.10.06 14:01:21.160,0.86465,0.86485,4.00,3.60
2009.10.06 14:01:21.510,0.86455,0.86485,8.00,9.20
2009.10.06 14:01:21.860,0.8646,0.86475,12.00,1.00
2009.10.06 14:01:22.189,0.86455,0.86475,1.60,1.00
2009.10.06 14:01:26.128,0.8646,0.8648,1.60,4.80
2009.10.06 14:01:27.628,0.8646,0.8648,1.60,1.00
2009.10.06 14:01:28.268,0.8646,0.8648,1.60,4.80
2009.10.06 14:01:29.418,0.8646,0.8648,1.60,1.00
2009.10.06 14:01:31.067,0.8646,0.8648,1.60,4.00
2009.10.06 14:01:31.407,0.86455,0.86475,1.60,1.00
2009.10.06 14:01:32.797,0.86455,0.8648,4.00,10.80
2009.10.06 14:01:33.137,0.8646,0.8648,4.00,6.40
2009.10.06 14:01:33.487,0.8646,0.8648,4.00,2.40
2009.10.06 14:01:33.837,0.86455,0.8648,4.00,3.20
2009.10.06 14:01:34.217,0.86455,0.8648,4.00,6.40
2009.10.06 14:01:34.516,0.86455,0.8648,4.00,7.20
2009.10.06 14:01:34.926,0.86455,0.8648,4.00,3.20
2009.10.06 14:01:37.306,0.86455,0.8648,4.10,3.20
2009.10.06 14:01:37.646,0.8645,0.86475,8.00,4.80
2009.10.06 14:01:37.996,0.8645,0.86475,4.00,4.80
2009.10.06 14:01:38.626,0.8645,0.86475,4.80,1.00
2009.10.06 14:01:38.916,0.86455,0.8648,4.00,1.00
2009.10.06 14:01:39.145,0.8646,0.86485,4.00,7.80
2009.10.06 14:01:39.496,0.8646,0.86485,1.60,9.10
2009.10.06 14:01:39.835,0.8646,0.86485,1.60,5.10
2009.10.06 14:01:41.515,0.8646,0.86485,1.60,9.00
2009.10.06 14:01:42.205,0.86465,0.8648,1.60,2.40
2009.10.06 14:01:42.894,0.8646,0.8648,1.60,2.40
2009.10.06 14:01:43.654,0.8646,0.8648,1.60,2.40
2009.10.06 14:01:43.934,0.86465,0.86485,4.00,1.60
2009.10.06 14:01:44.104,0.86465,0.8649,4.00,6.40
2009.10.06 14:01:44.444,0.86465,0.8649,8.00,2.40
2009.10.06 14:01:44.794,0.86465,0.8649,4.00,2.40
2009.10.06 14:01:45.824,0.86465,0.8649,4.10,2.40
2009.10.06 14:01:47.643,0.86465,0.8649,4.10,7.20
2009.10.06 14:01:47.943,0.86465,0.8649,1.60,9.20
2009.10.06 14:01:49.263,0.86465,0.8649,1.60,17.40
2009.10.06 14:01:49.443,0.86465,0.8649,1.60,13.40
2009.10.06 14:01:50.153,0.86465,0.86485,1.60,6.40
2009.10.06 14:01:50.683,0.86465,0.8648,1.60,3.20
2009.10.06 14:01:51.143,0.8646,0.8648,1.60,6.40
2009.10.06 14:01:51.493,0.86455,0.86485,3.20,7.70
2009.10.06 14:01:51.873,0.86465,0.8649,4.00,8.40
2009.10.06 14:01:52.582,0.86465,0.8649,4.00,4.40
2009.10.06 14:01:54.132,0.8647,0.8649,1.60,4.40
2009.10.06 14:01:54.312,0.8647,0.8649,4.80,1.60
2009.10.06 14:01:54.482,0.8648,0.865,4.00,7.70
2009.10.06 14:01:54.592,0.86475,0.86495,4.00,6.40
2009.10.06 14:01:54.932,0.86475,0.86495,4.00,2.40
2009.10.06 14:01:58.521,0.86475,0.86495,2.40,2.40
2009.10.06 14:01:58.691,0.86475,0.865,2.40,8.40
2009.10.06 14:01:59.031,0.86475,0.865,2.40,3.20
2009.10.06 14:02:00.021,0.86475,0.865,6.40,3.20
2009.10.06 14:02:00.650,0.86475,0.865,6.40,3.60
2009.10.06 14:02:00.880,0.8647,0.86495,6.40,8.40
2009.10.06 14:02:01.460,0.8647,0.865,6.40,4.00
2009.10.06 14:02:01.810,0.86475,0.86495,2.40,4.00
2009.10.06 14:02:02.200,0.86475,0.865,2.40,7.20
2009.10.06 14:02:04.189,0.86485,0.865,1.00,7.20
2009.10.06 14:02:04.529,0.86485,0.865,4.00,4.00
2009.10.06 14:02:04.869,0.86485,0.865,3.20,4.00
2009.10.06 14:02:05.150,0.86485,0.8651,3.20,2.40
2009.10.06 14:02:06.889,0.86485,0.8651,3.30,2.40
2009.10.06 14:02:07.599,0.86485,0.865,1.00,1.00
2009.10.06 14:02:07.949,0.8648,0.86505,2.40,4.80
2009.10.06 14:02:08.298,0.86475,0.86505,8.10,4.40
2009.10.06 14:02:08.648,0.86485,0.8651,3.00,6.40
2009.10.06 14:02:08.929,0.86485,0.8651,8.50,1.00
2009.10.06 14:02:09.398,0.865,0.86515,2.40,6.00
2009.10.06 14:02:09.688,0.865,0.8652,2.40,4.80
2009.10.06 14:02:09.928,0.865,0.8652,2.40,1.60
2009.10.06 14:02:10.148,0.86495,0.8652,2.80,4.00
2009.10.06 14:02:10.608,0.86495,0.8652,2.80,4.80
2009.10.06 14:02:10.958,0.86495,0.86525,3.60,8.80
2009.10.06 14:02:11.308,0.86505,0.86525,2.40,6.40
2009.10.06 14:02:11.708,0.8651,0.8653,2.40,8.00
2009.10.06 14:02:12.048,0.86515,0.86535,1.60,5.60
2009.10.06 14:02:12.398,0.8652,0.86535,4.00,4.00
2009.10.06 14:02:13.098,0.8651,0.86535,4.00,7.20
2009.10.06 14:02:13.447,0.8651,0.86535,4.00,7.60
2009.10.06 14:02:13.847,0.8651,0.86535,4.00,8.50
2009.10.06 14:02:14.137,0.86515,0.86535,1.60,7.20
2009.10.06 14:02:15.047,0.86515,0.86535,1.60,3.20
2009.10.06 14:02:15.447,0.86515,0.86535,1.60,6.40
2009.10.06 14:02:15.797,0.86515,0.86535,1.60,2.40
2009.10.06 14:02:16.127,0.86525,0.8654,1.60,6.40
2009.10.06 14:02:16.477,0.86525,0.8654,1.60,2.40
2009.10.06 14:02:16.826,0.86525,0.8654,1.60,6.40
2009.10.06 14:02:17.866,0.86525,0.8654,1.60,4.00
2009.10.06 14:02:18.206,0.86515,0.8654,1.60,6.80
2009.10.06 14:02:18.496,0.86525,0.8654,1.60,6.40
2009.10.06 14:02:18.966,0.86525,0.8654,1.60,4.00
2009.10.06 14:02:19.256,0.8652,0.8654,5.20,4.00
2009.10.06 14:02:19.536,0.8653,0.86545,1.60,4.00
2009.10.06 14:02:20.755,0.8653,0.8655,1.60,7.20
2009.10.06 14:02:23.615,0.8653,0.8655,4.00,4.00
2009.10.06 14:02:24.425,0.8653,0.8655,1.60,4.80
2009.10.06 14:02:24.814,0.8653,0.8655,4.00,4.80
2009.10.06 14:02:25.095,0.8652,0.86545,1.00,8.80
2009.10.06 14:02:25.315,0.8652,0.8654,1.60,2.40
2009.10.06 14:02:25.545,0.8652,0.8654,1.60,3.20
2009.10.06 14:02:25.724,0.8652,0.8654,1.60,2.40
2009.10.06 14:02:26.114,0.8652,0.86535,1.60,2.40
2009.10.06 14:02:26.464,0.8652,0.8654,4.00,4.00
2009.10.06 14:02:27.144,0.8652,0.86545,4.00,3.20
2009.10.06 14:02:27.494,0.86525,0.86545,1.60,2.40
2009.10.06 14:02:27.834,0.8652,0.86545,4.00,7.20
2009.10.06 14:02:28.184,0.8652,0.8654,1.60,6.40
2009.10.06 14:02:28.524,0.86515,0.8654,4.00,2.40
2009.10.06 14:02:28.754,0.8652,0.8654,1.60,2.40
2009.10.06 14:02:29.923,0.8651,0.8654,5.60,4.40
2009.10.06 14:02:30.263,0.8651,0.8654,6.40,4.80
2009.10.06 14:02:30.613,0.86515,0.8654,1.60,2.40
2009.10.06 14:02:31.243,0.86515,0.8654,1.60,3.60
2009.10.06 14:02:31.513,0.86515,0.86535,1.60,2.40
2009.10.06 14:02:31.913,0.8652,0.8654,1.60,2.40
2009.10.06 14:02:32.253,0.86515,0.8654,8.00,2.40
2009.10.06 14:02:32.593,0.8652,0.8654,1.60,2.40
2009.10.06 14:02:32.943,0.8652,0.8654,4.00,2.40
2009.10.06 14:02:38.081,0.8652,0.8655,4.00,7.20
2009.10.06 14:02:38.421,0.8653,0.8655,4.80,4.00
2009.10.06 14:02:39.041,0.8653,0.86555,4.00,2.40
2009.10.06 14:02:40.081,0.8653,0.86555,4.00,2.40
2009.10.06 14:02:40.421,0.8653,0.8655,4.00,2.40
2009.10.06 14:02:41.130,0.86525,0.8655,5.60,2.40
2009.10.06 14:02:41.461,0.86525,0.8655,1.60,2.40
2009.10.06 14:02:42.161,0.86525,0.8655,8.00,2.40
2009.10.06 14:02:42.520,0.86535,0.86555,1.60,2.40
2009.10.06 14:02:43.030,0.86535,0.8656,1.60,8.40
2009.10.06 14:02:43.260,0.86535,0.86555,1.60,2.40
2009.10.06 14:02:43.970,0.8653,0.86555,2.40,2.40
2009.10.06 14:02:44.140,0.8653,0.86555,1.60,2.90
2009.10.06 14:02:48.739,0.8653,0.86555,1.60,6.80
2009.10.06 14:02:49.439,0.8653,0.86555,1.00,7.20
2009.10.06 14:02:49.739,0.86525,0.86545,5.70,2.40
2009.10.06 14:02:49.978,0.86525,0.86545,1.60,2.40
2009.10.06 14:02:50.498,0.86525,0.86545,5.60,2.40
2009.10.06 14:02:50.788,0.86525,0.86545,1.60,2.40
2009.10.06 14:02:52.068,0.8653,0.8655,1.60,2.40
2009.10.06 14:02:54.497,0.86525,0.86545,5.60,2.40
2009.10.06 14:02:54.848,0.86525,0.86545,1.60,2.40
2009.10.06 14:02:56.177,0.86525,0.8655,8.80,2.40
2009.10.06 14:02:58.296,0.8653,0.8655,5.60,2.40
2009.10.06 14:02:58.976,0.8653,0.8655,5.60,2.40
2009.10.06 14:03:00.016,0.8653,0.8655,5.60,2.40
2009.10.06 14:03:00.706,0.8653,0.8655,5.60,2.40
2009.10.06 14:03:01.086,0.8653,0.8655,6.40,2.40
2009.10.06 14:03:01.436,0.86545,0.86565,1.60,2.40
2009.10.06 14:03:01.796,0.86545,0.86565,1.60,7.20
2009.10.06 14:03:02.126,0.86545,0.86565,1.60,6.40
2009.10.06 14:03:02.485,0.86545,0.86565,1.60,2.40
2009.10.06 14:03:02.866,0.86545,0.86565,1.60,7.20
2009.10.06 14:03:03.196,0.86545,0.86565,1.60,7.60
2009.10.06 14:03:03.555,0.8655,0.8657,1.60,8.80
2009.10.06 14:03:03.895,0.86545,0.8657,1.60,8.80
2009.10.06 14:03:04.235,0.8655,0.8657,1.60,8.00
2009.10.06 14:03:06.355,0.8655,0.8657,1.60,7.20
2009.10.06 14:03:06.685,0.86545,0.8657,4.00,4.80
2009.10.06 14:03:07.025,0.8655,0.8657,1.60,3.60
2009.10.06 14:03:08.384,0.86555,0.8657,1.60,1.00
2009.10.06 14:03:09.294,0.86555,0.86575,1.60,3.20
2009.10.06 14:03:09.854,0.86555,0.86575,1.60,3.20
2009.10.06 14:03:10.144,0.86545,0.8657,5.60,3.60
2009.10.06 14:03:10.644,0.86545,0.86565,5.60,3.60
2009.10.06 14:03:10.943,0.86545,0.86565,1.60,3.60
2009.10.06 14:03:12.663,0.86545,0.86565,1.60,7.60
2009.10.06 14:03:13.873,0.86545,0.86565,1.60,3.60
2009.10.06 14:03:14.723,0.8654,0.8656,1.60,2.40
2009.10.06 14:03:14.842,0.8654,0.86565,1.60,4.00
2009.10.06 14:03:15.022,0.8654,0.8656,1.60,2.40
2009.10.06 14:03:15.582,0.86535,0.86555,4.00,3.60
2009.10.06 14:03:15.922,0.86535,0.86555,5.60,3.20
2009.10.06 14:03:16.262,0.86535,0.86555,4.00,4.00
2009.10.06 14:03:16.612,0.86535,0.86555,1.60,2.40
2009.10.06 14:03:16.952,0.8654,0.86555,1.60,2.80
2009.10.06 14:03:17.292,0.86535,0.86555,1.60,2.80
2009.10.06 14:03:18.012,0.86535,0.86555,1.60,2.40
2009.10.06 14:03:18.352,0.86535,0.86555,1.60,3.20
2009.10.06 14:03:18.522,0.86535,0.86555,1.60,2.40
2009.10.06 14:03:20.271,0.86535,0.86555,1.60,3.20
2009.10.06 14:03:20.911,0.86535,0.86555,1.60,2.40
2009.10.06 14:03:21.921,0.86535,0.8656,4.00,7.60
2009.10.06 14:03:22.271,0.8653,0.86555,4.00,2.40
2009.10.06 14:03:22.621,0.86535,0.86555,1.60,2.40
2009.10.06 14:03:23.320,0.86545,0.8656,1.60,10.40
2009.10.06 14:03:23.671,0.86535,0.86555,1.60,2.40
2009.10.06 14:03:26.060,0.8653,0.8655,1.00,3.20
2009.10.06 14:03:26.450,0.86525,0.8654,5.60,1.00
2009.10.06 14:03:26.789,0.86525,0.86545,1.60,8.00
2009.10.06 14:03:27.469,0.86525,0.8654,1.60,1.00
2009.10.06 14:03:27.859,0.86525,0.86545,5.60,4.00
2009.10.06 14:03:28.209,0.86535,0.8655,1.60,3.30
2009.10.06 14:03:28.549,0.86535,0.8655,1.60,3.20
2009.10.06 14:03:30.719,0.8653,0.8655,5.60,3.20
2009.10.06 14:03:30.899,0.8653,0.8655,5.60,2.40
2009.10.06 14:03:31.249,0.86535,0.86555,1.60,2.40
2009.10.06 14:03:32.102,0.8653,0.86555,5.60,3.20
2009.10.06 14:03:32.448,0.86535,0.8656,4.00,4.80
2009.10.06 14:03:32.808,0.86535,0.8656,4.00,3.20
2009.10.06 14:03:33.148,0.86535,0.8656,4.00,3.60
2009.10.06 14:03:34.608,0.8654,0.86555,4.00,1.00
2009.10.06 14:03:34.788,0.8654,0.86555,5.60,1.00
2009.10.06 14:03:34.908,0.8654,0.8656,5.60,3.60
2009.10.06 14:03:35.078,0.8654,0.86555,4.00,1.00
2009.10.06 14:03:35.417,0.8654,0.8656,5.60,3.60
2009.10.06 14:03:35.757,0.8654,0.8656,4.00,6.80
2009.10.06 14:03:36.457,0.86535,0.86555,4.00,1.00
2009.10.06 14:03:36.807,0.8653,0.86555,8.00,1.00
2009.10.06 14:03:37.157,0.8653,0.86555,4.00,1.00
2009.10.06 14:03:37.507,0.8653,0.8656,4.80,3.20
2009.10.06 14:03:37.857,0.86535,0.86565,7.30,4.80
2009.10.06 14:03:38.187,0.86535,0.86565,8.10,1.00
2009.10.06 14:03:38.487,0.86535,0.86565,8.90,1.00
2009.10.06 14:03:38.767,0.8654,0.86565,4.00,1.00
2009.10.06 14:03:39.507,0.8654,0.8657,5.60,7.60
2009.10.06 14:03:39.737,0.8654,0.8657,9.60,7.20
2009.10.06 14:03:39.967,0.86545,0.8657,2.40,3.20
2009.10.06 14:03:40.376,0.86545,0.8657,6.40,3.60
2009.10.06 14:03:40.706,0.86545,0.8657,6.40,3.20
2009.10.06 14:03:41.796,0.8655,0.86575,2.40,3.20
2009.10.06 14:03:42.146,0.86555,0.8658,2.40,8.10
2009.10.06 14:03:42.486,0.86545,0.8656,1.00,2.40
2009.10.06 14:03:42.826,0.86535,0.8656,16.20,2.40
2009.10.06 14:03:43.176,0.86535,0.8656,15.00,2.40
2009.10.06 14:03:43.516,0.86535,0.8656,11.00,2.40
2009.10.06 14:03:44.665,0.86535,0.8656,11.10,2.40
2009.10.06 14:03:44.785,0.86535,0.8656,11.00,2.40
2009.10.06 14:03:47.295,0.8654,0.8657,4.80,9.30
2009.10.06 14:03:47.645,0.8654,0.86565,4.00,2.40
2009.10.06 14:03:48.345,0.8654,0.86565,3.20,2.40
2009.10.06 14:03:48.685,0.8654,0.8657,4.00,4.00
2009.10.06 14:03:48.925,0.86545,0.8657,4.00,4.00
2009.10.06 14:03:49.094,0.8655,0.86575,3.20,4.40
2009.10.06 14:03:49.324,0.8655,0.86575,3.20,4.00
2009.10.06 14:03:50.364,0.8655,0.86575,3.30,4.00
2009.10.06 14:03:50.714,0.86555,0.86585,2.40,8.90
2009.10.06 14:03:52.793,0.86555,0.8658,1.00,2.40
2009.10.06 14:03:53.133,0.8655,0.8658,6.40,6.40
2009.10.06 14:03:53.413,0.8655,0.8658,6.40,7.20
2009.10.06 14:03:53.653,0.8655,0.8658,2.40,7.20
2009.10.06 14:03:53.883,0.8655,0.8658,2.40,8.00
2009.10.06 14:03:54.463,0.8655,0.8658,2.40,8.40
2009.10.06 14:03:54.803,0.8655,0.86575,8.40,4.00
2009.10.06 14:03:55.153,0.86555,0.86575,4.80,4.00
2009.10.06 14:03:55.613,0.8656,0.86585,2.40,4.00
2009.10.06 14:03:56.463,0.8655,0.8658,4.80,3.60
2009.10.06 14:03:56.812,0.8655,0.8658,6.40,6.00
2009.10.06 14:03:57.143,0.8655,0.8658,8.00,5.20
2009.10.06 14:03:57.492,0.8655,0.86575,4.00,4.00
2009.10.06 14:03:58.182,0.8655,0.8657,1.60,2.40
2009.10.06 14:03:58.522,0.86555,0.8658,4.00,6.40
2009.10.06 14:03:58.792,0.86555,0.8658,3.20,2.40
2009.10.06 14:03:59.072,0.86555,0.8658,2.40,6.80
2009.10.06 14:03:59.402,0.8655,0.8658,1.60,7.20
2009.10.06 14:03:59.702,0.86545,0.8658,9.40,7.20
2009.10.06 14:04:00.002,0.86545,0.8658,8.80,7.20
2009.10.06 14:04:00.341,0.86555,0.8658,2.40,6.40
2009.10.06 14:04:00.682,0.86545,0.8658,9.40,7.60
2009.10.06 14:04:01.041,0.8655,0.8658,4.00,8.00
2009.10.06 14:04:01.391,0.86545,0.8658,13.40,8.40
2009.10.06 14:04:01.721,0.86545,0.8658,13.40,7.60
2009.10.06 14:04:02.231,0.86545,0.8658,13.40,8.40
2009.10.06 14:04:02.401,0.8655,0.8658,1.00,7.60
2009.10.06 14:04:02.751,0.8655,0.8658,6.40,6.40
2009.10.06 14:04:03.101,0.86555,0.8658,2.40,2.40
2009.10.06 14:04:03.491,0.86555,0.8658,2.40,6.40
2009.10.06 14:04:06.290,0.86555,0.8658,2.40,2.40
2009.10.06 14:04:07.320,0.86565,0.86585,2.40,4.00
2009.10.06 14:04:07.670,0.86555,0.86585,3.30,4.80
2009.10.06 14:04:08.010,0.86555,0.86585,4.00,7.30
2009.10.06 14:04:08.349,0.8656,0.86585,2.40,3.30
2009.10.06 14:04:09.141,0.86555,0.86575,4.00,2.40
2009.10.06 14:04:09.490,0.8655,0.86575,2.40,2.40
2009.10.06 14:04:09.839,0.8655,0.86575,2.40,6.40
2009.10.06 14:04:10.369,0.8655,0.86575,6.40,2.40
2009.10.06 14:04:10.649,0.8655,0.86575,7.20,2.40
2009.10.06 14:04:11.289,0.8655,0.8658,7.60,4.10
2009.10.06 14:04:11.579,0.86555,0.8658,3.20,1.00
2009.10.06 14:04:12.279,0.86555,0.8658,6.40,2.50
2009.10.06 14:04:12.629,0.86555,0.8658,4.00,1.00
2009.10.06 14:04:13.658,0.86555,0.86585,6.40,2.00
2009.10.06 14:04:13.828,0.86555,0.86585,6.40,1.60
2009.10.06 14:04:14.059,0.86555,0.86585,6.50,1.00
2009.10.06 14:04:14.228,0.8656,0.86585,4.00,1.00
2009.10.06 14:04:14.448,0.86555,0.86585,6.50,1.00
2009.10.06 14:04:14.628,0.86555,0.86585,7.20,1.00
2009.10.06 14:04:15.158,0.86555,0.86585,7.20,6.40
2009.10.06 14:04:15.518,0.86555,0.8658,4.00,8.40
2009.10.06 14:04:15.858,0.8655,0.86575,12.10,4.80
2009.10.06 14:04:16.248,0.8655,0.86575,4.00,5.20
2009.10.06 14:04:16.938,0.8655,0.8657,4.00,1.00
2009.10.06 14:04:17.287,0.8655,0.8658,5.60,5.60
2009.10.06 14:04:17.637,0.86555,0.8658,4.50,4.80
2009.10.06 14:04:17.997,0.86555,0.86585,8.50,6.00
2009.10.06 14:04:20.077,0.86555,0.86585,8.50,5.20
2009.10.06 14:04:20.367,0.86555,0.86585,8.40,5.20
2009.10.06 14:04:22.346,0.86555,0.86585,9.20,2.80
2009.10.06 14:04:22.646,0.8656,0.86585,2.40,6.40
2009.10.06 14:04:22.996,0.8656,0.86585,2.40,3.20
2009.10.06 14:04:23.626,0.8656,0.8659,2.40,8.00
2009.10.06 14:04:24.216,0.8656,0.86585,2.40,1.00
2009.10.06 14:04:24.666,0.8656,0.86575,2.40,1.20
2009.10.06 14:04:24.836,0.8656,0.8658,2.40,6.40
2009.10.06 14:04:25.056,0.8656,0.8658,2.40,5.60
2009.10.06 14:04:25.166,0.8656,0.86585,2.40,4.80
2009.10.06 14:04:25.556,0.8656,0.86585,2.40,2.40
2009.10.06 14:04:25.905,0.8656,0.86585,2.40,5.20
2009.10.06 14:04:26.255,0.8656,0.86585,3.00,4.40
2009.10.06 14:04:26.605,0.8656,0.8659,7.90,4.00
2009.10.06 14:04:26.955,0.86565,0.86595,8.00,5.60
2009.10.06 14:04:27.305,0.8657,0.866,3.20,7.60
2009.10.06 14:04:28.005,0.8657,0.86595,3.20,2.40
2009.10.06 14:04:28.345,0.8657,0.866,4.00,8.00
2009.10.06 14:04:28.575,0.8657,0.86595,4.80,2.40
2009.10.06 14:04:28.805,0.86575,0.86595,2.40,4.00
2009.10.06 14:04:29.035,0.86575,0.86595,6.40,2.40
2009.10.06 14:04:29.274,0.86575,0.86595,6.40,4.00
2009.10.06 14:04:29.494,0.86575,0.86595,2.40,4.00
2009.10.06 14:04:30.074,0.8657,0.86595,4.00,4.00
2009.10.06 14:04:30.354,0.8657,0.8659,1.60,2.90
2009.10.06 14:04:30.924,0.8657,0.86595,4.00,6.00
2009.10.06 14:04:31.254,0.8657,0.86595,4.00,5.20
2009.10.06 14:04:31.894,0.8657,0.86595,7.20,1.60
2009.10.06 14:04:32.224,0.8657,0.86595,8.00,2.40
2009.10.06 14:04:32.574,0.8657,0.866,8.00,2.90
2009.10.06 14:04:32.924,0.8657,0.866,19.60,3.20
2009.10.06 14:04:33.274,0.86575,0.866,4.00,2.80
2009.10.06 14:04:33.623,0.86575,0.866,4.00,3.70
2009.10.06 14:04:33.973,0.86575,0.866,1.00,3.00
2009.10.06 14:04:34.383,0.86575,0.86595,4.00,1.00
2009.10.06 14:04:35.403,0.8657,0.86595,7.20,1.00
2009.10.06 14:04:35.643,0.86575,0.86595,4.00,1.00
2009.10.06 14:04:36.233,0.86575,0.86595,8.40,1.00
2009.10.06 14:04:36.533,0.86575,0.86595,12.00,1.00
2009.10.06 14:04:36.813,0.86575,0.86595,12.00,5.20
2009.10.06 14:04:37.173,0.8657,0.86595,4.00,5.20
2009.10.06 14:04:38.892,0.8657,0.86595,4.00,5.30
2009.10.06 14:04:39.802,0.8657,0.8659,4.00,2.40
2009.10.06 14:04:40.542,0.8657,0.86595,4.00,6.10
2009.10.06 14:04:41.592,0.8657,0.8659,4.00,3.20
2009.10.06 14:04:41.942,0.8657,0.86575,4.00,2.40
2009.10.06 14:04:42.292,0.8656,0.86575,4.00,3.20
2009.10.06 14:04:42.652,0.86555,0.86575,4.00,3.20
2009.10.06 14:04:42.991,0.8655,0.86575,4.00,5.20
2009.10.06 14:04:43.351,0.8655,0.8657,4.00,2.40
2009.10.06 14:04:45.761,0.86545,0.8657,6.40,2.40
2009.10.06 14:04:45.990,0.86545,0.8657,7.20,2.40
2009.10.06 14:04:46.500,0.86545,0.8657,2.40,2.40
2009.10.06 14:04:46.890,0.86545,0.8657,6.40,2.40
2009.10.06 14:04:47.230,0.86545,0.86575,7.20,2.80
2009.10.06 14:04:47.550,0.86545,0.86575,7.20,2.40
2009.10.06 14:04:48.230,0.86545,0.86575,4.00,7.20
2009.10.06 14:04:48.940,0.8654,0.8657,8.10,2.40
2009.10.06 14:04:49.330,0.8654,0.8657,8.00,2.40
2009.10.06 14:04:50.400,0.8654,0.8657,3.20,9.20
2009.10.06 14:04:50.689,0.8654,0.86565,4.60,2.40
2009.10.06 14:04:50.979,0.8654,0.8657,4.60,6.40
2009.10.06 14:04:52.239,0.8654,0.8657,4.60,6.80
2009.10.06 14:04:52.599,0.8654,0.86565,8.60,2.40
2009.10.06 14:04:52.939,0.8654,0.86565,7.90,2.40
2009.10.06 14:04:53.349,0.8654,0.8657,4.60,6.40
2009.10.06 14:04:53.689,0.8654,0.8657,4.60,6.80
2009.10.06 14:04:53.919,0.8654,0.8657,8.60,7.60
2009.10.06 14:04:54.149,0.8654,0.86565,3.80,2.40
2009.10.06 14:04:54.598,0.8654,0.86565,4.60,2.40
2009.10.06 14:04:55.119,0.8654,0.86565,3.20,2.40
2009.10.06 14:04:55.638,0.8654,0.8657,8.50,8.10
2009.10.06 14:04:55.988,0.86545,0.8657,2.40,6.40
2009.10.06 14:04:56.318,0.86545,0.8657,3.20,2.40
2009.10.06 14:04:57.018,0.8655,0.86575,2.40,6.40
2009.10.06 14:04:57.368,0.8655,0.86575,3.20,6.40
2009.10.06 14:04:57.708,0.8655,0.86575,3.20,2.40
2009.10.06 14:05:00.097,0.8655,0.86575,3.90,2.40
2009.10.06 14:05:00.847,0.8655,0.86575,3.80,3.20
2009.10.06 14:05:01.197,0.86545,0.86575,16.10,4.80
2009.10.06 14:05:01.527,0.86545,0.86575,3.20,8.80
2009.10.06 14:05:01.867,0.86545,0.86565,3.20,2.40
2009.10.06 14:05:02.217,0.86545,0.86565,2.40,2.40
2009.10.06 14:05:02.557,0.8654,0.86565,8.00,2.40
2009.10.06 14:05:02.847,0.8654,0.86565,8.00,2.40
2009.10.06 14:05:03.196,0.8654,0.8657,5.40,6.40
2009.10.06 14:05:03.556,0.8654,0.8657,5.50,7.20
2009.10.06 14:05:04.666,0.8654,0.8657,7.90,9.60
2009.10.06 14:05:05.016,0.8654,0.8657,5.50,9.20
2009.10.06 14:05:05.896,0.8654,0.8657,3.80,9.60
2009.10.06 14:05:06.396,0.8654,0.86565,2.40,2.40
2009.10.06 14:05:07.096,0.8654,0.86565,2.40,6.40
2009.10.06 14:05:08.175,0.8654,0.86565,2.40,2.40
2009.10.06 14:05:11.884,0.86545,0.8657,2.40,8.90
2009.10.06 14:05:12.244,0.86545,0.8657,2.40,6.50
2009.10.06 14:05:13.994,0.86545,0.8657,3.20,6.50
2009.10.06 14:05:14.274,0.86545,0.8657,5.60,4.00
2009.10.06 14:05:14.504,0.8655,0.86575,2.40,6.40
2009.10.06 14:05:14.794,0.8655,0.86575,2.50,2.40
2009.10.06 14:05:15.593,0.8655,0.86575,3.90,2.40
2009.10.06 14:05:16.243,0.8655,0.86575,3.80,2.40
2009.10.06 14:05:17.223,0.8655,0.86575,2.40,2.40
2009.10.06 14:05:17.913,0.8655,0.86575,4.00,2.40
2009.10.06 14:05:18.943,0.8656,0.86575,1.00,2.40
2009.10.06 14:05:19.053,0.8655,0.86575,8.60,2.40
2009.10.06 14:05:19.453,0.8655,0.86575,4.60,2.40
2009.10.06 14:05:19.573,0.8655,0.8658,4.50,7.60
2009.10.06 14:05:19.743,0.8655,0.8658,4.50,7.20
2009.10.06 14:05:20.073,0.86555,0.8658,2.40,6.40
2009.10.06 14:05:20.362,0.86555,0.8658,2.40,7.20
2009.10.06 14:05:20.713,0.86555,0.8658,2.40,8.80
2009.10.06 14:05:21.402,0.86555,0.8658,2.40,16.40
2009.10.06 14:05:22.092,0.8655,0.86575,3.20,5.20
2009.10.06 14:05:23.852,0.86555,0.8658,2.40,7.20
2009.10.06 14:05:25.701,0.8655,0.86575,4.80,2.40
2009.10.06 14:05:26.001,0.8655,0.86575,3.20,2.40
2009.10.06 14:05:27.061,0.86555,0.86585,10.40,8.80
2009.10.06 14:05:27.351,0.8656,0.86585,2.40,9.20
2009.10.06 14:05:29.260,0.86555,0.86575,4.90,2.40
2009.10.06 14:05:29.421,0.86555,0.86575,2.40,2.40
2009.10.06 14:05:29.531,0.8656,0.8658,2.40,4.00
2009.10.06 14:05:31.010,0.8656,0.86585,2.40,7.20
2009.10.06 14:05:33.829,0.8656,0.86585,2.40,6.40
2009.10.06 14:05:34.339,0.8656,0.86585,2.40,2.40
2009.10.06 14:05:34.729,0.8656,0.86585,3.20,2.40
2009.10.06 14:05:35.009,0.8656,0.86585,3.20,3.20
2009.10.06 14:05:35.289,0.8656,0.86585,3.20,2.40
2009.10.06 14:05:35.909,0.8656,0.86585,3.20,4.40
2009.10.06 14:05:36.148,0.8656,0.86585,3.20,3.20
2009.10.06 14:05:36.368,0.8656,0.86585,2.40,5.60
2009.10.06 14:05:36.718,0.8656,0.8658,2.40,4.00
2009.10.06 14:05:37.448,0.86555,0.8658,6.40,4.00
2009.10.06 14:05:37.748,0.86555,0.8658,2.40,4.00
2009.10.06 14:05:38.478,0.86555,0.8658,5.60,4.00
2009.10.06 14:05:38.648,0.86555,0.86585,6.40,6.80
2009.10.06 14:05:38.818,0.86565,0.86585,2.40,6.40
2009.10.06 14:05:38.998,0.86565,0.86585,2.40,4.00
2009.10.06 14:05:41.337,0.86565,0.86585,2.40,6.40
2009.10.06 14:05:41.687,0.86555,0.86585,4.90,9.20
2009.10.06 14:05:43.417,0.86555,0.8658,5.80,4.00
2009.10.06 14:05:43.757,0.86555,0.8658,4.80,4.00
2009.10.06 14:05:44.157,0.86555,0.8658,6.00,2.40
2009.10.06 14:05:44.627,0.8656,0.86585,4.40,2.40
2009.10.06 14:05:45.096,0.86565,0.86585,4.00,4.00
2009.10.06 14:05:45.446,0.86565,0.86585,5.40,4.00
2009.10.06 14:05:45.786,0.86565,0.86585,5.20,4.00
2009.10.06 14:05:46.136,0.86565,0.86595,5.60,11.70
2009.10.06 14:05:46.486,0.8656,0.86585,4.60,2.40
2009.10.06 14:05:46.866,0.86565,0.86585,4.80,4.00
2009.10.06 14:05:47.556,0.8657,0.86585,3.20,4.00
2009.10.06 14:05:47.916,0.86575,0.86585,4.00,4.00
2009.10.06 14:05:48.266,0.86575,0.8659,4.00,4.00
2009.10.06 14:05:48.616,0.86575,0.866,4.80,2.40
2009.10.06 14:05:49.186,0.86575,0.866,4.00,2.40
2009.10.06 14:05:51.854,0.8657,0.866,4.80,5.60
2009.10.06 14:05:52.235,0.8657,0.866,4.00,9.60
2009.10.06 14:05:52.575,0.8657,0.8659,4.00,3.60
2009.10.06 14:05:52.914,0.8656,0.8659,6.40,8.40
2009.10.06 14:05:53.245,0.86565,0.86585,4.00,2.40
2009.10.06 14:05:53.584,0.86575,0.8659,1.60,2.40
2009.10.06 14:05:53.984,0.86575,0.86595,4.00,4.00
2009.10.06 14:05:55.014,0.86575,0.866,4.00,2.40
2009.10.06 14:05:58.843,0.8657,0.86595,8.80,2.80
2009.10.06 14:05:58.953,0.86575,0.86595,1.00,2.40
2009.10.06 14:05:59.073,0.8657,0.86595,4.60,2.40
2009.10.06 14:05:59.393,0.8657,0.86595,8.60,2.40
2009.10.06 14:05:59.903,0.8657,0.86595,7.80,3.60
2009.10.06 14:06:00.133,0.8657,0.86595,1.00,9.20
2009.10.06 14:06:00.373,0.86565,0.86595,7.90,9.20
2009.10.06 14:06:00.613,0.86565,0.8659,7.80,4.00
2009.10.06 14:06:01.642,0.86565,0.8659,7.90,4.00
2009.10.06 14:06:01.982,0.8657,0.8659,2.40,2.40
2009.10.06 14:06:04.152,0.86565,0.8659,9.60,4.80
2009.10.06 14:06:04.572,0.86565,0.8659,2.40,9.20
2009.10.06 14:06:05.072,0.86565,0.8659,4.00,8.00
2009.10.06 14:06:05.372,0.8657,0.8659,4.50,4.00
2009.10.06 14:06:05.651,0.86565,0.8659,4.00,8.00
2009.10.06 14:06:05.942,0.86565,0.8659,4.10,8.00
2009.10.06 14:06:06.291,0.86565,0.86595,5.20,10.40
2009.10.06 14:06:06.631,0.8657,0.86595,2.40,6.40
2009.10.06 14:06:07.011,0.8657,0.86595,3.20,2.40
2009.10.06 14:06:08.351,0.86575,0.86595,2.40,2.40
2009.10.06 14:06:10.151,0.86575,0.866,2.40,6.40
2009.10.06 14:06:11.470,0.86575,0.866,2.40,2.40
2009.10.06 14:06:12.140,0.8657,0.866,7.20,2.40
2009.10.06 14:06:12.500,0.86575,0.866,4.80,6.40
2009.10.06 14:06:12.840,0.86575,0.866,4.80,2.40
2009.10.06 14:06:14.379,0.86575,0.866,4.90,2.40
2009.10.06 14:06:14.499,0.86575,0.866,4.10,2.40
2009.10.06 14:06:14.619,0.86575,0.866,2.50,2.40
2009.10.06 14:06:14.960,0.86575,0.866,2.40,2.40
2009.10.06 14:06:15.079,0.8658,0.86605,2.40,9.60
2009.10.06 14:06:15.199,0.8658,0.86605,2.40,8.80
2009.10.06 14:06:15.839,0.86575,0.866,4.80,2.40
2009.10.06 14:06:16.879,0.86575,0.866,2.40,2.40
2009.10.06 14:06:18.298,0.86575,0.866,5.20,2.40
2009.10.06 14:06:19.168,0.8658,0.866,2.50,2.40
2009.10.06 14:06:19.458,0.8658,0.86605,2.40,4.00
2009.10.06 14:06:20.758,0.8658,0.86605,2.50,4.00
2009.10.06 14:06:20.868,0.8658,0.86605,2.50,4.80
2009.10.06 14:06:21.567,0.8658,0.866,2.50,3.30
2009.10.06 14:06:21.897,0.8657,0.86595,3.20,2.80
2009.10.06 14:06:22.248,0.86565,0.8659,12.90,2.40
2009.10.06 14:06:22.587,0.86565,0.8659,10.50,2.40
2009.10.06 14:06:22.977,0.86565,0.8659,10.10,2.40
2009.10.06 14:06:23.327,0.86565,0.8659,10.50,2.40
2009.10.06 14:06:23.677,0.86575,0.86595,4.00,4.00
2009.10.06 14:06:23.857,0.86575,0.866,4.00,7.20
2009.10.06 14:06:24.027,0.86575,0.866,4.00,6.40
2009.10.06 14:06:24.487,0.86575,0.866,4.00,2.40
2009.10.06 14:06:25.247,0.86575,0.866,4.00,6.40
2009.10.06 14:06:26.517,0.86575,0.866,4.00,6.40
2009.10.06 14:06:26.856,0.86575,0.866,2.40,6.50
2009.10.06 14:06:27.546,0.8657,0.866,4.00,15.20
2009.10.06 14:06:27.896,0.8657,0.86595,4.10,6.40
2009.10.06 14:06:28.236,0.8657,0.86595,3.20,6.40
2009.10.06 14:06:28.576,0.86575,0.86595,4.40,4.00
2009.10.06 14:06:28.926,0.8658,0.86605,2.40,9.20
2009.10.06 14:06:29.216,0.8658,0.86605,5.20,6.40
2009.10.06 14:06:29.506,0.8658,0.866,2.40,2.40
2009.10.06 14:06:30.026,0.8658,0.866,2.40,2.40
2009.10.06 14:06:30.535,0.86575,0.866,8.40,2.40
2009.10.06 14:06:30.875,0.8658,0.866,2.40,2.40
2009.10.06 14:06:31.046,0.86575,0.866,8.40,2.40
2009.10.06 14:06:31.765,0.8658,0.86605,5.20,6.40
2009.10.06 14:06:32.115,0.86585,0.86605,4.00,6.80
2009.10.06 14:06:32.455,0.86585,0.86605,4.00,2.80
2009.10.06 14:06:33.145,0.86575,0.866,8.00,5.20
2009.10.06 14:06:33.485,0.86575,0.866,4.00,8.80
2009.10.06 14:06:33.835,0.86575,0.866,4.00,6.40
2009.10.06 14:06:34.185,0.86585,0.866,1.60,6.40
2009.10.06 14:06:34.364,0.86585,0.866,1.60,2.40
2009.10.06 14:06:34.984,0.86585,0.86605,1.60,7.60
2009.10.06 14:06:35.394,0.86585,0.86605,1.60,8.40
2009.10.06 14:06:36.074,0.86575,0.8659,1.60,2.40
2009.10.06 14:06:36.794,0.86565,0.86585,1.60,2.80
2009.10.06 14:06:37.144,0.86565,0.86585,1.60,2.40
2009.10.06 14:06:37.494,0.86565,0.8658,1.60,2.40
2009.10.06 14:06:37.834,0.8656,0.8658,1.60,3.60
2009.10.06 14:06:38.184,0.8656,0.8658,1.60,2.40
2009.10.06 14:06:38.523,0.8656,0.8658,1.60,3.60
2009.10.06 14:06:39.233,0.8655,0.8658,7.10,7.20
2009.10.06 14:06:39.573,0.86555,0.8658,1.70,4.00
2009.10.06 14:06:40.323,0.86555,0.8658,1.70,1.00
2009.10.06 14:06:40.543,0.8655,0.8658,11.90,3.20
2009.10.06 14:06:40.993,0.8655,0.8658,11.90,7.20
2009.10.06 14:06:41.843,0.86555,0.8658,1.70,4.00
2009.10.06 14:06:43.213,0.86565,0.86585,1.60,8.00
2009.10.06 14:06:43.602,0.86565,0.86585,1.60,7.20
2009.10.06 14:06:44.113,0.86565,0.86585,1.60,7.30
2009.10.06 14:06:44.282,0.8656,0.86575,1.60,2.40
2009.10.06 14:06:46.272,0.86555,0.8658,2.40,7.20
2009.10.06 14:06:46.731,0.8655,0.86575,10.10,1.00
2009.10.06 14:06:47.061,0.8656,0.86575,1.60,2.40
2009.10.06 14:06:47.461,0.86565,0.8658,1.60,7.20
2009.10.06 14:06:48.821,0.86565,0.8658,1.60,6.40
2009.10.06 14:06:49.171,0.86565,0.8658,1.60,4.00
2009.10.06 14:06:49.291,0.86565,0.86585,1.60,7.30
2009.10.06 14:06:50.191,0.86565,0.86585,1.60,7.20
2009.10.06 14:06:55.580,0.8656,0.86585,1.60,7.20
2009.10.06 14:06:55.639,0.8656,0.86585,1.60,6.80
2009.10.06 14:06:56.050,0.8656,0.8658,1.60,6.40
2009.10.06 14:06:57.639,0.86555,0.8658,1.60,6.40
2009.10.06 14:06:58.569,0.86555,0.8658,1.60,6.80
2009.10.06 14:07:03.458,0.8655,0.8657,1.60,2.90
2009.10.06 14:07:03.817,0.86545,0.8657,1.60,2.90
2009.10.06 14:07:04.098,0.8655,0.86565,1.60,3.20
2009.10.06 14:07:04.397,0.8654,0.8656,8.00,2.40
2009.10.06 14:07:05.047,0.8654,0.8656,4.10,2.40
2009.10.06 14:07:05.387,0.8654,0.8656,4.00,1.60
2009.10.06 14:07:06.607,0.8654,0.8656,4.00,2.40
2009.10.06 14:07:06.957,0.8654,0.86565,4.00,7.30
2009.10.06 14:07:07.287,0.8654,0.86565,1.60,7.30
2009.10.06 14:07:10.896,0.8654,0.8656,4.00,2.40
2009.10.06 14:07:11.126,0.8654,0.8656,4.00,6.40
2009.10.06 14:07:11.416,0.8654,0.8656,4.00,2.40
2009.10.06 14:07:11.655,0.8654,0.8656,2.40,2.40
2009.10.06 14:07:11.875,0.8654,0.8656,4.00,2.40
2009.10.06 14:07:12.225,0.86545,0.8656,1.60,2.40
2009.10.06 14:07:12.945,0.86545,0.86565,1.60,7.20
2009.10.06 14:07:13.635,0.86545,0.86565,1.60,7.20
2009.10.06 14:07:13.965,0.8654,0.8656,1.60,3.20
2009.10.06 14:07:14.315,0.86545,0.86565,1.60,6.80
2009.10.06 14:07:14.605,0.8654,0.86565,4.00,6.80
2009.10.06 14:07:14.785,0.8654,0.8656,1.60,2.40
2009.10.06 14:07:15.815,0.8654,0.86565,2.50,7.60
2009.10.06 14:07:16.164,0.86535,0.8656,8.90,2.40
2009.10.06 14:07:16.564,0.86535,0.8656,1.60,3.20
2009.10.06 14:07:16.914,0.86535,0.8656,1.60,3.20
2009.10.06 14:07:17.944,0.86535,0.8656,5.60,3.20
2009.10.06 14:07:18.285,0.86535,0.86555,5.60,3.20
2009.10.06 14:07:18.634,0.86535,0.8655,1.60,2.40
2009.10.06 14:07:18.984,0.86535,0.86545,1.60,2.40
2009.10.06 14:07:19.334,0.86535,0.8655,1.60,2.40
2009.10.06 14:07:20.004,0.86535,0.8655,1.60,3.20
2009.10.06 14:07:20.244,0.86525,0.86545,5.60,2.40
2009.10.06 14:07:20.983,0.86525,0.8655,8.00,4.00
2009.10.06 14:07:21.273,0.86525,0.8655,8.00,2.40
2009.10.06 14:07:21.503,0.86525,0.8655,4.80,2.40
2009.10.06 14:07:21.853,0.86525,0.8655,8.80,2.40
2009.10.06 14:07:22.203,0.86525,0.8655,8.00,2.40
2009.10.06 14:07:22.603,0.86525,0.86545,4.00,4.00
2009.10.06 14:07:22.943,0.86525,0.8655,4.00,4.80
2009.10.06 14:07:23.283,0.86525,0.8655,6.40,5.20
2009.10.06 14:07:23.633,0.86525,0.8655,8.00,4.80
2009.10.06 14:07:23.982,0.86525,0.8655,8.00,3.20
2009.10.06 14:07:25.012,0.86525,0.86545,5.60,2.40
2009.10.06 14:07:25.663,0.8652,0.86545,8.90,4.00
2009.10.06 14:07:26.072,0.8652,0.86545,8.10,4.00
2009.10.06 14:07:26.922,0.8652,0.86545,5.60,4.40
2009.10.06 14:07:27.622,0.8652,0.86545,4.00,4.40
2009.10.06 14:07:28.322,0.8652,0.86545,4.00,4.80
2009.10.06 14:07:29.311,0.86515,0.86545,9.60,4.80
2009.10.06 14:07:29.941,0.86515,0.86535,8.80,2.40
2009.10.06 14:07:30.051,0.86515,0.86535,4.80,2.40
2009.10.06 14:07:30.281,0.8651,0.86535,8.00,4.40
2009.10.06 14:07:30.501,0.8651,0.8653,4.00,2.40
2009.10.06 14:07:31.131,0.86505,0.8653,10.40,2.40
2009.10.06 14:07:31.511,0.86505,0.8653,10.80,2.40
2009.10.06 14:07:31.840,0.8651,0.8653,4.00,2.40
2009.10.06 14:07:32.870,0.8651,0.8653,4.00,5.60
2009.10.06 14:07:33.611,0.865,0.8652,6.40,1.00
2009.10.06 14:07:34.710,0.865,0.86525,6.40,4.00
2009.10.06 14:07:35.910,0.865,0.86525,4.00,4.00
2009.10.06 14:07:37.459,0.865,0.8652,4.00,4.00
2009.10.06 14:07:37.839,0.86495,0.86515,2.40,2.40
2009.10.06 14:07:38.519,0.86495,0.86515,6.40,2.40
2009.10.06 14:07:39.949,0.86495,0.86515,4.00,3.20
2009.10.06 14:07:40.749,0.86495,0.8651,4.00,2.80
2009.10.06 14:07:41.039,0.8649,0.8651,4.00,2.40
2009.10.06 14:07:41.269,0.8649,0.8651,4.80,2.40
2009.10.06 14:07:41.558,0.8649,0.8651,4.00,2.40
2009.10.06 14:07:41.788,0.8649,0.86515,6.50,3.20
2009.10.06 14:07:42.139,0.8649,0.8651,4.00,2.40
2009.10.06 14:07:42.828,0.8649,0.8652,7.70,8.90
2009.10.06 14:07:43.228,0.86495,0.8652,9.40,4.00
2009.10.06 14:07:43.578,0.86505,0.86525,2.40,8.00
2009.10.06 14:07:43.928,0.86505,0.86525,2.40,8.80
2009.10.06 14:07:44.158,0.865,0.86525,7.30,4.80
2009.10.06 14:07:44.398,0.865,0.86525,11.20,4.80
2009.10.06 14:07:44.618,0.865,0.8653,9.20,8.50
2009.10.06 14:07:45.027,0.865,0.8653,8.00,8.00
2009.10.06 14:07:45.308,0.865,0.8653,11.60,4.00
2009.10.06 14:07:45.547,0.865,0.8653,11.60,1.60
2009.10.06 14:07:45.778,0.86505,0.8653,3.60,1.60
2009.10.06 14:07:46.067,0.86505,0.8653,7.20,4.80
2009.10.06 14:07:46.407,0.8651,0.8653,4.00,4.00
2009.10.06 14:07:46.707,0.86505,0.8653,6.50,4.00
2009.10.06 14:07:47.717,0.86505,0.86525,6.40,2.40
2009.10.06 14:07:48.067,0.86505,0.8653,6.50,4.80
2009.10.06 14:07:48.417,0.86505,0.8653,7.60,4.00
2009.10.06 14:07:49.506,0.86505,0.86535,6.40,6.40
2009.10.06 14:07:49.846,0.86505,0.86525,4.00,4.00
2009.10.06 14:07:50.406,0.865,0.8652,4.00,2.40
2009.10.06 14:07:50.696,0.865,0.86515,12.00,1.60
2009.10.06 14:07:50.977,0.865,0.86515,4.00,1.60
2009.10.06 14:07:51.206,0.86495,0.86515,8.00,1.60
2009.10.06 14:07:51.886,0.86495,0.8651,4.00,1.60
2009.10.06 14:07:52.266,0.865,0.8652,3.20,4.80
2009.10.06 14:07:52.545,0.86495,0.8652,7.20,4.00
2009.10.06 14:07:52.776,0.865,0.86515,4.00,1.60
2009.10.06 14:07:53.066,0.86495,0.86515,6.90,1.60
2009.10.06 14:07:53.365,0.86495,0.86515,6.90,1.60
2009.10.06 14:07:54.885,0.865,0.8652,2.40,4.00
2009.10.06 14:07:55.225,0.865,0.86525,2.80,4.00
2009.10.06 14:07:55.335,0.86505,0.86525,2.40,4.00
2009.10.06 14:07:59.474,0.86505,0.86525,2.80,4.00
2009.10.06 14:07:59.814,0.86505,0.8653,4.00,1.60
2009.10.06 14:07:59.924,0.86505,0.86525,1.60,1.60
2009.10.06 14:08:00.104,0.86505,0.8653,3.20,1.60
2009.10.06 14:08:00.214,0.86505,0.8653,2.40,1.60
2009.10.06 14:08:00.494,0.86505,0.8653,3.20,1.60
2009.10.06 14:08:00.604,0.86505,0.8653,2.40,1.60
2009.10.06 14:08:00.944,0.86505,0.8653,6.40,1.60
2009.10.06 14:08:01.234,0.86505,0.8653,2.40,1.60
2009.10.06 14:08:01.523,0.8651,0.86535,8.70,1.60
2009.10.06 14:08:01.914,0.8651,0.8653,6.60,1.60
2009.10.06 14:08:02.253,0.86505,0.8653,8.10,1.60
2009.10.06 14:08:02.773,0.86505,0.8653,7.30,1.60
2009.10.06 14:08:03.133,0.8651,0.8653,2.40,2.00
2009.10.06 14:08:03.433,0.8651,0.8653,2.40,1.60
2009.10.06 14:08:04.143,0.8651,0.8653,2.50,1.60
2009.10.06 14:08:04.473,0.86505,0.86525,4.00,4.80
2009.10.06 14:08:05.403,0.86495,0.86515,6.50,1.60
2009.10.06 14:08:05.992,0.86495,0.86515,4.00,4.00
2009.10.06 14:08:06.622,0.8649,0.86515,2.40,4.00
2009.10.06 14:08:08.352,0.86485,0.8651,7.30,4.00
2009.10.06 14:08:08.922,0.86485,0.86495,4.00,5.60
2009.10.06 14:08:09.561,0.8648,0.86485,12.00,1.60
2009.10.06 14:08:09.782,0.8647,0.86485,2.40,1.60
2009.10.06 14:08:09.962,0.86465,0.86485,2.50,1.60
2009.10.06 14:08:10.132,0.86465,0.8648,2.40,1.60
2009.10.06 14:08:10.311,0.86465,0.8649,2.40,8.00
2009.10.06 14:08:10.831,0.86465,0.8649,2.40,8.80
2009.10.06 14:08:11.181,0.86465,0.8649,6.40,4.80
2009.10.06 14:08:11.501,0.86465,0.8649,7.20,4.00
2009.10.06 14:08:11.831,0.86465,0.8649,3.20,4.00
2009.10.06 14:08:12.231,0.86465,0.8649,6.40,4.00
2009.10.06 14:08:12.571,0.8646,0.8649,7.30,4.80
2009.10.06 14:08:12.931,0.8646,0.8649,6.50,5.60
2009.10.06 14:08:13.261,0.8646,0.86485,10.50,4.00
2009.10.06 14:08:13.611,0.8646,0.86485,6.50,4.00
2009.10.06 14:08:15.770,0.8646,0.86485,6.50,1.60
2009.10.06 14:08:16.690,0.8646,0.8648,4.00,13.90
2009.10.06 14:08:16.920,0.8646,0.8647,4.00,4.80
2009.10.06 14:08:17.820,0.86445,0.8647,4.00,4.80
2009.10.06 14:08:18.170,0.86445,0.8647,4.00,4.80
2009.10.06 14:08:18.520,0.86445,0.8647,4.00,6.40
2009.10.06 14:08:18.919,0.86445,0.8647,3.20,4.00
2009.10.06 14:08:19.479,0.8645,0.86475,2.40,6.40
2009.10.06 14:08:19.769,0.86455,0.8647,2.40,1.60
2009.10.06 14:08:20.289,0.86455,0.8647,2.50,1.60
2009.10.06 14:08:20.629,0.86455,0.8648,3.30,5.60
2009.10.06 14:08:20.979,0.86455,0.8648,7.30,1.60
2009.10.06 14:08:21.329,0.86455,0.8648,3.30,1.60
2009.10.06 14:08:21.679,0.86455,0.8648,3.20,1.60
2009.10.06 14:08:22.029,0.86455,0.8648,1.60,1.60
2009.10.06 14:08:22.378,0.8646,0.86485,4.50,5.60
2009.10.06 14:08:22.729,0.86465,0.86485,3.30,9.60
2009.10.06 14:08:23.069,0.86465,0.8649,4.10,1.60
2009.10.06 14:08:23.428,0.86465,0.8649,4.50,1.60
2009.10.06 14:08:23.778,0.86465,0.86495,3.30,5.20
2009.10.06 14:08:24.128,0.86465,0.86485,6.40,1.60
2009.10.06 14:08:24.428,0.86465,0.86485,4.80,4.80
2009.10.06 14:08:24.698,0.86465,0.86485,4.00,5.60
2009.10.06 14:08:24.918,0.8646,0.86485,11.20,4.40
2009.10.06 14:08:25.148,0.8646,0.86485,6.50,4.40
2009.10.06 14:08:25.378,0.8646,0.8648,6.50,4.00
2009.10.06 14:08:26.058,0.8646,0.8648,6.80,1.60
2009.10.06 14:08:26.397,0.8646,0.86475,2.40,1.60
2009.10.06 14:08:27.427,0.86455,0.8647,6.50,1.60
2009.10.06 14:08:27.777,0.86455,0.86475,2.50,1.60
2009.10.06 14:08:28.807,0.86455,0.86475,14.40,1.60
2009.10.06 14:08:29.427,0.86455,0.86475,6.50,4.00
2009.10.06 14:08:29.777,0.86455,0.8648,6.80,1.60
2009.10.06 14:08:30.126,0.86455,0.8648,8.40,1.60
2009.10.06 14:08:30.476,0.86455,0.8648,7.80,1.60
2009.10.06 14:08:30.776,0.86455,0.86475,7.30,1.60
2009.10.06 14:08:31.006,0.86455,0.86475,6.80,1.60
2009.10.06 14:08:31.167,0.86455,0.86475,6.80,1.60
2009.10.06 14:08:31.346,0.86455,0.86475,4.00,1.60
2009.10.06 14:08:32.226,0.8646,0.86485,2.90,2.40
2009.10.06 14:08:32.616,0.86465,0.86485,2.50,1.60
2009.10.06 14:08:34.886,0.86465,0.86485,2.50,4.00
2009.10.06 14:08:34.996,0.86465,0.86485,2.50,4.00
2009.10.06 14:08:35.275,0.86465,0.86485,2.40,4.00
2009.10.06 14:08:35.685,0.86465,0.8648,2.50,1.60
2009.10.06 14:08:35.795,0.86465,0.8648,2.40,1.60
2009.10.06 14:08:36.135,0.86465,0.8648,2.50,1.60
2009.10.06 14:08:36.485,0.86465,0.8648,2.40,1.60
2009.10.06 14:08:37.175,0.86465,0.8648,2.50,1.60
2009.10.06 14:08:37.515,0.86465,0.8648,2.40,1.60
2009.10.06 14:08:37.915,0.86465,0.8648,2.50,1.60
2009.10.06 14:08:38.215,0.86465,0.86485,2.50,1.60
2009.10.06 14:08:38.605,0.86465,0.8649,4.90,4.00
2009.10.06 14:08:39.014,0.86465,0.8649,2.50,1.00
2009.10.06 14:08:39.294,0.86465,0.86495,5.30,7.20
2009.10.06 14:08:39.584,0.8647,0.86495,2.40,4.00
2009.10.06 14:08:39.864,0.8647,0.865,2.40,8.00
2009.10.06 14:08:40.594,0.8647,0.865,2.50,11.20
2009.10.06 14:08:40.824,0.8647,0.865,6.50,11.20
2009.10.06 14:08:41.244,0.8647,0.865,6.50,8.00
2009.10.06 14:08:41.594,0.8647,0.865,6.50,6.40
2009.10.06 14:08:41.944,0.86475,0.86505,4.50,4.80
2009.10.06 14:08:43.034,0.86475,0.865,4.00,1.00
2009.10.06 14:08:43.373,0.8647,0.865,7.30,4.00
2009.10.06 14:08:45.943,0.8647,0.865,6.50,12.80
2009.10.06 14:08:46.413,0.8647,0.86495,4.00,4.00
2009.10.06 14:08:46.753,0.8647,0.86495,1.00,4.00
2009.10.06 14:08:47.093,0.8647,0.86495,1.00,3.20
2009.10.06 14:08:47.832,0.8647,0.86495,1.00,2.40
2009.10.06 14:08:48.162,0.8647,0.86495,1.00,3.20
2009.10.06 14:08:48.522,0.8647,0.86495,2.50,1.00
2009.10.06 14:08:49.022,0.86465,0.86495,9.10,3.20
2009.10.06 14:08:49.252,0.86465,0.86495,8.10,2.80
2009.10.06 14:08:49.532,0.86465,0.86495,7.30,3.60
2009.10.06 14:08:49.832,0.86465,0.86495,6.50,3.60
2009.10.06 14:08:50.122,0.86465,0.86495,2.50,7.60
2009.10.06 14:08:50.472,0.86465,0.86495,2.40,7.60
2009.10.06 14:08:50.752,0.8646,0.8649,8.30,3.20
2009.10.06 14:08:51.272,0.86465,0.8649,4.00,3.20
2009.10.06 14:08:51.712,0.8646,0.8649,11.30,3.20
2009.10.06 14:08:52.052,0.8646,0.8649,7.30,3.20
2009.10.06 14:08:52.731,0.86465,0.8649,2.40,3.20
2009.10.06 14:08:54.381,0.8646,0.8649,7.30,8.40
2009.10.06 14:08:55.461,0.86465,0.8649,2.40,2.80
2009.10.06 14:08:55.751,0.86465,0.86495,5.20,4.80
2009.10.06 14:08:55.920,0.86465,0.86495,5.30,4.80
2009.10.06 14:08:56.151,0.86465,0.86495,9.30,1.00
2009.10.06 14:08:56.330,0.86465,0.86495,4.80,6.40
2009.10.06 14:08:56.510,0.8646,0.8649,7.60,1.00
2009.10.06 14:08:57.470,0.8646,0.8649,2.00,6.40
2009.10.06 14:08:57.810,0.8646,0.8649,1.00,10.80
2009.10.06 14:08:58.490,0.8646,0.8649,1.00,7.60
2009.10.06 14:08:59.180,0.8646,0.8649,2.50,4.40
2009.10.06 14:08:59.360,0.8646,0.8649,1.00,10.80
2009.10.06 14:08:59.479,0.8646,0.8649,2.50,12.40
2009.10.06 14:08:59.650,0.8646,0.86485,1.00,4.00
2009.10.06 14:08:59.820,0.8646,0.8649,1.00,11.60
2009.10.06 14:09:00.000,0.8646,0.8649,1.00,7.60
2009.10.06 14:09:00.290,0.8646,0.8649,3.40,6.40
2009.10.06 14:09:00.639,0.86465,0.8649,8.00,2.40
2009.10.06 14:09:00.929,0.86465,0.8649,4.00,2.40
2009.10.06 14:09:01.669,0.86465,0.8649,1.60,2.90
2009.10.06 14:09:02.009,0.86455,0.86485,17.10,3.20
2009.10.06 14:09:02.359,0.86455,0.86485,16.70,3.20
2009.10.06 14:09:03.059,0.8646,0.86485,1.00,7.20
2009.10.06 14:09:03.519,0.8646,0.86485,1.00,7.20
2009.10.06 14:09:03.859,0.86455,0.8648,12.70,2.40
2009.10.06 14:09:04.259,0.8646,0.86485,5.30,6.40
2009.10.06 14:09:04.548,0.8646,0.8648,6.40,2.40
2009.10.06 14:09:04.838,0.8646,0.8648,2.40,2.40
2009.10.06 14:09:05.458,0.8646,0.8648,3.20,2.40
2009.10.06 14:09:05.578,0.86465,0.8648,1.60,2.40
2009.10.06 14:09:05.688,0.8646,0.8648,1.00,2.90
2009.10.06 14:09:05.858,0.86455,0.8648,11.30,2.90
2009.10.06 14:09:05.978,0.86455,0.86475,8.90,2.40
2009.10.06 14:09:06.258,0.86455,0.86475,4.90,2.40
2009.10.06 14:09:06.588,0.86455,0.86475,4.10,2.40
2009.10.06 14:09:07.528,0.86455,0.86475,4.00,2.40
2009.10.06 14:09:07.927,0.86455,0.8647,1.60,2.40
2009.10.06 14:09:08.157,0.8645,0.8647,2.50,2.40
2009.10.06 14:09:08.757,0.8645,0.8647,2.40,2.40
2009.10.06 14:09:12.196,0.86445,0.8647,7.20,2.40
2009.10.06 14:09:12.536,0.8645,0.86475,2.40,7.60
2009.10.06 14:09:13.226,0.8645,0.86475,6.50,3.60
2009.10.06 14:09:13.576,0.8645,0.86475,2.40,3.60
2009.10.06 14:09:13.956,0.8645,0.86475,6.50,3.60
2009.10.06 14:09:14.286,0.8645,0.86475,2.50,3.60
2009.10.06 14:09:14.626,0.8645,0.8647,1.00,1.00
2009.10.06 14:09:15.966,0.8645,0.8647,2.50,1.00
2009.10.06 14:09:16.246,0.8645,0.86475,2.50,3.60
2009.10.06 14:09:16.416,0.8645,0.8647,2.40,1.00
2009.10.06 14:09:16.595,0.86445,0.8647,6.50,3.20
2009.10.06 14:09:16.835,0.86445,0.8647,4.00,3.20
2009.10.06 14:09:17.185,0.8644,0.86465,2.50,7.60
2009.10.06 14:09:17.925,0.8644,0.86465,2.40,7.60
2009.10.06 14:09:18.575,0.8644,0.8647,10.80,2.40
2009.10.06 14:09:18.965,0.8645,0.8647,1.60,2.40
2009.10.06 14:09:19.195,0.86445,0.8647,4.80,2.40
2009.10.06 14:09:19.765,0.86445,0.86475,8.10,2.40
2009.10.06 14:09:20.045,0.86445,0.86475,10.00,2.40
2009.10.06 14:09:20.284,0.86445,0.86475,18.00,2.40
2009.10.06 14:09:20.984,0.86445,0.86465,12.80,2.40
2009.10.06 14:09:21.214,0.8645,0.8647,4.80,2.40
2009.10.06 14:09:21.574,0.8645,0.8647,1.00,2.40
2009.10.06 14:09:24.254,0.8645,0.8647,1.00,6.40
2009.10.06 14:09:24.363,0.8645,0.8647,1.00,2.40
2009.10.06 14:09:24.883,0.8645,0.8647,1.00,2.80
2009.10.06 14:09:24.934,0.8645,0.8647,1.00,2.90
2009.10.06 14:09:24.993,0.8645,0.8647,1.00,2.50
2009.10.06 14:09:25.224,0.8645,0.8647,1.00,2.40
2009.10.06 14:09:26.303,0.86455,0.8647,1.00,2.40
2009.10.06 14:09:26.683,0.86455,0.86475,2.40,6.40
2009.10.06 14:09:27.023,0.86455,0.86475,2.40,2.40
2009.10.06 14:09:30.292,0.86455,0.86475,2.80,2.40
2009.10.06 14:09:30.462,0.86455,0.86475,2.40,2.40
2009.10.06 14:09:33.182,0.86455,0.8648,4.80,6.80
2009.10.06 14:09:33.871,0.86455,0.8648,2.40,6.80
2009.10.06 14:09:34.341,0.86455,0.8648,4.80,6.80
2009.10.06 14:09:35.181,0.86455,0.86475,1.00,2.40
2009.10.06 14:09:36.781,0.86455,0.8648,3.20,6.40
2009.10.06 14:09:37.790,0.86455,0.8648,6.80,4.00
2009.10.06 14:09:38.140,0.86455,0.86485,10.80,2.40
2009.10.06 14:09:38.490,0.86455,0.86485,6.80,6.40
2009.10.06 14:09:39.350,0.8646,0.8648,1.00,2.40
2009.10.06 14:09:39.650,0.86455,0.86485,1.20,8.40
2009.10.06 14:09:39.930,0.86455,0.86475,1.00,2.40
2009.10.06 14:09:40.400,0.86455,0.8648,1.00,6.80
2009.10.06 14:09:40.640,0.8646,0.8648,1.00,6.40
2009.10.06 14:09:41.099,0.8646,0.8648,1.00,2.40
2009.10.06 14:09:41.850,0.8646,0.86485,6.40,7.20
2009.10.06 14:09:42.189,0.86465,0.86485,3.60,6.40
2009.10.06 14:09:42.519,0.86465,0.86485,3.60,2.40
2009.10.06 14:09:43.219,0.86465,0.86485,2.40,2.40
2009.10.06 14:09:44.319,0.86465,0.8649,4.80,2.40
2009.10.06 14:09:47.768,0.8647,0.86495,8.40,4.00
2009.10.06 14:09:48.058,0.8648,0.86495,3.20,4.00
2009.10.06 14:09:48.298,0.8648,0.865,3.20,2.50
2009.10.06 14:09:48.578,0.86475,0.865,3.20,3.30
2009.10.06 14:09:48.928,0.86475,0.86495,3.20,1.00
2009.10.06 14:09:49.618,0.86475,0.86495,1.00,2.40
2009.10.06 14:09:49.858,0.86475,0.86495,2.40,2.40
2009.10.06 14:09:50.247,0.86475,0.86495,2.40,6.40
2009.10.06 14:09:50.417,0.86475,0.86495,3.20,6.40
2009.10.06 14:09:51.327,0.86475,0.86495,3.20,2.40
2009.10.06 14:09:51.677,0.86475,0.86495,3.20,6.40
2009.10.06 14:09:52.367,0.86475,0.865,3.20,6.50
2009.10.06 14:09:52.727,0.8648,0.865,1.00,2.40
2009.10.06 14:09:54.697,0.86475,0.865,4.40,3.20
2009.10.06 14:09:55.036,0.86475,0.86495,7.20,2.40
2009.10.06 14:09:55.616,0.86475,0.86495,7.60,2.40
2009.10.06 14:09:55.846,0.86475,0.86495,8.00,2.40
2009.10.06 14:09:56.376,0.86475,0.86495,4.00,2.40
2009.10.06 14:09:56.726,0.86475,0.865,5.60,2.40
2009.10.06 14:09:57.056,0.8648,0.865,1.00,2.40
2009.10.06 14:09:58.435,0.8648,0.86505,3.20,6.80
2009.10.06 14:09:58.785,0.8648,0.86505,1.00,6.80
2009.10.06 14:09:59.185,0.86475,0.86505,9.80,7.60
2009.10.06 14:09:59.365,0.86475,0.865,10.50,2.40
2009.10.06 14:09:59.595,0.86475,0.865,6.50,2.40
2009.10.06 14:10:00.115,0.86475,0.865,10.90,2.40
2009.10.06 14:10:01.704,0.86475,0.865,18.90,2.40
2009.10.06 14:10:03.264,0.86475,0.86505,4.00,8.00
2009.10.06 14:10:04.164,0.8647,0.86495,8.10,2.40
2009.10.06 14:10:04.404,0.8647,0.86495,8.00,2.40
2009.10.06 14:10:06.893,0.8647,0.86495,8.10,2.40
2009.10.06 14:10:07.243,0.86475,0.865,10.00,2.40
2009.10.06 14:10:07.573,0.8648,0.865,1.30,2.40
2009.10.06 14:10:07.933,0.8648,0.865,1.60,2.40
2009.10.06 14:10:08.323,0.8648,0.865,5.60,2.40
2009.10.06 14:10:09.013,0.8648,0.865,4.80,2.40
2009.10.06 14:10:09.693,0.8648,0.865,5.60,2.40
2009.10.06 14:10:10.672,0.8648,0.865,4.80,2.40
2009.10.06 14:10:11.012,0.8648,0.865,1.00,2.40
2009.10.06 14:10:11.362,0.8648,0.865,4.80,2.40
2009.10.06 14:10:13.042,0.8648,0.865,4.80,4.40
2009.10.06 14:10:13.402,0.8648,0.86495,4.00,2.40
2009.10.06 14:10:13.752,0.86475,0.86495,4.00,2.40
2009.10.06 14:10:14.102,0.86475,0.865,8.80,2.40
2009.10.06 14:10:14.272,0.86475,0.865,9.60,2.40
2009.10.06 14:10:14.502,0.86475,0.865,10.40,2.40
2009.10.06 14:10:14.681,0.8648,0.865,4.00,2.40
2009.10.06 14:10:15.401,0.8648,0.86495,4.00,2.40
2009.10.06 14:10:15.792,0.86475,0.86495,6.40,2.40
2009.10.06 14:10:16.481,0.86475,0.8649,4.00,2.40
2009.10.06 14:10:17.041,0.8647,0.8649,4.00,2.40
2009.10.06 14:10:17.910,0.86465,0.8649,4.00,4.90
2009.10.06 14:10:18.291,0.86465,0.86485,4.80,2.40
2009.10.06 14:10:18.641,0.8646,0.86485,8.60,3.20
2009.10.06 14:10:18.991,0.8646,0.8648,3.20,2.40
2009.10.06 14:10:19.330,0.86455,0.86485,12.70,2.80
2009.10.06 14:10:19.670,0.86455,0.86485,17.60,2.80
2009.10.06 14:10:19.960,0.86455,0.86485,17.50,2.80
2009.10.06 14:10:20.190,0.8646,0.86485,4.00,2.80
2009.10.06 14:10:20.700,0.8646,0.86485,4.00,2.40
2009.10.06 14:10:20.820,0.8646,0.8648,4.80,2.40
2009.10.06 14:10:20.930,0.8646,0.8648,8.00,2.40
2009.10.06 14:10:21.480,0.8646,0.8648,4.00,2.40
2009.10.06 14:10:21.830,0.8646,0.86485,5.60,2.40
2009.10.06 14:10:23.360,0.8646,0.86485,4.00,7.20
2009.10.06 14:10:23.649,0.8646,0.8648,4.80,2.40
2009.10.06 14:10:23.999,0.8646,0.8648,1.00,2.40
2009.10.06 14:10:24.339,0.8646,0.8648,4.80,2.40
2009.10.06 14:10:25.029,0.8646,0.8648,1.00,2.40
2009.10.06 14:10:25.419,0.8646,0.8648,1.00,1.60
2009.10.06 14:10:25.759,0.8646,0.8648,4.00,1.60
2009.10.06 14:10:26.439,0.8646,0.8648,4.00,2.40
2009.10.06 14:10:27.069,0.86465,0.86485,4.00,2.40
2009.10.06 14:10:27.419,0.8646,0.8648,7.20,2.40
2009.10.06 14:10:27.768,0.8646,0.8648,3.20,2.40
2009.10.06 14:10:29.918,0.8646,0.8648,10.20,2.40
2009.10.06 14:10:30.018,0.86465,0.86485,4.00,2.40
2009.10.06 14:10:31.297,0.86465,0.86485,1.60,3.20
2009.10.06 14:10:31.657,0.8646,0.86485,4.80,4.00
2009.10.06 14:10:32.007,0.86465,0.8649,4.00,2.40
2009.10.06 14:10:32.717,0.86465,0.86485,4.00,2.40
2009.10.06 14:10:33.757,0.8646,0.86485,12.60,2.40
2009.10.06 14:10:34.367,0.8646,0.86485,11.80,3.20
2009.10.06 14:10:34.607,0.8646,0.86485,8.80,2.50
2009.10.06 14:10:34.897,0.8646,0.86485,8.80,2.40
2009.10.06 14:10:35.136,0.86465,0.8649,4.80,2.40
2009.10.06 14:10:35.366,0.86465,0.8649,8.80,2.40
2009.10.06 14:10:35.716,0.86465,0.8649,13.40,2.40
2009.10.06 14:10:35.936,0.86465,0.8649,15.80,2.40
2009.10.06 14:10:36.746,0.86465,0.8649,16.60,2.40
2009.10.06 14:10:37.076,0.8647,0.86495,3.20,2.40
2009.10.06 14:10:37.366,0.8647,0.86495,8.00,2.40
2009.10.06 14:10:37.716,0.8647,0.86495,8.60,2.40
2009.10.06 14:10:38.766,0.8647,0.86495,7.80,2.40
2009.10.06 14:10:39.636,0.8647,0.8649,5.30,2.40
2009.10.06 14:10:39.815,0.8647,0.86495,9.40,3.20
2009.10.06 14:10:39.985,0.8647,0.86495,9.60,4.00
2009.10.06 14:10:40.336,0.8647,0.86495,10.20,4.00
2009.10.06 14:10:40.505,0.8647,0.86495,4.80,3.20
2009.10.06 14:10:40.845,0.8647,0.86495,8.80,3.20
2009.10.06 14:10:41.875,0.8647,0.8649,8.00,2.40
2009.10.06 14:10:42.235,0.8647,0.8649,8.80,2.40
2009.10.06 14:10:44.624,0.8647,0.8649,9.60,2.40
2009.10.06 14:10:47.104,0.86475,0.865,4.00,4.40
2009.10.06 14:10:47.804,0.8647,0.86495,8.00,2.40
2009.10.06 14:10:48.813,0.8647,0.86495,2.40,2.90
2009.10.06 14:10:49.103,0.8647,0.86495,3.20,2.80
2009.10.06 14:10:49.393,0.8647,0.86495,3.20,2.40
2009.10.06 14:10:49.963,0.8647,0.86495,2.40,2.40
2009.10.06 14:10:50.303,0.8647,0.86495,2.40,3.20
2009.10.06 14:10:50.973,0.86475,0.865,2.40,9.20
2009.10.06 14:10:51.203,0.86475,0.865,4.00,9.60
2009.10.06 14:10:52.142,0.86475,0.865,4.00,5.60
2009.10.06 14:10:52.812,0.86475,0.865,4.00,4.80
2009.10.06 14:10:53.522,0.86475,0.865,4.00,3.20
2009.10.06 14:10:55.432,0.86475,0.8649,1.60,2.40
2009.10.06 14:10:55.762,0.8647,0.8649,5.60,2.40
2009.10.06 14:10:56.401,0.8647,0.8649,1.60,2.40
2009.10.06 14:10:56.741,0.8647,0.8649,5.60,2.40
2009.10.06 14:10:57.461,0.8647,0.86485,4.00,3.20
2009.10.06 14:10:57.801,0.86465,0.86485,4.00,5.20
2009.10.06 14:10:58.151,0.86465,0.86485,1.00,3.20
2009.10.06 14:10:58.491,0.86465,0.86485,7.20,2.40
2009.10.06 14:10:59.181,0.86465,0.86485,10.40,2.40
2009.10.06 14:10:59.591,0.86465,0.86485,7.20,2.40
2009.10.06 14:11:00.401,0.8647,0.86485,1.00,2.40
2009.10.06 14:11:00.640,0.86465,0.86485,7.20,2.40
2009.10.06 14:11:02.840,0.86465,0.86485,3.20,2.40
2009.10.06 14:11:03.860,0.86465,0.8649,3.20,3.30
2009.10.06 14:11:04.220,0.86465,0.8648,4.00,2.40
2009.10.06 14:11:04.920,0.86455,0.8648,8.00,2.40
2009.10.06 14:11:05.269,0.8646,0.8648,1.00,2.40
2009.10.06 14:11:06.199,0.8646,0.8648,4.80,2.40
2009.10.06 14:11:07.309,0.8646,0.8648,4.00,2.40
2009.10.06 14:11:07.999,0.86455,0.8648,8.00,2.40
2009.10.06 14:11:08.338,0.86455,0.8648,12.00,2.50
2009.10.06 14:11:08.669,0.8646,0.86475,4.00,3.20
2009.10.06 14:11:09.018,0.86455,0.86475,4.00,5.60
2009.10.06 14:11:09.698,0.8645,0.86465,4.00,2.40
2009.10.06 14:11:09.988,0.86445,0.86465,4.00,2.40
2009.10.06 14:11:10.278,0.8644,0.86465,8.00,2.40
2009.10.06 14:11:10.568,0.8644,0.86465,9.60,2.40
2009.10.06 14:11:11.198,0.8644,0.86465,8.00,2.40
2009.10.06 14:11:11.548,0.8644,0.86465,5.60,4.00
2009.10.06 14:11:11.888,0.8644,0.86465,1.60,4.40
2009.10.06 14:11:12.238,0.86445,0.8646,4.00,4.00
2009.10.06 14:11:12.587,0.86445,0.86455,4.00,2.40
2009.10.06 14:11:12.948,0.8644,0.86455,4.00,2.40
2009.10.06 14:11:13.297,0.8644,0.8646,1.00,2.40
2009.10.06 14:11:13.637,0.86435,0.8646,8.60,2.40
2009.10.06 14:11:13.977,0.8644,0.8646,4.00,2.40
2009.10.06 14:11:15.177,0.8644,0.8646,4.80,2.40
2009.10.06 14:11:15.347,0.8644,0.8646,8.00,3.20
2009.10.06 14:11:15.527,0.8644,0.8646,8.80,3.20
2009.10.06 14:11:15.647,0.8644,0.8646,9.60,2.40
2009.10.06 14:11:15.997,0.8644,0.8646,17.60,2.40
2009.10.06 14:11:16.107,0.86445,0.86465,5.60,2.40
2009.10.06 14:11:16.457,0.8644,0.8646,10.20,2.40
2009.10.06 14:11:17.556,0.8644,0.86465,10.60,2.80
2009.10.06 14:11:17.856,0.8644,0.8646,10.20,2.40
2009.10.06 14:11:19.046,0.86445,0.86465,1.00,2.40
2009.10.06 14:11:19.386,0.86445,0.86465,4.00,2.40
2009.10.06 14:11:19.626,0.8644,0.8646,5.60,2.40
2009.10.06 14:11:19.806,0.8644,0.8646,4.80,2.40
2009.10.06 14:11:22.205,0.86445,0.8646,1.00,2.40
2009.10.06 14:11:22.435,0.86445,0.8647,3.20,3.20
2009.10.06 14:11:22.785,0.86445,0.8647,4.80,3.20
2009.10.06 14:11:23.825,0.86445,0.8647,7.20,3.20
2009.10.06 14:11:24.175,0.86445,0.8647,3.20,3.20
2009.10.06 14:11:24.745,0.86445,0.86465,2.40,3.20
2009.10.06 14:11:24.974,0.8644,0.8646,9.40,2.40
2009.10.06 14:11:25.195,0.8644,0.8646,5.60,2.40
2009.10.06 14:11:25.644,0.8644,0.8646,9.60,2.40
2009.10.06 14:11:25.825,0.8644,0.8646,7.20,2.40
2009.10.06 14:11:26.004,0.8644,0.86455,6.40,2.40
2009.10.06 14:11:26.224,0.8644,0.86455,4.80,2.40
2009.10.06 14:11:26.454,0.86435,0.86455,2.90,2.40
2009.10.06 14:11:26.624,0.86435,0.86455,6.90,2.40
2009.10.06 14:11:26.954,0.86435,0.86455,6.10,3.20
2009.10.06 14:11:27.344,0.86435,0.86455,6.10,2.40
2009.10.06 14:11:27.694,0.86435,0.86455,1.30,2.40
2009.10.06 14:11:28.034,0.86435,0.86455,5.70,2.40
2009.10.06 14:11:28.724,0.86435,0.86455,8.60,2.40
2009.10.06 14:11:29.054,0.86435,0.86455,7.80,2.40
2009.10.06 14:11:29.403,0.86435,0.86455,7.20,2.40
2009.10.06 14:11:29.793,0.86435,0.8646,8.00,3.20
2009.10.06 14:11:30.083,0.86435,0.86455,5.60,2.40
2009.10.06 14:11:30.383,0.86435,0.86455,4.00,2.40
2009.10.06 14:11:30.733,0.8643,0.86455,10.80,2.40
2009.10.06 14:11:30.963,0.8643,0.86455,10.40,2.40
2009.10.06 14:11:31.363,0.8643,0.86455,8.80,2.40
2009.10.06 14:11:31.583,0.8643,0.86445,4.00,2.40
2009.10.06 14:11:31.933,0.8643,0.86445,5.60,2.40
2009.10.06 14:11:32.283,0.86425,0.86445,6.50,4.40
2009.10.06 14:11:32.633,0.86425,0.8645,8.40,2.40
2009.10.06 14:11:32.983,0.86425,0.86455,6.40,9.60
2009.10.06 14:11:36.092,0.86425,0.86445,4.00,2.40
2009.10.06 14:11:36.782,0.86425,0.8645,8.00,2.40
2009.10.06 14:11:37.862,0.86425,0.8645,4.00,2.40
2009.10.06 14:11:38.901,0.86425,0.86455,8.00,7.20
2009.10.06 14:11:39.931,0.86425,0.86445,7.20,2.40
2009.10.06 14:11:40.051,0.86425,0.86445,4.80,2.40
2009.10.06 14:11:40.221,0.86425,0.86445,4.00,3.20
2009.10.06 14:11:40.401,0.8642,0.8644,5.30,2.40
2009.10.06 14:11:40.581,0.8642,0.86445,14.10,3.20
2009.10.06 14:11:41.261,0.8642,0.86445,14.60,2.40
2009.10.06 14:11:41.960,0.8642,0.86445,14.20,2.40
2009.10.06 14:11:42.660,0.86425,0.86445,4.00,3.20
2009.10.06 14:11:42.990,0.86425,0.8645,8.00,3.20
2009.10.06 14:11:43.340,0.86425,0.86455,10.00,2.50
2009.10.06 14:11:43.740,0.86425,0.8645,8.00,2.40
2009.10.06 14:11:44.080,0.86425,0.8645,8.10,2.40
2009.10.06 14:11:45.070,0.86425,0.86445,8.10,2.40
2009.10.06 14:11:46.769,0.86425,0.86445,4.10,2.40
2009.10.06 14:11:47.099,0.86425,0.86445,8.70,2.40
2009.10.06 14:11:47.749,0.86425,0.86445,4.70,2.40
2009.10.06 14:11:48.369,0.86425,0.8645,10.60,2.40
2009.10.06 14:11:48.719,0.8643,0.8645,8.00,2.40
2009.10.06 14:11:49.649,0.8643,0.86455,8.00,5.60
2009.10.06 14:11:50.978,0.8643,0.86455,8.00,4.80
2009.10.06 14:11:51.268,0.8643,0.86455,8.20,4.80
2009.10.06 14:11:51.448,0.8643,0.86455,8.10,4.80
2009.10.06 14:11:51.908,0.86435,0.86455,6.40,2.40
2009.10.06 14:11:52.308,0.86435,0.8646,8.80,2.40
2009.10.06 14:11:52.658,0.86435,0.8646,9.60,2.40
2009.10.06 14:11:53.338,0.86435,0.8646,4.80,4.00
2009.10.06 14:11:53.688,0.86435,0.8646,4.00,4.00
2009.10.06 14:11:54.047,0.86435,0.86455,4.80,2.40
2009.10.06 14:11:54.408,0.86435,0.8646,6.40,2.40
2009.10.06 14:11:55.407,0.86435,0.8646,2.40,2.40
2009.10.06 14:11:55.937,0.8644,0.86465,1.60,6.40
2009.10.06 14:11:56.267,0.86435,0.8646,8.00,2.40
2009.10.06 14:11:56.387,0.86435,0.8646,6.40,2.40
2009.10.06 14:11:56.547,0.86435,0.8646,2.40,2.40
2009.10.06 14:11:56.717,0.86435,0.8646,2.40,6.40
2009.10.06 14:11:57.707,0.86435,0.8646,2.40,2.40
2009.10.06 14:11:58.106,0.86435,0.8646,4.00,2.40
2009.10.06 14:11:58.446,0.86435,0.8646,6.40,2.40
2009.10.06 14:11:58.786,0.86435,0.8646,15.00,2.40
2009.10.06 14:11:59.126,0.86435,0.8646,17.00,2.40
2009.10.06 14:11:59.846,0.8644,0.8646,8.00,2.40
2009.10.06 14:12:00.006,0.8644,0.86465,8.00,3.30
2009.10.06 14:12:00.176,0.8644,0.86465,8.80,2.40
2009.10.06 14:12:02.105,0.8644,0.86465,9.60,2.40
2009.10.06 14:12:04.115,0.86445,0.86465,2.40,2.40
2009.10.06 14:12:04.925,0.8644,0.86465,10.30,2.40
2009.10.06 14:12:05.265,0.86445,0.8647,3.20,3.20
2009.10.06 14:12:05.435,0.8644,0.86465,14.20,2.40
2009.10.06 14:12:05.785,0.8644,0.86465,10.20,2.40
2009.10.06 14:12:06.025,0.86445,0.86465,3.20,2.40
2009.10.06 14:12:06.204,0.86445,0.86475,6.40,6.40
2009.10.06 14:12:06.914,0.86445,0.86475,4.40,6.40
2009.10.06 14:12:07.254,0.86445,0.86475,4.00,6.40
2009.10.06 14:12:07.544,0.86445,0.86475,8.00,2.40
2009.10.06 14:12:08.174,0.86445,0.86475,8.00,2.40
2009.10.06 14:12:08.854,0.86445,0.86475,8.00,2.40
2009.10.06 14:12:09.524,0.86445,0.86475,11.60,2.40
2009.10.06 14:12:10.224,0.86445,0.86475,11.60,2.40
2009.10.06 14:12:10.454,0.8645,0.86475,1.00,2.40
2009.10.06 14:12:11.083,0.86455,0.8648,1.00,8.00
2009.10.06 14:12:11.424,0.86455,0.8648,1.00,6.40
2009.10.06 14:12:12.713,0.8645,0.86475,1.60,7.20
2009.10.06 14:12:13.053,0.8645,0.86475,1.60,6.40
2009.10.06 14:12:13.403,0.8645,0.8647,1.60,2.40
2009.10.06 14:12:14.832,0.86445,0.8647,7.70,3.20
2009.10.06 14:12:15.063,0.86445,0.8647,7.20,3.20
2009.10.06 14:12:15.412,0.8644,0.86465,14.30,2.40
2009.10.06 14:12:17.112,0.8644,0.86465,10.30,2.40
2009.10.06 14:12:21.241,0.8644,0.86465,9.70,2.40
2009.10.06 14:12:21.621,0.8644,0.8646,5.60,2.40
2009.10.06 14:12:21.861,0.8644,0.8646,5.70,2.40
2009.10.06 14:12:22.211,0.8644,0.86465,6.50,2.40
2009.10.06 14:12:22.551,0.86445,0.86465,2.40,2.40
2009.10.06 14:12:23.251,0.8644,0.86465,9.70,2.40
2009.10.06 14:12:23.930,0.8644,0.8647,9.60,7.20
2009.10.06 14:12:25.970,0.8644,0.8646,5.60,2.40
2009.10.06 14:12:26.470,0.8644,0.8646,12.80,2.40
2009.10.06 14:12:26.700,0.8644,0.86465,13.20,2.40
2009.10.06 14:12:26.920,0.86445,0.86465,6.40,2.40
2009.10.06 14:12:27.990,0.86445,0.86465,3.20,2.40
2009.10.06 14:12:29.039,0.86445,0.86465,2.40,2.40
2009.10.06 14:12:30.079,0.86445,0.8647,2.50,6.40
2009.10.06 14:12:30.369,0.8644,0.86465,2.40,4.40
2009.10.06 14:12:32.368,0.8644,0.86465,4.00,6.40
2009.10.06 14:12:32.648,0.8644,0.86465,5.60,6.40
2009.10.06 14:12:32.998,0.86445,0.86465,2.40,2.40
2009.10.06 14:12:34.348,0.8644,0.86465,6.40,2.40
2009.10.06 14:12:34.758,0.8644,0.86465,2.40,6.40
2009.10.06 14:12:36.367,0.8644,0.86465,3.30,6.40
2009.10.06 14:12:36.777,0.86445,0.86465,2.40,6.40
2009.10.06 14:12:37.127,0.86445,0.86465,2.40,2.40
2009.10.06 14:12:37.477,0.86445,0.86465,2.40,6.40
2009.10.06 14:12:39.017,0.8644,0.86465,2.40,8.00
2009.10.06 14:12:39.347,0.8644,0.86465,3.20,6.40
2009.10.06 14:12:39.707,0.8644,0.86465,2.40,6.40
2009.10.06 14:12:41.196,0.8644,0.86465,2.40,7.20
2009.10.06 14:12:41.466,0.86435,0.8646,3.20,2.40
2009.10.06 14:12:42.056,0.86435,0.8645,2.40,2.10
2009.10.06 14:12:42.406,0.86425,0.8645,4.00,3.20
2009.10.06 14:12:42.756,0.86425,0.8645,4.00,10.40
2009.10.06 14:12:43.106,0.86425,0.8645,4.10,6.40
2009.10.06 14:12:43.326,0.86425,0.8645,4.10,2.40
2009.10.06 14:12:43.825,0.86425,0.8645,4.00,2.40
2009.10.06 14:12:44.175,0.86425,0.8645,4.10,2.40
2009.10.06 14:12:44.505,0.86425,0.86445,4.00,2.40
2009.10.06 14:12:45.245,0.8642,0.86445,10.50,4.00
2009.10.06 14:12:45.595,0.8642,0.86445,8.90,4.00
2009.10.06 14:12:45.985,0.8642,0.86445,8.90,2.40
2009.10.06 14:12:46.335,0.86425,0.8644,1.60,2.40
2009.10.06 14:12:46.666,0.8642,0.8644,4.80,2.40
2009.10.06 14:12:46.895,0.86415,0.8644,8.90,4.80
2009.10.06 14:12:47.185,0.8642,0.86435,4.00,2.40
2009.10.06 14:12:47.485,0.8642,0.8644,7.30,2.40
2009.10.06 14:12:47.835,0.8642,0.8644,7.20,2.40
2009.10.06 14:12:48.184,0.8642,0.86445,3.30,2.40
2009.10.06 14:12:48.545,0.8642,0.8645,9.60,7.20
2009.10.06 14:12:48.895,0.8643,0.8645,6.40,4.00
2009.10.06 14:12:49.245,0.8643,0.8645,3.60,4.00
2009.10.06 14:12:49.594,0.8643,0.86455,3.30,6.40
2009.10.06 14:12:49.994,0.8643,0.86455,1.00,6.40
2009.10.06 14:12:50.234,0.8643,0.86455,2.50,6.40
2009.10.06 14:12:50.964,0.8643,0.86455,2.40,6.40
2009.10.06 14:12:52.244,0.8643,0.86455,2.40,2.40
2009.10.06 14:12:52.524,0.86425,0.8645,5.60,5.60
2009.10.06 14:12:52.873,0.86415,0.86445,7.20,5.60
2009.10.06 14:12:53.233,0.86415,0.86445,4.80,2.40
2009.10.06 14:12:53.583,0.8642,0.86445,1.00,6.40
2009.10.06 14:12:53.923,0.8642,0.86445,1.00,10.40
2009.10.06 14:12:54.283,0.8642,0.86445,6.80,6.40
2009.10.06 14:12:54.633,0.86425,0.86445,1.00,2.40
2009.10.06 14:12:54.853,0.8642,0.86445,3.60,2.40
2009.10.06 14:12:55.133,0.8642,0.86445,1.00,2.40
2009.10.06 14:12:55.353,0.8642,0.8645,1.00,7.20
2009.10.06 14:12:56.143,0.8642,0.8645,1.00,16.00
2009.10.06 14:12:58.632,0.8642,0.8645,1.00,12.00
2009.10.06 14:12:59.322,0.8642,0.8645,1.00,16.00
2009.10.06 14:12:59.662,0.8642,0.86445,1.00,2.40
2009.10.06 14:13:00.232,0.8642,0.86445,1.00,2.90
2009.10.06 14:13:00.572,0.86415,0.8644,1.60,2.40
2009.10.06 14:13:00.852,0.86415,0.8644,4.80,2.40
2009.10.06 14:13:05.370,0.86415,0.8644,7.20,2.40
2009.10.06 14:13:06.110,0.86415,0.8644,4.80,2.40
2009.10.06 14:13:08.440,0.86415,0.8644,7.20,2.40
2009.10.06 14:13:08.909,0.86415,0.8644,3.20,2.40
2009.10.06 14:13:13.738,0.8642,0.86445,3.30,8.00
2009.10.06 14:13:14.088,0.8642,0.86445,3.30,4.00
2009.10.06 14:13:14.778,0.8642,0.8645,1.00,8.40
2009.10.06 14:13:14.958,0.8642,0.8645,3.20,9.20
2009.10.06 14:13:15.178,0.8642,0.8645,3.60,8.80
2009.10.06 14:13:15.408,0.86425,0.8645,1.00,7.20
2009.10.06 14:13:16.408,0.8642,0.86445,5.60,4.80
2009.10.06 14:13:16.758,0.8642,0.86445,1.00,4.80
2009.10.06 14:13:17.447,0.8642,0.8644,2.40,2.40
2009.10.06 14:13:17.797,0.8642,0.8644,1.00,2.40
2009.10.06 14:13:22.277,0.8642,0.8644,1.00,3.20
2009.10.06 14:13:22.606,0.8642,0.8644,1.00,2.40
2009.10.06 14:13:25.625,0.8642,0.86445,1.00,8.80
2009.10.06 14:13:25.866,0.8642,0.86445,1.00,8.80
2009.10.06 14:13:26.536,0.86425,0.86445,4.80,6.80
2009.10.06 14:13:26.715,0.8643,0.86445,1.00,6.40
2009.10.06 14:13:26.945,0.8643,0.8645,1.00,6.40
2009.10.06 14:13:27.115,0.86435,0.86445,1.00,2.40
2009.10.06 14:13:27.465,0.86435,0.86455,1.00,6.40
2009.10.06 14:13:27.815,0.8643,0.86455,2.80,6.40
2009.10.06 14:13:28.335,0.86425,0.8645,1.00,6.80
2009.10.06 14:13:29.354,0.8642,0.8644,4.10,2.40
2009.10.06 14:13:29.644,0.86415,0.8644,7.20,2.90
2009.10.06 14:13:29.925,0.86405,0.8643,11.50,2.40
2009.10.06 14:13:30.224,0.86405,0.8643,10.90,2.40
2009.10.06 14:13:30.574,0.86405,0.8643,7.60,2.40
2009.10.06 14:13:30.754,0.86405,0.8643,3.20,2.40
2009.10.06 14:13:31.664,0.86405,0.8643,4.00,2.40
2009.10.06 14:13:32.004,0.864,0.86425,7.30,2.40
2009.10.06 14:13:32.354,0.86405,0.86425,4.10,2.40
2009.10.06 14:13:32.694,0.86405,0.86425,4.00,2.40
2009.10.06 14:13:33.054,0.8641,0.8643,3.20,6.40
2009.10.06 14:13:33.404,0.8641,0.86435,2.40,6.40
2009.10.06 14:13:33.923,0.8641,0.8643,2.40,4.00
2009.10.06 14:13:34.254,0.8641,0.86435,2.40,6.40
2009.10.06 14:13:34.603,0.8641,0.86435,2.40,7.60
2009.10.06 14:13:34.893,0.86405,0.86435,4.00,9.20
2009.10.06 14:13:35.113,0.86405,0.8643,4.10,2.40
2009.10.06 14:13:35.343,0.86405,0.8643,4.90,2.40
2009.10.06 14:13:36.963,0.86405,0.8643,4.80,2.40
2009.10.06 14:13:38.492,0.86405,0.8643,8.80,2.40
2009.10.06 14:13:39.132,0.86405,0.8643,9.60,2.40
2009.10.06 14:13:39.492,0.86405,0.8643,8.90,2.40
2009.10.06 14:13:39.832,0.86405,0.86435,12.40,4.00
2009.10.06 14:13:40.112,0.8641,0.86435,4.80,6.40
2009.10.06 14:13:41.841,0.8641,0.86435,8.00,6.40
2009.10.06 14:13:43.401,0.8641,0.8643,1.00,2.40
2009.10.06 14:13:44.661,0.8641,0.8643,1.00,6.40
2009.10.06 14:13:45.351,0.86405,0.86425,1.00,2.40
2009.10.06 14:13:45.411,0.86405,0.86425,1.00,2.40
2009.10.06 14:13:45.521,0.86405,0.86425,1.00,6.40
2009.10.06 14:13:46.151,0.86405,0.86425,1.00,2.40
2009.10.06 14:13:48.780,0.86405,0.8643,4.80,2.40
2009.10.06 14:13:49.700,0.86405,0.86425,4.80,2.40
2009.10.06 14:13:50.170,0.86405,0.8643,8.80,2.40
2009.10.06 14:13:51.150,0.86405,0.8643,8.80,3.20
2009.10.06 14:13:51.269,0.86405,0.8643,9.60,3.20
2009.10.06 14:13:51.440,0.8641,0.8643,4.00,2.40
2009.10.06 14:13:51.789,0.86405,0.8643,8.80,3.20
2009.10.06 14:13:52.079,0.86405,0.86425,8.80,2.40
2009.10.06 14:13:52.939,0.86405,0.8643,8.80,3.20
2009.10.06 14:13:53.219,0.86405,0.8643,8.80,2.40
2009.10.06 14:13:54.508,0.86405,0.8643,8.80,3.20
2009.10.06 14:13:54.859,0.86405,0.8643,8.80,2.40
2009.10.06 14:13:55.098,0.86405,0.8643,8.90,2.40
2009.10.06 14:13:55.278,0.86405,0.8643,8.80,2.40
2009.10.06 14:13:56.448,0.8641,0.8643,4.40,2.40
2009.10.06 14:13:56.968,0.86415,0.8644,8.80,4.00
2009.10.06 14:13:57.259,0.8642,0.8645,12.80,7.20
2009.10.06 14:13:57.488,0.86425,0.86445,4.80,2.40
2009.10.06 14:13:58.108,0.86425,0.86445,8.80,2.40
2009.10.06 14:13:59.158,0.86425,0.8644,4.80,2.40
2009.10.06 14:13:59.497,0.86425,0.8644,1.00,2.40
2009.10.06 14:14:05.946,0.8643,0.8644,5.60,2.40
2009.10.06 14:14:06.066,0.8643,0.8645,3.20,4.00
2009.10.06 14:14:06.186,0.8643,0.8645,6.80,6.40
2009.10.06 14:14:06.406,0.86435,0.8645,1.00,2.40
2009.10.06 14:14:06.576,0.8643,0.8645,3.60,2.40
2009.10.06 14:14:06.686,0.86435,0.8645,1.00,2.40
2009.10.06 14:14:06.985,0.8643,0.8645,2.80,2.40
2009.10.06 14:14:07.145,0.8643,0.8645,2.40,2.80
2009.10.06 14:14:07.315,0.86425,0.86445,12.00,2.40
2009.10.06 14:14:07.475,0.86425,0.86445,8.00,2.40
2009.10.06 14:14:07.825,0.8643,0.86455,8.80,6.50
2009.10.06 14:14:08.165,0.8643,0.86455,12.80,2.40
2009.10.06 14:14:08.835,0.86435,0.8646,3.20,2.40
2009.10.06 14:14:10.555,0.8643,0.8646,9.60,3.20
2009.10.06 14:14:10.785,0.8643,0.8645,4.00,2.40
2009.10.06 14:14:11.474,0.86425,0.8645,5.60,2.40
2009.10.06 14:14:11.714,0.86425,0.8645,9.60,2.40
2009.10.06 14:14:15.793,0.86425,0.8645,5.60,2.40
2009.10.06 14:14:20.363,0.86425,0.8645,5.60,2.90
2009.10.06 14:14:20.592,0.86425,0.8645,4.80,2.90
2009.10.06 14:14:21.002,0.86425,0.8645,4.00,4.40
2009.10.06 14:14:23.022,0.86425,0.8645,2.40,4.50
2009.10.06 14:14:23.382,0.8643,0.8645,1.00,2.40
2009.10.06 14:14:23.722,0.8643,0.86455,2.40,4.50
2009.10.06 14:14:24.072,0.8643,0.86455,3.20,2.50
2009.10.06 14:14:24.432,0.8643,0.86455,3.20,2.50
2009.10.06 14:14:24.721,0.8643,0.86455,6.40,2.50
2009.10.06 14:14:26.411,0.8643,0.8646,7.20,8.00
2009.10.06 14:14:26.581,0.8643,0.8645,6.40,2.40
2009.10.06 14:14:27.261,0.8643,0.86455,7.20,2.40
2009.10.06 14:14:27.601,0.8643,0.86455,6.40,2.40
2009.10.06 14:14:27.940,0.8643,0.86455,2.40,2.40
2009.10.06 14:14:28.290,0.8643,0.86455,6.40,2.40
2009.10.06 14:14:29.970,0.8643,0.86455,7.20,2.40
2009.10.06 14:14:40.517,0.8643,0.86455,4.00,4.80
2009.10.06 14:14:40.627,0.86425,0.8645,9.20,2.40
2009.10.06 14:14:44.087,0.86425,0.8645,8.80,2.40
2009.10.06 14:14:50.185,0.86425,0.8645,6.40,4.40
2009.10.06 14:14:50.305,0.86425,0.8645,6.40,4.40
2009.10.06 14:14:53.534,0.86425,0.8645,6.40,4.50
2009.10.06 14:14:53.874,0.86425,0.8644,4.00,2.40
2009.10.06 14:14:54.264,0.86425,0.86445,2.40,4.00
2009.10.06 14:14:54.554,0.86425,0.8644,4.00,2.40
2009.10.06 14:14:55.094,0.8642,0.8644,7.20,2.40
2009.10.06 14:14:55.374,0.8642,0.8644,6.40,2.40
2009.10.06 14:14:55.944,0.8642,0.8645,8.10,2.40
2009.10.06 14:14:58.133,0.8642,0.8645,8.00,2.40
2009.10.06 14:15:05.412,0.8642,0.8645,9.60,2.40
2009.10.06 14:15:05.472,0.8642,0.8645,13.20,2.40
2009.10.06 14:15:05.591,0.8642,0.8645,12.10,2.40
2009.10.06 14:15:05.642,0.8642,0.8645,7.60,3.40
2009.10.06 14:15:05.762,0.8642,0.8645,4.80,6.40
2009.10.06 14:15:05.881,0.8642,0.86445,4.00,4.80
2009.10.06 14:15:06.621,0.86415,0.86445,9.70,4.80
2009.10.06 14:15:07.901,0.86415,0.86445,10.50,4.80
2009.10.06 14:15:09.630,0.8642,0.8644,6.40,2.40
2009.10.06 14:15:09.951,0.8642,0.8645,12.00,3.30
2009.10.06 14:15:10.180,0.86425,0.8645,3.60,2.40
2009.10.06 14:15:10.470,0.86425,0.8645,3.20,3.20
2009.10.06 14:15:10.870,0.8643,0.8645,2.40,2.40
2009.10.06 14:15:11.221,0.86435,0.86445,1.00,2.40
2009.10.06 14:15:11.570,0.8643,0.8645,1.00,6.40
2009.10.06 14:15:11.870,0.86435,0.86455,1.00,4.00
2009.10.06 14:15:12.150,0.86435,0.86455,1.00,6.40
2009.10.06 14:15:12.710,0.8643,0.86455,5.20,2.40
2009.10.06 14:15:13.120,0.8643,0.8645,4.80,2.40
2009.10.06 14:15:13.800,0.8643,0.86455,1.00,2.40
2009.10.06 14:15:14.669,0.86425,0.8646,8.00,10.40
2009.10.06 14:15:14.839,0.86425,0.86455,8.90,2.40
2009.10.06 14:15:15.009,0.8643,0.8645,1.00,2.40
2009.10.06 14:15:16.119,0.86425,0.8645,4.00,3.20
2009.10.06 14:15:16.449,0.86425,0.8644,8.00,2.40
2009.10.06 14:15:16.739,0.8642,0.8644,3.20,2.40
2009.10.06 14:15:17.089,0.8642,0.86445,2.40,2.40
2009.10.06 14:15:17.479,0.86425,0.86445,1.00,2.40
2009.10.06 14:15:17.828,0.86425,0.8645,3.20,6.40
2009.10.06 14:15:18.188,0.8643,0.8645,3.20,4.00
2009.10.06 14:15:18.848,0.86425,0.8645,8.80,2.40
2009.10.06 14:15:19.400,0.86425,0.8645,4.80,2.40
2009.10.06 14:15:19.738,0.8642,0.86455,7.30,10.00
2009.10.06 14:15:20.078,0.86435,0.8645,4.00,2.40
2009.10.06 14:15:20.438,0.86425,0.8645,8.00,2.40
2009.10.06 14:15:21.218,0.86425,0.86455,14.10,8.00
2009.10.06 14:15:21.508,0.86425,0.86455,18.50,2.40
2009.10.06 14:15:21.808,0.8643,0.86455,6.30,2.40
2009.10.06 14:15:22.107,0.8643,0.86455,6.60,2.40
2009.10.06 14:15:22.457,0.86435,0.86455,1.60,2.40
2009.10.06 14:15:23.127,0.86435,0.8646,8.00,3.30
2009.10.06 14:15:23.587,0.86435,0.8646,7.60,2.40
2009.10.06 14:15:23.877,0.86435,0.8646,11.70,2.40
2009.10.06 14:15:24.227,0.86435,0.86455,8.00,2.40
2009.10.06 14:15:24.577,0.86435,0.8646,16.40,4.00
2009.10.06 14:15:24.927,0.86435,0.8646,9.20,4.00
2009.10.06 14:15:25.607,0.86435,0.8646,9.20,2.40
2009.10.06 14:15:25.957,0.86435,0.8646,6.80,1.60
2009.10.06 14:15:26.367,0.86435,0.86465,6.80,7.20
2009.10.06 14:15:26.876,0.8644,0.86465,1.00,3.20
2009.10.06 14:15:27.166,0.8644,0.8646,1.00,2.40
2009.10.06 14:15:27.736,0.86435,0.8646,4.80,4.80
2009.10.06 14:15:28.136,0.86435,0.8646,1.00,8.80
2009.10.06 14:15:28.476,0.86435,0.8646,1.00,8.80
2009.10.06 14:15:29.166,0.86435,0.86455,1.00,4.00
2009.10.06 14:15:29.796,0.8643,0.8645,3.20,2.40
2009.10.06 14:15:31.075,0.8643,0.8645,2.40,2.40
2009.10.06 14:15:31.295,0.86435,0.8645,2.40,2.90
2009.10.06 14:15:31.465,0.8644,0.8645,2.40,4.00
2009.10.06 14:15:31.855,0.86435,0.86455,1.00,2.40
2009.10.06 14:15:32.205,0.86435,0.8645,1.00,2.40
2009.10.06 14:15:32.545,0.8643,0.86455,7.30,2.40
2009.10.06 14:15:32.885,0.8643,0.86455,15.20,2.40
2009.10.06 14:15:33.215,0.8643,0.86455,3.20,2.40
2009.10.06 14:15:33.954,0.8643,0.86455,3.60,2.40
2009.10.06 14:15:34.285,0.8643,0.8646,6.80,4.00
2009.10.06 14:15:34.625,0.8643,0.8646,7.60,7.20
2009.10.06 14:15:34.924,0.86435,0.8646,1.00,4.80
2009.10.06 14:15:35.214,0.86435,0.8646,1.00,4.00
2009.10.06 14:15:35.794,0.86435,0.8646,3.20,4.00
2009.10.06 14:15:36.024,0.8643,0.8646,7.20,4.10
2009.10.06 14:15:36.314,0.8643,0.8646,3.20,8.90
2009.10.06 14:15:36.594,0.86425,0.86455,7.20,3.30
2009.10.06 14:15:36.834,0.8643,0.86455,2.40,3.20
2009.10.06 14:15:37.094,0.8643,0.86455,3.20,3.20
2009.10.06 14:15:37.394,0.8643,0.86455,3.20,6.40
2009.10.06 14:15:41.193,0.8643,0.86455,3.20,2.40
2009.10.06 14:15:41.883,0.8643,0.86455,3.20,6.40
2009.10.06 14:15:43.063,0.86435,0.86455,1.00,6.40
2009.10.06 14:15:43.423,0.86435,0.86455,3.20,6.40
2009.10.06 14:15:44.122,0.86435,0.86455,1.00,2.40
2009.10.06 14:15:45.842,0.8644,0.8646,1.00,8.00
2009.10.06 14:15:46.242,0.8644,0.8646,1.00,4.00
2009.10.06 14:15:47.571,0.86435,0.8646,3.60,4.00
2009.10.06 14:15:47.922,0.8644,0.8646,6.80,2.40
2009.10.06 14:15:48.211,0.86445,0.8647,6.80,2.50
2009.10.06 14:15:48.911,0.86445,0.8647,11.60,2.40
2009.10.06 14:15:50.001,0.8645,0.8647,7.20,2.40
2009.10.06 14:15:51.970,0.8645,0.8647,6.40,2.40
2009.10.06 14:15:52.130,0.8645,0.8647,4.00,2.40
2009.10.06 14:15:52.600,0.86445,0.8647,8.00,2.40
2009.10.06 14:15:53.290,0.86445,0.8647,4.00,2.40
2009.10.06 14:15:53.630,0.86445,0.8647,3.20,2.40
2009.10.06 14:15:53.970,0.86445,0.8647,2.40,2.40
2009.10.06 14:15:54.320,0.86445,0.8647,3.20,2.40
2009.10.06 14:15:54.600,0.86445,0.8647,2.40,2.40
2009.10.06 14:15:54.900,0.86445,0.8647,7.20,2.40
2009.10.06 14:15:55.469,0.86445,0.86465,4.00,2.40
2009.10.06 14:15:55.799,0.86445,0.8647,6.40,2.40
2009.10.06 14:15:57.409,0.86445,0.86465,6.40,2.40
2009.10.06 14:15:57.769,0.8645,0.86475,2.40,9.30
2009.10.06 14:15:57.999,0.8645,0.86475,4.00,8.10
2009.10.06 14:15:58.509,0.86445,0.86475,6.80,8.40
2009.10.06 14:15:58.729,0.86445,0.86465,4.00,4.00
2009.10.06 14:15:59.069,0.86445,0.8647,2.40,1.00
2009.10.06 14:15:59.418,0.86445,0.86475,2.80,7.30
2009.10.06 14:15:59.768,0.86445,0.86475,7.60,6.50
2009.10.06 14:16:00.468,0.86445,0.86475,7.60,2.50
2009.10.06 14:16:01.388,0.86445,0.8648,7.60,11.20
2009.10.06 14:16:01.678,0.86455,0.8648,2.40,8.00
2009.10.06 14:16:01.968,0.8645,0.8648,2.00,8.90
2009.10.06 14:16:02.268,0.8645,0.8648,5.20,8.00
2009.10.06 14:16:02.598,0.86445,0.8648,9.00,10.50
2009.10.06 14:16:02.878,0.86455,0.8648,3.20,4.80
2009.10.06 14:16:03.398,0.86455,0.8648,4.60,4.00
2009.10.06 14:16:03.757,0.86455,0.86485,4.00,4.00
2009.10.06 14:16:04.088,0.86455,0.86485,8.00,4.00
2009.10.06 14:16:05.047,0.86455,0.86485,8.00,7.60
2009.10.06 14:16:06.947,0.86455,0.8648,4.00,2.40
2009.10.06 14:16:07.177,0.8646,0.8649,5.20,6.40
2009.10.06 14:16:07.467,0.8646,0.8649,9.20,2.40
2009.10.06 14:16:07.936,0.8646,0.86485,9.20,2.40
2009.10.06 14:16:08.176,0.8646,0.86485,7.20,2.40
2009.10.06 14:16:08.476,0.8646,0.86485,6.40,2.50
2009.10.06 14:16:08.746,0.8646,0.86485,8.00,1.00
2009.10.06 14:16:09.046,0.8646,0.8649,11.60,4.00
2009.10.06 14:16:09.376,0.8646,0.8649,11.60,6.40
2009.10.06 14:16:10.106,0.8646,0.8649,11.60,4.00
2009.10.06 14:16:10.276,0.8646,0.8649,7.60,4.00
2009.10.06 14:16:10.556,0.8647,0.8649,1.00,4.00
2009.10.06 14:16:10.726,0.86465,0.8649,4.00,4.00
2009.10.06 14:16:11.076,0.86465,0.86495,4.00,6.40
2009.10.06 14:16:11.365,0.86475,0.86495,1.00,4.00
2009.10.06 14:16:11.645,0.86475,0.8649,1.00,2.40
2009.10.06 14:16:11.925,0.8647,0.8649,4.00,2.50
2009.10.06 14:16:12.565,0.86465,0.8649,3.20,2.50
2009.10.06 14:16:13.565,0.86465,0.8649,3.20,4.00
2009.10.06 14:16:13.845,0.8647,0.8649,1.00,1.60
2009.10.06 14:16:14.145,0.86465,0.86495,3.20,4.00
2009.10.06 14:16:15.235,0.8647,0.86495,3.60,4.00
2009.10.06 14:16:15.565,0.86465,0.8649,2.40,4.00
2009.10.06 14:16:17.554,0.8646,0.8649,9.60,4.00
2009.10.06 14:16:19.054,0.8646,0.86495,9.60,12.40
2009.10.06 14:16:19.344,0.8646,0.86495,9.60,11.50
2009.10.06 14:16:19.634,0.86465,0.86495,1.00,8.30
2009.10.06 14:16:20.313,0.86465,0.86495,1.00,10.70
2009.10.06 14:16:20.534,0.8646,0.86485,6.40,4.00
2009.10.06 14:16:20.764,0.8646,0.86475,4.00,2.40
2009.10.06 14:16:20.994,0.8646,0.86475,4.00,4.00
2009.10.06 14:16:21.234,0.86455,0.86475,4.00,4.00
2009.10.06 14:16:21.474,0.8645,0.86475,10.00,4.00
2009.10.06 14:16:21.713,0.8645,0.86475,6.00,4.00
2009.10.06 14:16:22.763,0.86455,0.8648,2.40,6.40
2009.10.06 14:16:23.433,0.8646,0.86485,2.40,12.00
2009.10.06 14:16:23.783,0.8646,0.86485,2.40,8.00
2009.10.06 14:16:24.813,0.8646,0.86485,2.40,8.10
2009.10.06 14:16:25.142,0.86455,0.86475,3.20,2.40
2009.10.06 14:16:25.422,0.8645,0.86475,5.60,4.00
2009.10.06 14:16:25.962,0.8646,0.8648,3.20,6.40
2009.10.06 14:16:26.182,0.8646,0.86475,3.20,4.00
2009.10.06 14:16:26.652,0.8646,0.8648,3.20,6.40
2009.10.06 14:16:28.201,0.8646,0.8648,1.00,6.40
2009.10.06 14:16:28.551,0.8646,0.8648,3.20,6.40
2009.10.06 14:16:33.040,0.8646,0.8648,3.20,4.00
2009.10.06 14:16:33.730,0.86465,0.8648,4.00,4.00
2009.10.06 14:16:34.070,0.86465,0.8648,2.40,4.00
2009.10.06 14:16:34.460,0.86465,0.8649,4.00,6.40
2009.10.06 14:16:35.030,0.86465,0.8649,8.00,2.40
2009.10.06 14:16:35.260,0.86475,0.8649,1.00,2.40
2009.10.06 14:16:35.500,0.8647,0.8649,1.20,6.40
2009.10.06 14:16:35.730,0.8647,0.8649,1.00,6.40
2009.10.06 14:16:35.950,0.8647,0.8649,1.00,2.40
2009.10.06 14:16:36.390,0.86475,0.86495,1.00,2.40
2009.10.06 14:16:36.840,0.8647,0.86495,8.50,2.40
2009.10.06 14:16:37.189,0.8647,0.8649,8.00,2.40
2009.10.06 14:16:37.929,0.8647,0.86495,3.20,3.20
2009.10.06 14:16:38.269,0.86475,0.8649,1.00,2.40
2009.10.06 14:16:38.619,0.86475,0.86495,1.00,2.40
2009.10.06 14:16:38.969,0.86475,0.86495,3.20,3.20
2009.10.06 14:16:39.319,0.8648,0.86495,2.40,1.00
2009.10.06 14:16:39.719,0.8647,0.8649,6.40,2.40
2009.10.06 14:16:40.069,0.8647,0.86495,8.80,4.00
2009.10.06 14:16:40.419,0.8647,0.865,8.80,8.00
2009.10.06 14:16:40.769,0.86475,0.865,4.80,4.00
2009.10.06 14:16:41.398,0.86475,0.865,8.80,2.40
2009.10.06 14:16:42.378,0.86475,0.865,7.20,2.50
2009.10.06 14:16:42.668,0.86475,0.86495,4.00,2.50
2009.10.06 14:16:43.008,0.86475,0.8649,4.00,2.40
2009.10.06 14:16:43.308,0.86465,0.86485,2.40,4.00
2009.10.06 14:16:43.638,0.8646,0.86485,3.20,2.40
2009.10.06 14:16:43.988,0.86465,0.8649,4.00,4.00
2009.10.06 14:16:44.338,0.86465,0.8649,4.00,2.40
2009.10.06 14:16:44.678,0.8646,0.8649,4.00,6.40
2009.10.06 14:16:45.037,0.8646,0.8649,4.00,6.50
2009.10.06 14:16:45.607,0.8646,0.8649,4.00,6.40
2009.10.06 14:16:46.177,0.8646,0.8649,7.20,6.40
2009.10.06 14:16:46.397,0.8646,0.8649,4.00,6.40
2009.10.06 14:16:46.927,0.8646,0.86485,5.70,2.40
2009.10.06 14:16:47.277,0.86465,0.86485,2.40,1.00
2009.10.06 14:16:47.607,0.86465,0.8649,3.20,6.40
2009.10.06 14:16:48.587,0.86465,0.8649,3.20,2.40
2009.10.06 14:16:48.967,0.86465,0.86495,9.60,4.00
2009.10.06 14:16:49.658,0.86465,0.86495,17.30,4.00
2009.10.06 14:16:50.007,0.8647,0.865,6.40,9.30
2009.10.06 14:16:50.356,0.8647,0.86495,7.20,1.00
2009.10.06 14:16:50.706,0.8647,0.8649,4.00,4.00
2009.10.06 14:16:50.926,0.8647,0.8649,4.00,2.00
2009.10.06 14:16:51.136,0.86465,0.8649,1.60,8.20
2009.10.06 14:16:51.316,0.86465,0.86485,1.00,1.00
2009.10.06 14:16:51.546,0.8646,0.8649,4.40,8.90
2009.10.06 14:16:51.846,0.8646,0.8649,1.60,8.40
2009.10.06 14:16:52.126,0.8646,0.8649,10.00,4.40
2009.10.06 14:16:52.416,0.8646,0.8649,4.80,9.20
2009.10.06 14:16:52.737,0.8646,0.8648,1.00,4.00
2009.10.06 14:16:53.415,0.8646,0.86485,1.00,6.40
2009.10.06 14:16:53.806,0.8646,0.8648,1.00,2.40
2009.10.06 14:16:54.495,0.8646,0.86485,1.00,6.90
2009.10.06 14:16:54.825,0.8646,0.8648,1.00,1.00
2009.10.06 14:16:55.525,0.86455,0.8648,7.20,4.10
2009.10.06 14:16:55.825,0.86455,0.8648,6.80,4.10
2009.10.06 14:16:56.175,0.86455,0.8648,4.00,4.00
2009.10.06 14:16:56.455,0.86455,0.86485,3.20,7.20
2009.10.06 14:16:56.745,0.86455,0.86485,4.00,6.90
2009.10.06 14:16:56.975,0.86455,0.86485,3.20,14.40
2009.10.06 14:16:57.145,0.86455,0.86485,2.40,15.20
2009.10.06 14:16:57.375,0.86455,0.8648,6.80,2.40
2009.10.06 14:16:57.544,0.86455,0.8648,3.20,6.40
2009.10.06 14:16:57.774,0.86455,0.8648,4.00,4.00
2009.10.06 14:16:58.115,0.86455,0.8648,4.00,1.00
2009.10.06 14:16:58.464,0.8646,0.8648,2.40,1.00
2009.10.06 14:17:01.534,0.8646,0.8648,2.40,1.60
2009.10.06 14:17:01.654,0.8646,0.8648,2.40,1.00
2009.10.06 14:17:03.143,0.86455,0.8648,3.20,2.50
2009.10.06 14:17:03.483,0.8646,0.8648,1.00,2.90
2009.10.06 14:17:04.533,0.86455,0.8648,4.00,2.90
2009.10.06 14:17:04.883,0.86455,0.8648,2.40,3.70
2009.10.06 14:17:05.343,0.8645,0.8648,1.00,14.50
2009.10.06 14:17:05.683,0.8645,0.86475,1.00,12.50
2009.10.06 14:17:06.063,0.8645,0.86475,1.00,1.00
2009.10.06 14:17:06.292,0.8645,0.8648,1.00,8.50
2009.10.06 14:17:06.472,0.86445,0.8648,7.20,8.50
2009.10.06 14:17:06.703,0.8645,0.8648,2.40,13.70
2009.10.06 14:17:06.933,0.86445,0.86475,8.80,6.10
2009.10.06 14:17:07.172,0.8645,0.8647,2.40,1.00
2009.10.06 14:17:07.522,0.86445,0.8647,4.00,6.40
2009.10.06 14:17:07.872,0.86445,0.8647,4.00,4.00
2009.10.06 14:17:08.212,0.8645,0.86475,2.40,6.90
2009.10.06 14:17:09.062,0.86445,0.8647,3.20,2.50
2009.10.06 14:17:09.342,0.86445,0.8647,2.40,2.90
2009.10.06 14:17:09.692,0.8644,0.86465,1.00,4.00
2009.10.06 14:17:10.051,0.8644,0.8647,1.00,7.70
2009.10.06 14:17:10.792,0.8645,0.8647,1.00,4.00
2009.10.06 14:17:11.021,0.86445,0.8647,1.00,4.40
2009.10.06 14:17:12.591,0.8645,0.8647,2.40,4.00
2009.10.06 14:17:13.281,0.8645,0.8647,5.20,4.00
2009.10.06 14:17:13.641,0.8645,0.8647,2.40,4.00
2009.10.06 14:17:13.981,0.8645,0.86475,2.40,6.50
2009.10.06 14:17:14.690,0.8645,0.8647,2.40,4.00
2009.10.06 14:17:15.090,0.8645,0.8647,3.20,4.00
2009.10.06 14:17:15.320,0.8645,0.8647,5.20,4.00
2009.10.06 14:17:15.770,0.8645,0.8648,5.20,13.60
2009.10.06 14:17:15.950,0.8645,0.8648,5.20,17.60
2009.10.06 14:17:16.120,0.8645,0.86475,5.20,4.00
2009.10.06 14:17:16.520,0.8645,0.86475,4.00,6.50
2009.10.06 14:17:16.640,0.86455,0.8647,2.40,4.00
2009.10.06 14:17:16.760,0.8645,0.86475,3.20,6.40
2009.10.06 14:17:17.670,0.8645,0.86475,3.20,2.40
2009.10.06 14:17:18.759,0.8645,0.86475,2.40,2.40
2009.10.06 14:17:19.099,0.86445,0.8647,8.00,2.40
2009.10.06 14:17:19.439,0.86445,0.86475,7.20,5.30
2009.10.06 14:17:19.779,0.86445,0.86475,3.20,9.30
2009.10.06 14:17:21.869,0.86445,0.86475,3.20,4.00
2009.10.06 14:17:22.039,0.86445,0.86475,4.00,4.00
2009.10.06 14:17:22.489,0.86445,0.86475,4.80,4.00
2009.10.06 14:17:22.828,0.86455,0.86475,3.20,4.00
2009.10.06 14:17:23.159,0.86455,0.8648,1.00,4.00
2009.10.06 14:17:23.499,0.86455,0.8648,1.00,4.40
2009.10.06 14:17:24.338,0.86455,0.8648,1.00,6.90
2009.10.06 14:17:24.738,0.8645,0.8648,2.40,8.90
2009.10.06 14:17:25.008,0.8645,0.86475,2.40,2.40
2009.10.06 14:17:25.288,0.8645,0.86475,2.40,2.50
2009.10.06 14:17:25.528,0.86445,0.86475,8.00,2.50
2009.10.06 14:17:25.808,0.86445,0.86475,8.00,1.00
2009.10.06 14:17:26.098,0.86445,0.8648,8.00,9.60
2009.10.06 14:17:26.388,0.86445,0.86475,8.00,4.00
2009.10.06 14:17:29.767,0.8645,0.86475,2.40,4.00
2009.10.06 14:17:30.097,0.8645,0.86475,8.80,4.00
2009.10.06 14:17:30.377,0.86455,0.8648,3.20,4.00
2009.10.06 14:17:31.137,0.86455,0.86485,3.20,6.40
2009.10.06 14:17:31.586,0.86455,0.86485,3.20,6.60
2009.10.06 14:17:31.816,0.86455,0.86485,3.20,6.50
2009.10.06 14:17:35.726,0.86455,0.86485,3.20,4.00
2009.10.06 14:17:36.545,0.86455,0.86485,1.00,6.50
2009.10.06 14:17:37.815,0.86455,0.86485,1.00,4.00
2009.10.06 14:17:38.505,0.86455,0.86485,1.00,4.80
2009.10.06 14:17:40.534,0.86455,0.86485,1.00,7.30
2009.10.06 14:17:40.644,0.86455,0.86485,1.00,7.20
2009.10.06 14:17:41.434,0.86455,0.86485,1.00,7.30
2009.10.06 14:17:41.884,0.86455,0.86485,1.00,8.10
2009.10.06 14:17:42.054,0.86455,0.86485,1.00,7.30
2009.10.06 14:17:42.973,0.86455,0.86485,1.00,7.70
2009.10.06 14:17:43.313,0.8645,0.8648,10.40,1.00
2009.10.06 14:17:43.613,0.8645,0.8648,10.40,4.10
2009.10.06 14:17:44.304,0.8645,0.86485,10.40,8.10
2009.10.06 14:17:44.543,0.86455,0.86485,1.00,7.30
2009.10.06 14:17:45.003,0.86455,0.86485,1.00,7.70
2009.10.06 14:17:45.673,0.86455,0.86485,1.00,8.00
2009.10.06 14:17:46.633,0.86455,0.8648,1.00,2.50
2009.10.06 14:17:46.913,0.8646,0.8648,1.00,1.00
2009.10.06 14:17:47.193,0.86455,0.8648,8.00,1.00
2009.10.06 14:17:47.302,0.86455,0.8648,4.80,2.50
2009.10.06 14:17:48.052,0.86455,0.8648,4.00,4.10
2009.10.06 14:17:48.403,0.8645,0.8648,10.40,4.10
2009.10.06 14:17:48.742,0.8645,0.8648,4.80,5.60
2009.10.06 14:17:49.092,0.8645,0.8648,1.00,9.20
2009.10.06 14:17:49.482,0.8645,0.8648,1.60,17.70
2009.10.06 14:17:50.392,0.8645,0.8648,1.60,16.80
2009.10.06 14:17:51.032,0.8645,0.86475,1.00,6.40
2009.10.06 14:17:51.452,0.8645,0.86475,1.00,7.20
2009.10.06 14:17:51.742,0.8645,0.86475,3.20,8.80
2009.10.06 14:17:51.852,0.8645,0.86475,2.40,8.80
2009.10.06 14:17:52.251,0.86435,0.86465,9.90,4.00
2009.10.06 14:17:52.601,0.86435,0.86465,6.60,4.00
2009.10.06 14:17:52.951,0.8644,0.8647,4.00,4.00
2009.10.06 14:17:53.281,0.8644,0.86465,3.20,2.40
2009.10.06 14:17:53.981,0.8644,0.86465,10.50,4.00
2009.10.06 14:17:54.341,0.86445,0.8647,2.40,6.40
2009.10.06 14:17:54.691,0.86445,0.8647,3.20,6.50
2009.10.06 14:17:55.710,0.86445,0.8647,3.20,2.50
2009.10.06 14:17:55.931,0.86445,0.8647,1.00,1.00
2009.10.06 14:17:56.160,0.86445,0.8647,1.00,4.00
2009.10.06 14:17:56.451,0.86445,0.8647,1.00,6.50
2009.10.06 14:17:56.690,0.86445,0.86475,3.20,8.00
2009.10.06 14:17:56.970,0.86445,0.86475,4.00,8.10
2009.10.06 14:17:57.250,0.86445,0.86475,1.00,7.30
2009.10.06 14:17:58.300,0.86445,0.86475,1.00,15.30
2009.10.06 14:18:00.329,0.86445,0.8647,6.80,4.00
2009.10.06 14:18:00.909,0.86445,0.86475,7.20,6.50
2009.10.06 14:18:01.889,0.86455,0.86475,1.00,6.50
2009.10.06 14:18:02.359,0.86455,0.86475,1.00,6.40
2009.10.06 14:18:02.529,0.86455,0.86475,1.00,2.50
2009.10.06 14:18:03.928,0.8645,0.86475,1.20,2.50
2009.10.06 14:18:04.268,0.8645,0.86475,1.00,2.50
2009.10.06 14:18:04.618,0.8645,0.86475,1.00,6.50
2009.10.06 14:18:06.998,0.8645,0.86475,1.00,6.80
2009.10.06 14:18:07.168,0.86445,0.8647,2.40,2.50
2009.10.06 14:18:07.398,0.8644,0.8647,11.00,4.10
2009.10.06 14:18:07.568,0.8644,0.8647,11.00,8.10
2009.10.06 14:18:07.788,0.8644,0.8647,11.00,4.10
2009.10.06 14:18:08.487,0.8644,0.8647,10.40,4.40
2009.10.06 14:18:08.837,0.8644,0.8646,4.80,4.40
2009.10.06 14:18:09.187,0.86435,0.8646,7.20,2.40
2009.10.06 14:18:09.527,0.8644,0.8646,1.00,6.40
2009.10.06 14:18:10.227,0.8644,0.86465,1.00,6.50
2009.10.06 14:18:10.567,0.8644,0.86465,4.80,6.40
2009.10.06 14:18:10.927,0.8644,0.86465,4.80,4.00
2009.10.06 14:18:11.207,0.8644,0.8647,5.60,8.10
2009.10.06 14:18:12.296,0.8644,0.86465,5.60,2.40
2009.10.06 14:18:13.866,0.8644,0.86465,5.60,6.40
2009.10.06 14:18:14.626,0.8644,0.86465,5.60,4.00
2009.10.06 14:18:14.796,0.8644,0.8647,5.60,8.10
2009.10.06 14:18:15.266,0.8644,0.86465,5.60,2.40
2009.10.06 14:18:16.365,0.8644,0.8647,5.60,8.10
2009.10.06 14:18:16.636,0.8644,0.8647,5.60,8.00
2009.10.06 14:18:17.795,0.8644,0.8647,5.70,8.00
2009.10.06 14:18:19.495,0.8644,0.8647,5.60,8.10
2009.10.06 14:18:20.984,0.8644,0.8647,2.40,8.80
2009.10.06 14:18:21.224,0.8644,0.8647,1.00,12.80
2009.10.06 14:18:21.344,0.8644,0.8647,1.00,16.80
2009.10.06 14:18:21.914,0.86435,0.86465,4.40,6.40
2009.10.06 14:18:22.085,0.86435,0.86465,7.60,6.40
2009.10.06 14:18:22.884,0.86435,0.86465,3.60,6.40
2009.10.06 14:18:25.303,0.86435,0.8646,2.80,2.40
2009.10.06 14:18:25.623,0.86435,0.8646,2.40,2.40
2009.10.06 14:18:26.233,0.86435,0.8646,2.40,6.40
2009.10.06 14:18:26.803,0.86435,0.8646,2.40,6.50
2009.10.06 14:18:27.783,0.86435,0.8646,3.20,6.50
2009.10.06 14:18:28.243,0.86435,0.8646,3.20,6.40
2009.10.06 14:18:28.753,0.86435,0.8646,2.40,6.40
2009.10.06 14:18:29.053,0.8643,0.86455,7.20,2.40
2009.10.06 14:18:29.412,0.8643,0.8646,6.80,6.40
2009.10.06 14:18:30.002,0.86435,0.8646,1.00,2.40
2009.10.06 14:18:31.112,0.8643,0.86455,7.20,2.40
2009.10.06 14:18:31.582,0.8643,0.8646,10.80,2.50
2009.10.06 14:18:32.092,0.8644,0.8646,1.00,1.00
2009.10.06 14:18:32.432,0.8644,0.86465,1.00,6.40
2009.10.06 14:18:33.761,0.8644,0.86465,1.00,6.50
2009.10.06 14:18:34.031,0.8644,0.86465,1.00,4.00
2009.10.06 14:18:34.421,0.8644,0.86465,1.00,4.00
2009.10.06 14:18:42.269,0.86435,0.86465,7.60,4.00
2009.10.06 14:18:42.449,0.86435,0.86465,7.20,4.00
2009.10.06 14:18:42.679,0.86435,0.86465,7.20,4.00
2009.10.06 14:18:42.969,0.86435,0.86465,3.20,4.00
2009.10.06 14:18:43.259,0.86435,0.86465,3.20,4.00
2009.10.06 14:18:43.539,0.86435,0.86465,3.30,4.00
2009.10.06 14:18:43.929,0.86435,0.86465,7.30,4.00
2009.10.06 14:18:46.878,0.86435,0.86465,7.70,4.00
2009.10.06 14:18:46.998,0.86435,0.86465,10.90,4.00
2009.10.06 14:18:50.277,0.8644,0.86465,4.00,6.40
2009.10.06 14:18:51.367,0.8644,0.86465,1.00,6.40
2009.10.06 14:18:54.486,0.8644,0.86465,1.00,4.00
2009.10.06 14:18:57.465,0.8644,0.86465,4.10,4.00
2009.10.06 14:18:57.755,0.8644,0.8647,5.70,8.80
2009.10.06 14:18:58.105,0.8644,0.8647,5.60,8.00
2009.10.06 14:18:59.145,0.8644,0.8647,9.60,4.00
2009.10.06 14:18:59.835,0.86445,0.8647,2.40,8.00
2009.10.06 14:19:00.455,0.8644,0.8647,5.70,8.00
2009.10.06 14:19:00.775,0.8644,0.8647,1.00,9.60
2009.10.06 14:19:01.635,0.8644,0.86465,1.00,4.00
2009.10.06 14:19:01.925,0.8644,0.86465,5.60,4.00
2009.10.06 14:19:02.454,0.8644,0.8647,5.60,8.10
2009.10.06 14:19:03.244,0.8644,0.8647,5.60,8.00
2009.10.06 14:19:04.574,0.8644,0.8647,5.70,8.00
2009.10.06 14:19:05.714,0.8644,0.8647,4.80,9.60
2009.10.06 14:19:06.174,0.8644,0.86465,4.90,4.00
2009.10.06 14:19:06.234,0.8644,0.86465,4.90,8.00
2009.10.06 14:19:06.353,0.8644,0.86465,4.90,4.00
2009.10.06 14:19:07.343,0.8644,0.86465,5.70,1.60
2009.10.06 14:19:07.563,0.8644,0.8647,5.60,8.10
2009.10.06 14:19:08.093,0.8644,0.86465,5.60,4.00
2009.10.06 14:19:08.433,0.8644,0.8647,9.60,8.10
2009.10.06 14:19:08.833,0.8644,0.8647,9.70,4.00
2009.10.06 14:19:09.173,0.8644,0.8647,9.60,4.00
2009.10.06 14:19:09.873,0.8644,0.8647,5.70,8.00
2009.10.06 14:19:10.162,0.8644,0.8647,8.80,8.50
2009.10.06 14:19:10.442,0.86445,0.8647,1.00,16.50
2009.10.06 14:19:10.742,0.86445,0.8647,1.00,8.50
2009.10.06 14:19:11.382,0.86445,0.8647,1.00,16.50
2009.10.06 14:19:11.732,0.86445,0.8647,1.00,8.50
2009.10.06 14:19:12.192,0.8644,0.8647,5.20,8.50
2009.10.06 14:19:12.372,0.8644,0.86465,1.20,16.00
2009.10.06 14:19:12.702,0.8644,0.8646,1.00,4.00
2009.10.06 14:19:13.092,0.86445,0.86465,1.00,4.00
2009.10.06 14:19:13.432,0.8645,0.86465,3.20,4.00
2009.10.06 14:19:13.762,0.8645,0.8647,3.20,4.00
2009.10.06 14:19:14.102,0.8645,0.86475,3.20,2.50
2009.10.06 14:19:14.452,0.8645,0.86475,3.20,6.60
2009.10.06 14:19:15.023,0.8645,0.86475,3.20,2.50
2009.10.06 14:19:17.781,0.8645,0.86475,3.20,2.40
2009.10.06 14:19:18.061,0.8645,0.86475,3.60,2.40
2009.10.06 14:19:19.690,0.86455,0.8648,8.00,6.40
2009.10.06 14:19:19.920,0.86455,0.8648,4.00,14.40
2009.10.06 14:19:20.390,0.86455,0.8648,2.40,2.40
2009.10.06 14:19:20.620,0.86455,0.8648,2.40,6.40
2009.10.06 14:19:21.480,0.86455,0.86475,2.40,4.00
2009.10.06 14:19:22.050,0.86455,0.86475,2.40,6.40
2009.10.06 14:19:22.280,0.86455,0.86475,2.40,4.00
2009.10.06 14:19:22.550,0.8645,0.86475,1.00,6.40
2009.10.06 14:19:23.170,0.8645,0.86475,1.00,2.40
2009.10.06 14:19:23.500,0.86445,0.86475,8.00,3.20
2009.10.06 14:19:24.229,0.86445,0.86475,3.20,7.20
2009.10.06 14:19:24.569,0.86445,0.86475,7.60,4.00
2009.10.06 14:19:24.929,0.8645,0.8648,7.20,7.30
2009.10.06 14:19:25.279,0.86455,0.86475,3.20,4.00
2009.10.06 14:19:25.629,0.86455,0.8648,3.20,6.40
2009.10.06 14:19:26.499,0.86455,0.8648,2.40,7.30
2009.10.06 14:19:26.678,0.86445,0.8648,8.40,8.10
2009.10.06 14:19:26.839,0.86445,0.86475,1.00,4.00
2009.10.06 14:19:27.298,0.86445,0.86475,3.20,4.00
2009.10.06 14:19:27.648,0.8645,0.86475,1.00,4.00
2009.10.06 14:19:30.208,0.8645,0.86475,3.60,4.00
2009.10.06 14:19:30.498,0.86455,0.8648,2.40,7.20
2009.10.06 14:19:30.608,0.86455,0.8648,2.40,7.30
2009.10.06 14:19:32.567,0.86455,0.8648,3.20,7.30
2009.10.06 14:19:33.827,0.86455,0.8648,3.20,7.20
2009.10.06 14:19:34.157,0.86455,0.8648,3.20,7.30
2009.10.06 14:19:34.487,0.86455,0.8648,3.20,7.20
2009.10.06 14:19:35.177,0.86455,0.8648,3.20,4.00
2009.10.06 14:19:35.467,0.86455,0.8648,5.20,4.00
2009.10.06 14:19:35.756,0.86455,0.8648,5.20,8.00
2009.10.06 14:19:35.996,0.86455,0.8648,4.80,8.00
2009.10.06 14:19:36.276,0.86455,0.8648,1.00,8.40
2009.10.06 14:19:36.506,0.86455,0.8648,1.00,4.50
2009.10.06 14:19:37.026,0.86455,0.8648,3.20,4.10
2009.10.06 14:19:37.256,0.86455,0.8648,3.20,4.00
2009.10.06 14:19:37.426,0.8645,0.8648,8.80,5.30
2009.10.06 14:19:37.806,0.8645,0.8648,4.80,4.40
2009.10.06 14:19:38.336,0.8644,0.8647,13.50,4.40
2009.10.06 14:19:38.686,0.86445,0.86475,8.40,7.30
2009.10.06 14:19:39.026,0.8645,0.86475,3.20,6.50
2009.10.06 14:19:43.385,0.86445,0.86475,5.60,6.80
2009.10.06 14:19:43.735,0.86445,0.8647,4.80,2.40
2009.10.06 14:19:44.374,0.86445,0.8647,4.80,6.40
2009.10.06 14:19:44.734,0.86445,0.8647,2.40,6.40
2009.10.06 14:19:45.074,0.86445,0.8647,1.00,8.40
2009.10.06 14:19:45.424,0.8644,0.8647,3.60,16.40
2009.10.06 14:19:45.764,0.8644,0.86465,3.20,6.40
2009.10.06 14:19:45.944,0.8644,0.86465,6.80,6.40
2009.10.06 14:19:46.304,0.8644,0.86465,6.80,2.40
2009.10.06 14:19:46.424,0.8644,0.86465,3.60,2.40
2009.10.06 14:19:46.784,0.8644,0.86465,3.20,2.40
2009.10.06 14:19:47.114,0.8644,0.86465,3.20,6.40
