2009.10.02 07:00:00.227,0.85985,0.8601,7.30,2.40
2009.10.02 07:00:00.717,0.85985,0.8601,4.80,2.40
2009.10.02 07:00:01.637,0.8599,0.86015,4.00,4.00
2009.10.02 07:00:02.327,0.8599,0.86015,4.00,4.80
2009.10.02 07:00:04.206,0.8599,0.86015,4.00,1.60
2009.10.02 07:00:04.546,0.8599,0.86015,4.00,1.00
2009.10.02 07:00:04.906,0.8599,0.8602,9.20,2.50
2009.10.02 07:00:05.256,0.8599,0.86015,4.00,4.00
2009.10.02 07:00:05.546,0.8599,0.86015,8.00,4.00
2009.10.02 07:00:05.886,0.8599,0.86015,4.00,4.00
2009.10.02 07:00:08.366,0.8599,0.86015,4.80,4.00
2009.10.02 07:00:08.715,0.8599,0.86015,4.90,4.00
2009.10.02 07:00:09.115,0.8599,0.86015,11.30,4.00
2009.10.02 07:00:09.415,0.8599,0.86015,11.90,4.00
2009.10.02 07:00:11.665,0.8599,0.8602,11.00,5.60
2009.10.02 07:00:11.785,0.8599,0.8602,16.30,1.00
2009.10.02 07:00:12.124,0.8599,0.8602,16.40,3.20
2009.10.02 07:00:12.414,0.8599,0.8602,15.10,5.20
2009.10.02 07:00:20.632,0.8599,0.86015,15.10,4.00
2009.10.02 07:00:20.802,0.85995,0.86015,2.40,1.60
2009.10.02 07:00:21.162,0.85995,0.86015,4.00,4.00
2009.10.02 07:00:21.562,0.8599,0.86015,14.40,4.00
2009.10.02 07:00:21.952,0.8599,0.86015,4.00,4.00
2009.10.02 07:00:22.222,0.8599,0.8602,8.00,3.20
2009.10.02 07:00:22.492,0.8599,0.8602,8.80,2.40
2009.10.02 07:00:23.062,0.8599,0.86015,7.20,2.40
2009.10.02 07:00:23.222,0.8599,0.86015,3.20,2.40
2009.10.02 07:00:23.342,0.8599,0.86015,2.50,2.40
2009.10.02 07:00:23.922,0.8599,0.86015,6.50,2.40
2009.10.02 07:00:24.212,0.8599,0.86015,2.50,2.40
2009.10.02 07:00:25.431,0.8599,0.86015,2.40,2.40
2009.10.02 07:00:25.781,0.85985,0.86015,8.90,2.40
2009.10.02 07:00:26.991,0.85985,0.86015,9.30,2.40
2009.10.02 07:00:27.281,0.85985,0.86015,9.20,2.40
2009.10.02 07:00:28.081,0.85985,0.86015,8.90,2.40
2009.10.02 07:00:28.261,0.8599,0.8602,4.90,9.60
2009.10.02 07:00:28.441,0.8599,0.86015,6.40,2.40
2009.10.02 07:00:28.790,0.85985,0.86015,9.70,3.20
2009.10.02 07:00:29.121,0.85985,0.86015,8.90,4.80
2009.10.02 07:00:29.470,0.8599,0.86015,1.00,8.00
2009.10.02 07:00:29.830,0.8599,0.86015,1.00,4.00
2009.10.02 07:00:31.040,0.85985,0.8601,4.00,3.60
2009.10.02 07:00:31.380,0.85985,0.8601,9.20,2.40
2009.10.02 07:00:31.730,0.85985,0.8601,8.90,2.40
2009.10.02 07:00:32.080,0.8598,0.8601,7.30,3.20
2009.10.02 07:00:32.429,0.85985,0.86015,3.20,6.40
2009.10.02 07:00:32.779,0.8599,0.86015,3.20,4.00
2009.10.02 07:00:33.510,0.8599,0.86015,4.00,4.00
2009.10.02 07:00:33.859,0.85995,0.8602,1.00,2.80
2009.10.02 07:00:34.199,0.8599,0.8602,1.00,6.80
2009.10.02 07:00:34.559,0.8599,0.8602,1.00,4.40
2009.10.02 07:00:34.899,0.8599,0.8602,1.00,4.00
2009.10.02 07:00:35.249,0.8599,0.86025,4.80,6.80
2009.10.02 07:00:35.599,0.8599,0.8602,3.70,4.00
2009.10.02 07:00:35.989,0.8599,0.8602,8.20,4.00
2009.10.02 07:00:36.678,0.85995,0.86025,4.80,6.40
2009.10.02 07:00:37.029,0.85995,0.86025,1.00,6.40
2009.10.02 07:00:38.218,0.86,0.86025,1.00,6.40
2009.10.02 07:00:38.508,0.85995,0.86025,1.20,6.40
2009.10.02 07:00:38.788,0.85995,0.86025,15.30,2.40
2009.10.02 07:00:39.178,0.86,0.8603,3.20,6.40
2009.10.02 07:00:40.198,0.86,0.8603,8.20,6.40
2009.10.02 07:00:40.558,0.86,0.8603,11.90,4.00
2009.10.02 07:00:40.898,0.8601,0.8604,4.00,5.70
2009.10.02 07:00:41.248,0.86005,0.8604,4.80,7.30
2009.10.02 07:00:41.598,0.86005,0.8604,4.80,7.30
2009.10.02 07:00:41.947,0.86005,0.8604,4.80,7.20
2009.10.02 07:00:42.527,0.8601,0.8604,2.40,7.30
2009.10.02 07:00:42.817,0.86005,0.86035,15.00,2.40
2009.10.02 07:00:43.107,0.86005,0.86035,15.10,2.40
2009.10.02 07:00:43.867,0.86005,0.8603,14.20,1.00
2009.10.02 07:00:44.037,0.86005,0.8603,9.30,3.20
2009.10.02 07:00:44.157,0.86,0.86025,4.00,2.40
2009.10.02 07:00:44.837,0.85995,0.86025,6.50,5.20
2009.10.02 07:00:48.336,0.86,0.86025,2.40,2.80
2009.10.02 07:00:48.566,0.86,0.8603,2.40,7.20
2009.10.02 07:00:49.236,0.86,0.8603,6.40,3.20
2009.10.02 07:00:49.695,0.86,0.86025,4.00,2.40
2009.10.02 07:00:50.635,0.86,0.86025,4.00,2.40
2009.10.02 07:00:50.975,0.86005,0.86025,1.00,2.40
2009.10.02 07:00:51.275,0.86,0.86025,9.30,2.40
2009.10.02 07:00:51.615,0.8601,0.86035,3.20,3.30
2009.10.02 07:00:51.945,0.86005,0.86035,4.00,3.20
2009.10.02 07:00:52.625,0.8601,0.86025,4.00,2.40
2009.10.02 07:00:52.865,0.86,0.86025,10.60,2.40
2009.10.02 07:00:54.284,0.86005,0.86025,1.00,2.40
2009.10.02 07:00:54.574,0.86,0.8603,13.10,2.40
2009.10.02 07:00:54.914,0.86,0.8603,5.20,3.20
2009.10.02 07:00:55.264,0.86005,0.8603,4.00,2.40
2009.10.02 07:00:56.484,0.86005,0.8603,4.00,2.40
2009.10.02 07:00:56.764,0.86005,0.8603,4.00,2.40
2009.10.02 07:00:57.054,0.86005,0.8603,4.00,3.20
2009.10.02 07:00:57.404,0.86005,0.8603,4.00,2.40
2009.10.02 07:00:58.873,0.86005,0.8603,4.80,2.40
2009.10.02 07:00:59.253,0.86005,0.86035,7.20,8.00
2009.10.02 07:01:00.133,0.86005,0.86035,6.40,8.00
2009.10.02 07:01:02.362,0.86005,0.86035,7.20,7.20
2009.10.02 07:01:02.692,0.8601,0.86035,1.00,7.20
2009.10.02 07:01:03.042,0.8601,0.86035,1.00,6.40
2009.10.02 07:01:03.332,0.8601,0.86035,1.00,2.40
2009.10.02 07:01:04.752,0.8601,0.86035,1.00,2.40
2009.10.02 07:01:05.082,0.8601,0.8604,5.30,4.00
2009.10.02 07:01:05.432,0.8601,0.86045,9.30,8.00
2009.10.02 07:01:05.812,0.86015,0.86045,1.00,8.00
2009.10.02 07:01:06.511,0.86015,0.86045,1.00,8.00
2009.10.02 07:01:06.751,0.8601,0.8604,12.20,4.00
2009.10.02 07:01:09.521,0.8601,0.8604,12.30,4.00
2009.10.02 07:01:09.741,0.8601,0.8604,10.80,4.80
2009.10.02 07:01:09.971,0.86015,0.8604,8.10,4.00
2009.10.02 07:01:10.530,0.86015,0.86045,12.10,4.00
2009.10.02 07:01:11.220,0.86015,0.86045,16.40,4.80
2009.10.02 07:01:11.570,0.86015,0.86045,4.00,7.20
2009.10.02 07:01:11.930,0.8601,0.8604,8.90,4.80
2009.10.02 07:01:12.850,0.8601,0.8604,8.90,8.80
2009.10.02 07:01:13.020,0.8601,0.8604,8.10,9.20
2009.10.02 07:01:13.250,0.8601,0.8604,4.50,10.00
2009.10.02 07:01:13.420,0.86015,0.8604,5.20,4.80
2009.10.02 07:01:13.650,0.86015,0.86045,9.60,8.00
2009.10.02 07:01:14.359,0.86015,0.8604,4.00,4.00
2009.10.02 07:01:14.699,0.86015,0.86035,1.00,4.00
2009.10.02 07:01:15.739,0.86015,0.8604,1.00,4.80
2009.10.02 07:01:16.029,0.86015,0.8604,2.50,1.60
2009.10.02 07:01:17.539,0.86015,0.86045,8.00,7.20
2009.10.02 07:01:17.879,0.8602,0.86045,2.80,1.00
2009.10.02 07:01:18.219,0.8602,0.86045,8.80,2.40
2009.10.02 07:01:18.619,0.8602,0.86045,8.00,2.40
2009.10.02 07:01:19.009,0.8602,0.86045,6.40,3.20
2009.10.02 07:01:19.359,0.8602,0.8604,4.00,2.40
2009.10.02 07:01:19.688,0.8601,0.8604,10.10,2.40
2009.10.02 07:01:20.038,0.86015,0.86045,2.40,7.20
2009.10.02 07:01:20.418,0.86015,0.86045,2.40,7.30
2009.10.02 07:01:20.758,0.86015,0.86045,2.40,7.20
2009.10.02 07:01:21.778,0.86015,0.86045,2.50,7.20
2009.10.02 07:01:22.118,0.8601,0.8604,5.60,3.20
2009.10.02 07:01:22.857,0.8601,0.86035,1.00,2.40
2009.10.02 07:01:23.457,0.86015,0.8604,1.00,6.40
2009.10.02 07:01:24.138,0.86015,0.86035,1.00,2.40
2009.10.02 07:01:25.507,0.8601,0.86035,4.80,2.40
2009.10.02 07:01:26.977,0.8601,0.86035,4.00,3.60
2009.10.02 07:01:27.097,0.86005,0.86035,14.30,3.60
2009.10.02 07:01:27.156,0.86005,0.8603,10.50,2.40
2009.10.02 07:01:27.267,0.86005,0.8603,6.50,2.40
2009.10.02 07:01:27.626,0.86005,0.8603,2.50,2.40
2009.10.02 07:01:28.337,0.86005,0.8603,1.00,3.60
2009.10.02 07:01:28.626,0.86,0.8603,8.80,7.60
2009.10.02 07:01:28.966,0.86,0.8603,8.80,3.60
2009.10.02 07:01:29.306,0.86,0.8602,4.00,2.40
2009.10.02 07:01:29.996,0.85995,0.8602,2.40,2.40
2009.10.02 07:01:30.386,0.85995,0.8602,2.40,3.20
2009.10.02 07:01:31.416,0.85995,0.8602,2.40,2.40
2009.10.02 07:01:32.905,0.8599,0.8602,8.90,2.90
2009.10.02 07:01:33.025,0.8599,0.86015,8.00,4.00
2009.10.02 07:01:33.625,0.8599,0.86015,4.00,4.00
2009.10.02 07:01:35.374,0.8599,0.86015,1.60,2.40
2009.10.02 07:01:35.664,0.85985,0.86015,4.00,5.60
2009.10.02 07:01:36.024,0.85985,0.86005,4.00,2.40
2009.10.02 07:01:36.384,0.8598,0.8601,3.30,6.80
2009.10.02 07:01:36.724,0.8598,0.8601,7.20,2.40
2009.10.02 07:01:37.104,0.8598,0.8601,6.40,3.20
2009.10.02 07:01:38.014,0.8598,0.86005,6.40,2.40
2009.10.02 07:01:39.334,0.8598,0.8601,6.40,7.20
2009.10.02 07:01:39.623,0.8598,0.8601,3.70,6.40
2009.10.02 07:01:40.013,0.8598,0.8601,10.50,2.40
2009.10.02 07:01:40.713,0.85985,0.86015,2.40,8.00
2009.10.02 07:01:41.063,0.85985,0.86015,3.20,8.00
2009.10.02 07:01:41.413,0.85985,0.86015,6.40,8.40
2009.10.02 07:01:41.753,0.85985,0.8601,2.40,1.00
2009.10.02 07:01:43.103,0.85985,0.8601,2.80,1.00
2009.10.02 07:01:43.213,0.85985,0.8601,2.80,4.80
2009.10.02 07:01:43.333,0.8598,0.86005,1.00,2.40
2009.10.02 07:01:43.443,0.8598,0.86005,4.80,2.40
2009.10.02 07:01:43.672,0.8598,0.86005,4.80,2.50
2009.10.02 07:01:43.783,0.8598,0.86005,4.00,2.50
2009.10.02 07:01:44.352,0.85975,0.86005,9.60,2.50
2009.10.02 07:01:45.372,0.85975,0.86005,9.70,2.40
2009.10.02 07:01:49.081,0.8598,0.86005,1.00,2.40
2009.10.02 07:01:49.431,0.8598,0.86005,4.00,2.40
2009.10.02 07:01:49.761,0.85975,0.86005,12.70,2.40
2009.10.02 07:01:50.121,0.85975,0.86005,20.70,2.40
2009.10.02 07:01:50.821,0.85975,0.86,15.90,2.40
2009.10.02 07:01:51.181,0.85975,0.86,11.80,2.40
2009.10.02 07:01:51.521,0.85975,0.86,8.80,2.40
2009.10.02 07:01:53.540,0.85975,0.85995,4.00,2.40
2009.10.02 07:01:53.770,0.8597,0.85995,10.40,2.40
2009.10.02 07:01:54.000,0.8597,0.85995,6.40,2.40
2009.10.02 07:01:54.230,0.8597,0.85995,6.50,2.40
2009.10.02 07:01:54.460,0.8597,0.85995,6.40,2.40
2009.10.02 07:01:55.080,0.8597,0.85995,4.00,2.40
2009.10.02 07:01:55.410,0.8597,0.85995,2.50,2.40
2009.10.02 07:01:56.180,0.8597,0.86,2.50,12.70
2009.10.02 07:01:56.519,0.8597,0.86,2.50,9.20
2009.10.02 07:01:56.869,0.8597,0.86,2.40,9.30
2009.10.02 07:01:57.379,0.8597,0.86,2.40,9.20
2009.10.02 07:01:57.679,0.8597,0.86,2.40,9.20
2009.10.02 07:01:57.899,0.8597,0.86,3.30,9.20
2009.10.02 07:01:58.079,0.85975,0.86,5.60,6.40
2009.10.02 07:01:58.309,0.8598,0.85995,2.40,4.00
2009.10.02 07:01:58.479,0.8598,0.86005,2.40,2.40
2009.10.02 07:01:59.249,0.8598,0.86005,2.40,2.50
2009.10.02 07:01:59.608,0.8598,0.86005,2.40,6.50
2009.10.02 07:02:01.328,0.85975,0.86005,5.20,6.50
2009.10.02 07:02:01.608,0.85975,0.86005,5.30,6.40
2009.10.02 07:02:01.898,0.85975,0.86005,5.20,6.40
2009.10.02 07:02:02.488,0.85975,0.86,4.40,1.00
2009.10.02 07:02:02.838,0.85975,0.86,4.00,10.40
2009.10.02 07:02:03.168,0.8597,0.85995,4.00,3.20
2009.10.02 07:02:03.338,0.85975,0.8599,1.00,2.40
2009.10.02 07:02:03.568,0.85975,0.86,2.50,4.80
2009.10.02 07:02:03.748,0.8598,0.86,2.50,4.00
2009.10.02 07:02:03.918,0.8598,0.86005,2.50,8.00
2009.10.02 07:02:04.258,0.85975,0.86,3.30,2.40
2009.10.02 07:02:04.668,0.85975,0.86,1.00,2.40
2009.10.02 07:02:05.008,0.85975,0.86,1.00,2.40
2009.10.02 07:02:05.358,0.8597,0.86,1.00,2.40
2009.10.02 07:02:06.057,0.8597,0.86,1.00,6.40
2009.10.02 07:02:07.887,0.85975,0.86,4.00,3.20
2009.10.02 07:02:08.167,0.85975,0.86,4.00,2.40
2009.10.02 07:02:08.337,0.85975,0.86,3.20,2.40
2009.10.02 07:02:08.557,0.85975,0.86,7.30,2.40
2009.10.02 07:02:08.796,0.85975,0.86005,7.30,3.20
2009.10.02 07:02:09.187,0.85975,0.86005,7.30,3.20
2009.10.02 07:02:11.296,0.85975,0.86005,9.30,3.20
2009.10.02 07:02:11.656,0.85975,0.86005,9.30,2.40
2009.10.02 07:02:12.046,0.85985,0.86005,1.00,2.40
2009.10.02 07:02:12.396,0.85985,0.8601,5.30,4.00
2009.10.02 07:02:12.746,0.85985,0.86015,9.30,6.40
2009.10.02 07:02:13.096,0.85985,0.86015,9.30,2.40
2009.10.02 07:02:13.446,0.85985,0.86015,5.20,2.40
2009.10.02 07:02:13.675,0.85985,0.86015,4.00,4.80
2009.10.02 07:02:13.955,0.85985,0.86015,9.40,3.20
2009.10.02 07:02:14.245,0.85985,0.86015,9.30,2.40
2009.10.02 07:02:14.545,0.8599,0.86015,1.00,2.40
2009.10.02 07:02:15.915,0.8599,0.8602,2.50,10.40
2009.10.02 07:02:16.265,0.8599,0.86015,1.00,2.40
2009.10.02 07:02:16.835,0.8599,0.86015,1.00,3.20
2009.10.02 07:02:17.065,0.8599,0.8602,3.30,8.00
2009.10.02 07:02:17.345,0.8599,0.8602,6.50,6.40
2009.10.02 07:02:17.584,0.8599,0.8602,7.30,3.20
2009.10.02 07:02:18.664,0.8599,0.8602,7.30,2.40
2009.10.02 07:02:19.174,0.8599,0.8602,7.30,3.20
2009.10.02 07:02:19.704,0.8599,0.8602,4.00,3.20
2009.10.02 07:02:20.044,0.8599,0.8602,4.00,4.00
2009.10.02 07:02:20.434,0.8599,0.8602,4.00,8.00
2009.10.02 07:02:20.784,0.8599,0.86015,4.00,2.40
2009.10.02 07:02:21.083,0.8599,0.8602,1.00,8.00
2009.10.02 07:02:22.933,0.8599,0.8602,2.50,8.00
2009.10.02 07:02:23.443,0.8599,0.8602,2.50,7.20
2009.10.02 07:02:23.563,0.8599,0.8602,6.50,7.20
2009.10.02 07:02:23.663,0.85995,0.8602,1.00,7.20
2009.10.02 07:02:23.953,0.85995,0.8602,1.00,8.00
2009.10.02 07:02:24.633,0.85995,0.8602,1.00,7.20
2009.10.02 07:02:24.982,0.85995,0.8602,1.00,6.40
2009.10.02 07:02:26.062,0.85995,0.8602,1.00,6.40
2009.10.02 07:02:26.702,0.85995,0.8602,1.00,2.40
2009.10.02 07:02:32.891,0.8599,0.86015,1.00,2.40
2009.10.02 07:02:33.331,0.8599,0.86015,1.00,2.40
2009.10.02 07:02:33.781,0.8599,0.86015,4.00,2.40
2009.10.02 07:02:34.820,0.8599,0.86015,1.00,2.40
2009.10.02 07:02:35.150,0.8599,0.86015,4.80,2.40
2009.10.02 07:02:35.500,0.8599,0.8602,8.00,2.40
2009.10.02 07:02:35.890,0.85995,0.86025,2.40,10.40
2009.10.02 07:02:36.240,0.85995,0.86025,3.20,9.70
2009.10.02 07:02:36.580,0.85995,0.86025,2.40,10.50
2009.10.02 07:02:36.930,0.85995,0.8602,3.70,2.40
2009.10.02 07:02:37.230,0.85995,0.86025,5.30,4.00
2009.10.02 07:02:38.180,0.86,0.8603,6.40,8.00
2009.10.02 07:02:38.349,0.8601,0.8603,1.60,2.40
2009.10.02 07:02:38.699,0.8601,0.86035,4.00,8.00
2009.10.02 07:02:38.929,0.8601,0.86035,4.00,4.00
2009.10.02 07:02:39.609,0.8601,0.86035,8.00,4.00
2009.10.02 07:02:40.309,0.8601,0.86035,8.00,4.80
2009.10.02 07:02:41.109,0.8601,0.86035,8.80,3.20
2009.10.02 07:02:41.399,0.8601,0.86035,5.60,2.40
2009.10.02 07:02:41.618,0.8601,0.86035,4.00,4.00
2009.10.02 07:02:41.908,0.8601,0.86035,8.00,4.00
2009.10.02 07:02:42.148,0.8601,0.86035,9.70,1.60
2009.10.02 07:02:42.418,0.8601,0.86035,8.00,4.00
2009.10.02 07:02:43.438,0.8601,0.86025,5.60,2.40
2009.10.02 07:02:43.618,0.86005,0.86025,6.40,4.00
2009.10.02 07:02:43.838,0.86005,0.86025,4.00,4.00
2009.10.02 07:02:44.018,0.86,0.86025,15.10,4.00
2009.10.02 07:02:44.248,0.86,0.86025,11.10,4.00
2009.10.02 07:02:44.718,0.86,0.86025,11.20,4.00
2009.10.02 07:02:45.058,0.86,0.86025,11.90,4.00
2009.10.02 07:02:45.348,0.86005,0.86035,5.40,9.60
2009.10.02 07:02:45.648,0.8601,0.86035,1.60,8.80
2009.10.02 07:02:46.048,0.8601,0.86035,1.60,4.80
2009.10.02 07:02:47.077,0.8601,0.86035,1.60,4.00
2009.10.02 07:02:47.417,0.8601,0.8604,12.40,8.00
2009.10.02 07:02:47.767,0.8601,0.8604,15.40,4.00
2009.10.02 07:02:48.667,0.86015,0.8604,1.00,2.40
2009.10.02 07:02:49.047,0.8602,0.8604,1.00,2.40
2009.10.02 07:02:49.387,0.86015,0.86045,3.60,7.20
2009.10.02 07:02:49.726,0.86015,0.86045,3.20,7.20
2009.10.02 07:02:50.066,0.86015,0.86045,7.20,7.20
2009.10.02 07:02:50.396,0.86025,0.86045,1.00,3.20
2009.10.02 07:02:50.737,0.8602,0.86045,4.80,2.50
2009.10.02 07:02:51.086,0.86015,0.86045,8.20,7.30
2009.10.02 07:02:51.436,0.86015,0.86045,4.80,10.40
2009.10.02 07:02:51.766,0.8601,0.86035,8.00,4.00
2009.10.02 07:02:52.126,0.8601,0.86035,4.00,4.00
2009.10.02 07:02:52.826,0.8601,0.86035,4.80,2.40
2009.10.02 07:02:53.066,0.8601,0.86035,2.40,4.00
2009.10.02 07:02:53.356,0.86005,0.8603,15.70,2.40
2009.10.02 07:02:53.586,0.86005,0.8603,13.30,2.40
2009.10.02 07:02:53.866,0.8601,0.8603,1.00,2.40
2009.10.02 07:02:54.246,0.86005,0.8603,9.80,2.40
2009.10.02 07:02:54.606,0.86005,0.8603,13.80,2.40
2009.10.02 07:02:54.955,0.86005,0.8603,13.40,2.40
2009.10.02 07:02:59.924,0.86005,0.8603,15.90,2.40
2009.10.02 07:03:00.214,0.86005,0.8603,13.40,2.40
2009.10.02 07:03:00.514,0.86005,0.8603,13.30,2.40
2009.10.02 07:03:00.864,0.86005,0.8603,9.30,2.40
2009.10.02 07:03:01.834,0.86005,0.8603,9.30,2.80
2009.10.02 07:03:02.194,0.8602,0.8603,1.60,2.80
2009.10.02 07:03:02.923,0.8602,0.8603,1.60,2.40
2009.10.02 07:03:11.361,0.8602,0.8603,1.60,3.20
2009.10.02 07:03:11.482,0.8602,0.8603,1.60,2.40
2009.10.02 07:03:13.141,0.8602,0.8604,1.60,4.00
2009.10.02 07:03:13.371,0.8602,0.86045,1.60,3.30
2009.10.02 07:03:13.551,0.8602,0.86045,1.60,6.50
2009.10.02 07:03:13.951,0.8602,0.86045,1.60,2.50
2009.10.02 07:03:14.591,0.8602,0.86045,1.60,6.50
2009.10.02 07:03:15.650,0.8602,0.86045,1.60,8.90
2009.10.02 07:03:16.000,0.8602,0.8604,1.60,4.00
2009.10.02 07:03:16.710,0.8602,0.86045,2.40,7.20
2009.10.02 07:03:16.990,0.8602,0.86045,4.00,1.00
2009.10.02 07:03:17.230,0.8602,0.86045,1.60,10.00
2009.10.02 07:03:19.969,0.8601,0.8604,16.70,4.00
2009.10.02 07:03:20.149,0.86015,0.8604,4.00,4.00
2009.10.02 07:03:20.839,0.8601,0.8604,20.70,4.00
2009.10.02 07:03:21.189,0.8601,0.8604,16.70,4.00
2009.10.02 07:03:25.638,0.8602,0.86045,9.70,1.00
2009.10.02 07:03:25.928,0.8602,0.8605,9.70,5.20
2009.10.02 07:03:26.958,0.8602,0.8605,8.90,5.60
2009.10.02 07:03:27.188,0.8602,0.8605,9.70,5.20
2009.10.02 07:03:27.427,0.8602,0.8605,9.60,5.30
2009.10.02 07:03:27.657,0.8602,0.8605,9.70,5.20
2009.10.02 07:03:27.897,0.8602,0.8605,9.60,5.30
2009.10.02 07:03:28.137,0.8602,0.8605,9.70,6.00
2009.10.02 07:03:28.357,0.8602,0.8605,9.70,5.20
2009.10.02 07:03:28.807,0.8602,0.8605,8.90,5.20
2009.10.02 07:03:29.087,0.8602,0.8605,6.40,6.00
2009.10.02 07:03:29.387,0.8602,0.8605,2.40,10.00
2009.10.02 07:03:31.396,0.86015,0.8604,7.30,2.40
2009.10.02 07:03:32.906,0.86015,0.8604,7.20,2.40
2009.10.02 07:03:33.236,0.86015,0.86035,4.00,4.00
2009.10.02 07:03:34.236,0.8601,0.86035,11.10,4.00
2009.10.02 07:03:35.165,0.8601,0.86035,8.00,4.40
2009.10.02 07:03:35.505,0.86005,0.86035,16.70,5.20
2009.10.02 07:03:36.076,0.8601,0.8603,1.00,2.40
2009.10.02 07:03:36.886,0.86005,0.8603,16.70,2.40
2009.10.02 07:03:37.855,0.8601,0.86035,2.40,4.00
2009.10.02 07:03:38.445,0.8601,0.86035,6.40,4.00
2009.10.02 07:03:39.584,0.8601,0.86035,4.00,4.00
2009.10.02 07:03:40.135,0.8601,0.86035,5.60,4.00
2009.10.02 07:03:40.365,0.8601,0.86035,4.00,4.80
2009.10.02 07:03:40.985,0.86005,0.86035,9.70,4.80
2009.10.02 07:03:41.664,0.86005,0.86035,9.60,4.80
2009.10.02 07:03:42.004,0.86005,0.8603,4.00,4.80
2009.10.02 07:03:42.364,0.86,0.8603,4.00,4.80
2009.10.02 07:03:42.934,0.86,0.8603,4.00,8.80
2009.10.02 07:03:43.474,0.85995,0.8603,9.70,8.80
2009.10.02 07:03:45.553,0.86,0.8603,2.40,4.80
2009.10.02 07:03:45.893,0.86,0.86035,7.20,11.50
2009.10.02 07:03:46.243,0.86,0.86035,7.20,9.10
2009.10.02 07:03:46.593,0.86,0.8603,7.20,4.00
2009.10.02 07:03:50.522,0.86,0.86035,7.20,9.10
2009.10.02 07:03:51.442,0.86,0.8603,7.20,2.40
2009.10.02 07:03:52.122,0.86,0.8603,6.40,3.20
2009.10.02 07:03:52.302,0.86,0.8603,4.00,7.20
2009.10.02 07:03:52.691,0.85995,0.8603,7.20,4.80
2009.10.02 07:03:53.371,0.85995,0.8603,8.00,4.80
2009.10.02 07:03:53.532,0.86,0.8603,2.40,4.80
2009.10.02 07:03:54.341,0.85995,0.8603,10.10,7.20
2009.10.02 07:03:54.511,0.85995,0.86025,9.30,1.00
2009.10.02 07:03:54.851,0.85995,0.86025,8.50,1.00
2009.10.02 07:03:55.201,0.85995,0.86025,8.60,4.80
2009.10.02 07:03:55.551,0.85995,0.86025,8.50,4.80
2009.10.02 07:03:56.010,0.85995,0.86025,8.50,4.80
2009.10.02 07:03:56.351,0.86,0.86025,8.00,1.60
2009.10.02 07:03:57.230,0.86,0.86025,8.10,1.60
2009.10.02 07:03:58.720,0.86,0.86025,8.00,1.60
2009.10.02 07:03:59.740,0.86,0.86025,4.00,8.80
2009.10.02 07:04:00.020,0.85995,0.86025,4.00,10.40
2009.10.02 07:04:00.299,0.8599,0.86025,11.30,6.40
2009.10.02 07:04:00.579,0.8599,0.86025,7.30,5.60
2009.10.02 07:04:00.910,0.85995,0.86025,1.00,4.80
2009.10.02 07:04:01.260,0.86,0.86025,2.40,4.00
2009.10.02 07:04:01.659,0.85995,0.8603,9.70,8.00
2009.10.02 07:04:02.369,0.85995,0.8603,12.70,8.00
2009.10.02 07:04:03.159,0.85995,0.8603,15.10,8.00
2009.10.02 07:04:03.379,0.86,0.8603,8.00,5.20
2009.10.02 07:04:03.669,0.86,0.8603,4.00,9.20
2009.10.02 07:04:04.119,0.86,0.8603,8.00,5.20
2009.10.02 07:04:04.508,0.86,0.8603,8.10,5.20
2009.10.02 07:04:04.868,0.86,0.8602,4.00,2.40
2009.10.02 07:04:05.218,0.86,0.8603,8.00,6.00
2009.10.02 07:04:05.458,0.86,0.8603,8.10,6.00
2009.10.02 07:04:05.688,0.86,0.86025,2.50,4.80
2009.10.02 07:04:05.918,0.86005,0.8603,2.40,7.20
2009.10.02 07:04:06.198,0.86005,0.8603,2.40,2.40
2009.10.02 07:04:06.538,0.86,0.8603,10.30,3.20
2009.10.02 07:04:06.838,0.86,0.8603,7.30,3.20
2009.10.02 07:04:07.818,0.86005,0.86035,15.60,4.00
2009.10.02 07:04:08.278,0.86005,0.86035,7.20,4.00
2009.10.02 07:04:08.398,0.86005,0.86035,7.20,8.00
2009.10.02 07:04:08.678,0.86005,0.86025,4.00,2.40
2009.10.02 07:04:08.798,0.86005,0.86035,6.40,8.00
2009.10.02 07:04:08.917,0.86005,0.86035,2.40,8.00
2009.10.02 07:04:09.037,0.86005,0.86035,2.40,8.00
2009.10.02 07:04:09.447,0.86,0.86035,7.20,8.00
2009.10.02 07:04:09.797,0.86,0.8603,7.30,1.00
2009.10.02 07:04:10.137,0.86,0.8603,1.00,5.60
2009.10.02 07:04:10.478,0.86,0.8603,4.80,1.60
2009.10.02 07:04:10.828,0.86,0.8603,4.80,5.60
2009.10.02 07:04:11.467,0.86,0.8603,1.00,5.60
2009.10.02 07:04:12.847,0.85995,0.8602,6.50,2.40
2009.10.02 07:04:13.086,0.85995,0.8602,2.50,2.40
2009.10.02 07:04:13.266,0.85995,0.8602,6.50,2.40
2009.10.02 07:04:14.376,0.85995,0.8602,2.50,2.40
2009.10.02 07:04:14.656,0.86,0.86025,2.40,8.80
2009.10.02 07:04:15.856,0.86,0.86025,2.40,4.80
2009.10.02 07:04:16.196,0.86,0.86025,3.20,4.00
2009.10.02 07:04:16.556,0.86,0.8603,2.40,4.80
2009.10.02 07:04:16.906,0.86,0.8603,6.40,4.80
2009.10.02 07:04:17.245,0.86,0.8603,6.50,4.80
2009.10.02 07:04:21.185,0.86,0.8603,7.30,4.80
2009.10.02 07:04:22.154,0.86,0.8603,3.30,4.80
2009.10.02 07:04:22.494,0.86,0.8603,3.30,4.00
2009.10.02 07:04:23.254,0.86,0.8603,7.30,4.00
2009.10.02 07:04:25.443,0.86,0.8603,7.30,4.80
2009.10.02 07:04:26.373,0.86,0.8603,7.30,4.00
2009.10.02 07:04:26.713,0.86,0.8603,11.00,4.00
2009.10.02 07:04:27.533,0.86005,0.86035,2.50,8.00
2009.10.02 07:04:29.633,0.86005,0.86035,3.30,7.20
2009.10.02 07:04:31.632,0.8601,0.86035,3.20,4.80
2009.10.02 07:04:31.932,0.86015,0.86035,1.00,4.00
2009.10.02 07:04:32.212,0.86015,0.8604,1.00,4.00
2009.10.02 07:04:32.532,0.86015,0.86045,1.00,7.20
2009.10.02 07:04:34.731,0.8601,0.86045,7.70,8.00
2009.10.02 07:04:34.961,0.86015,0.8604,1.00,1.00
2009.10.02 07:04:35.131,0.86015,0.86045,1.00,7.20
2009.10.02 07:04:35.351,0.86015,0.86045,3.30,7.20
2009.10.02 07:04:35.651,0.86015,0.86045,7.40,3.20
2009.10.02 07:04:36.251,0.86015,0.86045,2.50,8.00
2009.10.02 07:04:36.551,0.86015,0.86045,6.50,4.00
2009.10.02 07:04:37.231,0.86015,0.86045,2.50,8.00
2009.10.02 07:04:37.871,0.86015,0.86045,2.60,8.00
2009.10.02 07:04:38.200,0.86015,0.86045,2.50,8.00
2009.10.02 07:04:39.350,0.86015,0.86045,2.40,8.00
2009.10.02 07:04:39.690,0.86015,0.86045,2.60,8.00
2009.10.02 07:04:40.080,0.8601,0.8604,10.30,1.00
2009.10.02 07:04:40.430,0.86015,0.86045,1.00,8.00
2009.10.02 07:04:40.720,0.8601,0.86045,9.70,8.00
2009.10.02 07:04:41.010,0.86015,0.86045,1.00,7.20
2009.10.02 07:04:41.360,0.86015,0.86045,1.00,7.20
2009.10.02 07:04:41.650,0.8601,0.86045,7.30,8.00
2009.10.02 07:04:42.329,0.8601,0.8604,1.00,7.20
2009.10.02 07:04:42.690,0.8601,0.8604,1.00,8.00
2009.10.02 07:04:46.258,0.8601,0.8604,1.00,8.00
2009.10.02 07:04:46.439,0.8601,0.86035,1.00,3.20
2009.10.02 07:04:46.959,0.8601,0.8603,1.00,6.60
2009.10.02 07:04:47.299,0.86,0.86025,4.00,9.60
2009.10.02 07:04:47.648,0.86,0.8602,4.00,4.00
2009.10.02 07:04:47.998,0.8599,0.8602,3.30,8.00
2009.10.02 07:04:50.487,0.8599,0.8602,3.30,7.20
2009.10.02 07:04:50.727,0.8599,0.8602,3.30,8.00
2009.10.02 07:04:52.527,0.8599,0.8602,3.30,7.20
2009.10.02 07:04:52.647,0.8599,0.8602,3.30,8.00
2009.10.02 07:04:53.227,0.8599,0.8602,3.30,7.20
2009.10.02 07:04:53.397,0.8599,0.8602,3.40,7.20
2009.10.02 07:04:53.927,0.8599,0.8602,3.40,4.80
2009.10.02 07:04:54.097,0.8599,0.8602,3.40,7.20
2009.10.02 07:04:54.897,0.8599,0.8602,4.20,4.80
2009.10.02 07:04:55.836,0.85995,0.8602,1.00,4.80
2009.10.02 07:04:56.186,0.86005,0.86025,1.00,4.80
2009.10.02 07:04:56.576,0.86005,0.86025,2.90,4.00
2009.10.02 07:04:56.916,0.8601,0.86035,2.40,1.00
2009.10.02 07:04:57.206,0.8601,0.86035,2.60,1.00
2009.10.02 07:04:57.586,0.8601,0.8604,2.50,6.60
2009.10.02 07:04:57.886,0.86015,0.8604,1.00,6.60
2009.10.02 07:04:58.226,0.86015,0.8604,1.00,4.80
2009.10.02 07:04:58.566,0.8601,0.8604,2.50,5.60
2009.10.02 07:05:00.325,0.8601,0.86035,1.00,1.00
2009.10.02 07:05:00.675,0.8601,0.86035,1.00,1.60
2009.10.02 07:05:01.115,0.8601,0.86035,1.00,1.00
2009.10.02 07:05:01.295,0.8601,0.86035,6.50,1.00
2009.10.02 07:05:01.705,0.8601,0.86035,2.50,1.00
2009.10.02 07:05:02.215,0.8601,0.8604,2.50,5.60
2009.10.02 07:05:04.224,0.8601,0.8604,3.30,4.80
2009.10.02 07:05:04.404,0.86015,0.8604,3.20,4.00
2009.10.02 07:05:04.524,0.86015,0.8604,1.00,6.40
2009.10.02 07:05:04.745,0.86015,0.86035,2.40,1.00
2009.10.02 07:05:04.854,0.8601,0.86035,4.00,2.40
2009.10.02 07:05:05.034,0.8601,0.86035,2.40,2.40
2009.10.02 07:05:05.204,0.86005,0.86035,8.90,5.60
2009.10.02 07:05:05.534,0.86005,0.86035,4.90,10.40
2009.10.02 07:05:07.663,0.86005,0.86035,5.70,9.60
2009.10.02 07:05:07.893,0.86005,0.86035,5.70,8.80
2009.10.02 07:05:08.123,0.86005,0.86035,8.90,4.80
2009.10.02 07:05:08.763,0.8601,0.8604,3.20,8.00
2009.10.02 07:05:09.053,0.8601,0.8604,2.50,8.00
2009.10.02 07:05:09.283,0.8601,0.8604,2.40,8.00
2009.10.02 07:05:09.623,0.8601,0.8604,2.60,8.00
2009.10.02 07:05:11.672,0.8601,0.8604,3.20,8.00
2009.10.02 07:05:12.542,0.86015,0.8604,2.50,8.00
2009.10.02 07:05:12.882,0.86005,0.86035,6.50,8.00
2009.10.02 07:05:13.232,0.86005,0.86035,6.40,4.00
2009.10.02 07:05:13.582,0.86005,0.86035,2.90,8.00
2009.10.02 07:05:13.862,0.86005,0.86035,6.50,4.00
2009.10.02 07:05:14.612,0.86005,0.86035,4.00,4.40
2009.10.02 07:05:14.962,0.86005,0.8603,4.00,1.00
2009.10.02 07:05:15.312,0.86005,0.8603,4.00,4.00
2009.10.02 07:05:15.662,0.86005,0.86025,1.00,1.00
2009.10.02 07:05:16.821,0.86005,0.8603,1.00,2.00
2009.10.02 07:05:16.941,0.86005,0.8603,1.00,1.00
2009.10.02 07:05:17.041,0.86005,0.86035,1.00,9.50
2009.10.02 07:05:17.161,0.86005,0.86035,1.00,8.00
2009.10.02 07:05:17.671,0.86005,0.86035,4.00,8.00
2009.10.02 07:05:17.781,0.8601,0.86035,1.00,7.20
2009.10.02 07:05:17.941,0.8601,0.86035,5.20,3.20
2009.10.02 07:05:18.271,0.86005,0.86035,4.80,3.20
2009.10.02 07:05:18.611,0.86005,0.86035,4.80,2.40
2009.10.02 07:05:18.951,0.86005,0.86035,7.30,6.40
2009.10.02 07:05:19.301,0.86005,0.86035,4.00,6.40
2009.10.02 07:05:19.870,0.8601,0.8604,6.40,7.20
2009.10.02 07:05:20.171,0.86015,0.8604,2.40,3.20
2009.10.02 07:05:20.521,0.86015,0.8604,3.30,2.40
2009.10.02 07:05:21.200,0.86015,0.8604,3.20,2.40
2009.10.02 07:05:21.550,0.86015,0.8604,2.40,2.40
2009.10.02 07:05:22.020,0.86015,0.8604,2.50,2.40
2009.10.02 07:05:23.000,0.86015,0.8604,2.40,2.40
2009.10.02 07:05:23.799,0.86015,0.8604,2.50,2.40
2009.10.02 07:05:23.919,0.86015,0.8604,3.30,2.40
2009.10.02 07:05:24.029,0.86015,0.8604,7.30,2.40
2009.10.02 07:05:24.379,0.86015,0.8604,3.30,2.40
2009.10.02 07:05:25.409,0.86015,0.8604,3.40,2.40
2009.10.02 07:05:25.759,0.86015,0.8604,1.00,2.40
2009.10.02 07:05:26.099,0.86015,0.86045,7.70,6.40
2009.10.02 07:05:26.399,0.86015,0.86045,3.70,6.40
2009.10.02 07:05:32.047,0.86015,0.86045,3.70,7.20
2009.10.02 07:05:32.217,0.86015,0.86045,3.70,6.40
2009.10.02 07:05:32.447,0.86015,0.86045,3.80,6.40
2009.10.02 07:05:32.907,0.8602,0.86045,2.50,6.40
2009.10.02 07:05:33.137,0.86015,0.86045,7.70,6.40
2009.10.02 07:05:33.418,0.86015,0.86045,3.70,7.20
2009.10.02 07:05:38.596,0.86015,0.86045,7.60,2.40
2009.10.02 07:05:38.946,0.86015,0.8604,3.30,2.40
2009.10.02 07:05:39.236,0.86015,0.86045,7.70,8.00
2009.10.02 07:05:39.536,0.86015,0.86045,6.90,11.20
2009.10.02 07:05:39.776,0.86015,0.8604,2.40,6.80
2009.10.02 07:05:40.576,0.8601,0.86035,8.50,1.00
2009.10.02 07:05:42.195,0.8601,0.86035,8.10,2.40
2009.10.02 07:05:42.365,0.8601,0.86035,8.50,3.20
2009.10.02 07:05:42.545,0.8601,0.86035,4.10,4.80
2009.10.02 07:05:46.774,0.8601,0.86035,1.60,8.40
2009.10.02 07:05:46.954,0.86005,0.86035,8.50,8.40
2009.10.02 07:05:47.344,0.86005,0.86035,8.10,9.20
2009.10.02 07:05:47.864,0.86005,0.86035,4.10,13.20
2009.10.02 07:05:48.204,0.86005,0.8603,4.50,1.00
2009.10.02 07:05:48.554,0.86005,0.8603,4.60,1.00
2009.10.02 07:05:52.083,0.8601,0.8603,2.50,1.00
2009.10.02 07:05:52.363,0.86005,0.8603,2.50,4.00
2009.10.02 07:05:52.772,0.8601,0.86025,1.00,1.00
2009.10.02 07:05:52.933,0.86005,0.86025,2.50,1.00
2009.10.02 07:05:53.102,0.8601,0.86025,1.00,1.00
2009.10.02 07:05:53.333,0.86005,0.86025,6.50,1.00
2009.10.02 07:05:53.632,0.8601,0.86025,1.00,1.00
2009.10.02 07:05:54.262,0.8601,0.86025,1.00,6.80
2009.10.02 07:05:54.533,0.86005,0.8603,1.00,4.40
2009.10.02 07:05:54.822,0.86005,0.86025,2.50,1.00
2009.10.02 07:05:55.062,0.86005,0.86025,6.50,1.00
2009.10.02 07:05:55.352,0.86005,0.86025,2.50,1.00
2009.10.02 07:05:55.592,0.8601,0.8603,1.00,4.40
2009.10.02 07:05:55.952,0.8601,0.8603,1.00,1.00
2009.10.02 07:05:56.302,0.8601,0.86025,1.00,1.00
2009.10.02 07:05:56.692,0.86005,0.86025,2.50,1.00
2009.10.02 07:05:59.881,0.86005,0.86025,1.00,3.20
2009.10.02 07:06:00.221,0.86,0.8602,2.50,4.40
2009.10.02 07:06:00.541,0.86,0.8602,4.00,1.00
2009.10.02 07:06:02.060,0.85995,0.8602,4.00,3.20
2009.10.02 07:06:02.920,0.85995,0.8602,4.00,4.00
2009.10.02 07:06:03.040,0.85995,0.8602,1.00,8.00
2009.10.02 07:06:05.210,0.85995,0.8602,4.10,5.60
2009.10.02 07:06:05.380,0.85995,0.8602,4.10,1.60
2009.10.02 07:06:05.679,0.86005,0.8602,2.50,1.00
2009.10.02 07:06:06.029,0.86005,0.86025,2.50,1.00
2009.10.02 07:06:06.379,0.86005,0.86025,2.40,1.00
2009.10.02 07:06:08.999,0.86005,0.8603,2.40,4.40
2009.10.02 07:06:09.178,0.86005,0.8603,2.40,3.20
2009.10.02 07:06:09.519,0.86005,0.8603,2.40,1.00
2009.10.02 07:06:10.258,0.86005,0.8603,2.40,3.20
2009.10.02 07:06:10.948,0.86005,0.8603,2.40,1.00
2009.10.02 07:06:12.898,0.8601,0.8603,2.40,1.00
2009.10.02 07:06:13.238,0.8601,0.86035,3.20,8.80
2009.10.02 07:06:13.578,0.8601,0.86035,2.40,9.60
2009.10.02 07:06:13.868,0.86015,0.86035,2.40,1.00
2009.10.02 07:06:14.607,0.86015,0.8604,2.40,7.20
2009.10.02 07:06:14.947,0.86015,0.8604,2.40,3.20
2009.10.02 07:06:15.537,0.8601,0.8604,6.40,8.00
2009.10.02 07:06:16.007,0.86005,0.86035,6.40,4.00
2009.10.02 07:06:16.357,0.86005,0.86035,2.40,8.00
2009.10.02 07:06:20.336,0.86005,0.86035,2.40,11.60
2009.10.02 07:06:20.666,0.86005,0.86035,3.20,8.00
2009.10.02 07:06:22.555,0.8601,0.86035,2.40,7.20
2009.10.02 07:06:23.415,0.8601,0.86035,2.40,8.00
2009.10.02 07:06:27.224,0.86015,0.86035,2.40,4.00
2009.10.02 07:06:27.564,0.86015,0.8604,2.40,8.00
2009.10.02 07:06:27.904,0.86015,0.8604,2.40,4.00
2009.10.02 07:06:28.494,0.86015,0.8604,3.20,3.20
2009.10.02 07:06:28.964,0.86015,0.8604,7.20,3.20
2009.10.02 07:06:29.204,0.86015,0.8604,3.20,3.20
2009.10.02 07:06:29.833,0.86015,0.8604,6.50,3.20
2009.10.02 07:06:30.064,0.86015,0.8604,6.50,4.00
2009.10.02 07:06:30.353,0.86015,0.8604,1.00,4.00
2009.10.02 07:06:30.644,0.8601,0.8604,6.50,4.00
2009.10.02 07:06:35.662,0.8601,0.86035,6.50,2.40
2009.10.02 07:06:35.832,0.8601,0.8604,6.60,4.00
2009.10.02 07:06:36.002,0.86015,0.8604,4.00,3.20
2009.10.02 07:06:36.172,0.86015,0.8604,4.00,3.20
2009.10.02 07:06:36.332,0.86015,0.8604,1.00,3.20
2009.10.02 07:06:36.502,0.8601,0.86035,7.30,2.40
2009.10.02 07:06:36.672,0.86015,0.86035,4.00,2.40
2009.10.02 07:06:37.062,0.8601,0.86035,7.30,2.40
2009.10.02 07:06:37.742,0.8601,0.8604,7.30,2.40
2009.10.02 07:06:39.672,0.8601,0.8604,4.00,4.00
2009.10.02 07:06:40.321,0.8601,0.8604,1.00,16.80
2009.10.02 07:06:42.421,0.86005,0.86035,1.00,7.20
2009.10.02 07:06:42.591,0.86005,0.86035,1.00,15.20
2009.10.02 07:06:42.811,0.86005,0.86035,1.00,15.20
2009.10.02 07:06:43.220,0.86,0.8603,7.70,4.00
2009.10.02 07:06:43.451,0.86,0.8603,3.30,6.40
2009.10.02 07:06:43.670,0.86,0.8603,3.30,7.20
2009.10.02 07:06:43.790,0.86,0.8603,3.30,6.40
2009.10.02 07:06:45.130,0.86,0.8603,3.30,7.20
2009.10.02 07:06:45.480,0.86,0.8603,3.30,6.40
2009.10.02 07:06:46.709,0.86,0.8603,7.30,6.40
2009.10.02 07:06:48.029,0.86,0.8603,7.70,6.40
2009.10.02 07:06:48.309,0.86,0.8603,13.90,4.00
2009.10.02 07:06:48.609,0.86005,0.8603,1.00,4.00
2009.10.02 07:06:48.729,0.86005,0.8604,4.80,6.60
2009.10.02 07:06:51.149,0.86005,0.8604,4.80,9.00
2009.10.02 07:06:56.047,0.86005,0.8604,4.80,11.50
2009.10.02 07:06:56.337,0.8601,0.8604,4.00,10.70
2009.10.02 07:06:56.627,0.8601,0.8604,6.80,6.40
2009.10.02 07:06:56.927,0.86015,0.8604,4.80,2.40
2009.10.02 07:06:57.217,0.86015,0.86045,1.00,14.00
2009.10.02 07:06:58.197,0.86015,0.8603,1.00,2.40
2009.10.02 07:06:58.527,0.86015,0.86035,1.00,4.00
2009.10.02 07:06:59.037,0.86015,0.8604,1.00,4.00
2009.10.02 07:07:01.046,0.86015,0.8604,1.00,6.40
2009.10.02 07:07:01.376,0.86015,0.8604,1.00,4.00
2009.10.02 07:07:02.066,0.86015,0.8604,1.00,6.40
2009.10.02 07:07:02.686,0.86015,0.8604,1.00,4.00
2009.10.02 07:07:03.266,0.86015,0.86035,1.00,2.40
2009.10.02 07:07:03.566,0.86015,0.8604,1.00,7.30
2009.10.02 07:07:03.845,0.86015,0.8604,1.00,6.40
2009.10.02 07:07:04.545,0.86015,0.8604,1.00,2.40
2009.10.02 07:07:04.905,0.86015,0.8604,1.00,6.50
2009.10.02 07:07:05.255,0.86015,0.8604,1.00,6.40
2009.10.02 07:07:05.595,0.86015,0.8604,1.00,6.50
2009.10.02 07:07:06.295,0.86015,0.8604,8.80,4.00
2009.10.02 07:07:06.635,0.86015,0.8604,1.00,6.40
2009.10.02 07:07:07.195,0.86015,0.8604,3.30,4.00
2009.10.02 07:07:07.415,0.8602,0.8604,2.40,4.00
2009.10.02 07:07:07.645,0.8602,0.8604,1.00,4.00
2009.10.02 07:07:07.865,0.86015,0.8604,3.70,4.00
2009.10.02 07:07:08.094,0.86015,0.86045,7.70,2.40
2009.10.02 07:07:08.664,0.86015,0.86045,10.90,2.40
2009.10.02 07:07:11.674,0.8602,0.8605,9.20,3.30
2009.10.02 07:07:12.024,0.8602,0.8605,5.30,7.20
2009.10.02 07:07:12.363,0.8602,0.86045,8.10,2.40
2009.10.02 07:07:12.824,0.8602,0.86045,12.00,2.40
2009.10.02 07:07:13.113,0.8602,0.8605,8.00,8.10
2009.10.02 07:07:13.453,0.8602,0.86045,8.00,1.00
2009.10.02 07:07:13.683,0.8602,0.8605,4.80,8.90
2009.10.02 07:07:13.913,0.8602,0.8605,4.80,8.10
2009.10.02 07:07:14.143,0.8602,0.8605,5.20,7.20
2009.10.02 07:07:14.373,0.8602,0.8605,8.80,4.10
2009.10.02 07:07:14.603,0.8602,0.8605,8.80,4.00
2009.10.02 07:07:17.402,0.8602,0.8605,8.80,4.10
2009.10.02 07:07:18.412,0.8602,0.8605,8.00,4.90
2009.10.02 07:07:18.742,0.8602,0.86045,4.00,4.00
2009.10.02 07:07:18.852,0.8602,0.86045,8.00,4.00
2009.10.02 07:07:19.182,0.8602,0.86045,8.80,4.00
2009.10.02 07:07:19.812,0.8602,0.86045,8.80,2.40
2009.10.02 07:07:20.811,0.8602,0.86045,8.80,2.50
2009.10.02 07:07:21.171,0.8602,0.86045,8.80,2.40
2009.10.02 07:07:21.511,0.86025,0.8605,4.40,2.40
2009.10.02 07:07:21.811,0.86025,0.8605,3.30,2.40
2009.10.02 07:07:22.161,0.86025,0.8605,5.20,4.00
2009.10.02 07:07:22.551,0.86025,0.8605,2.40,2.40
2009.10.02 07:07:23.601,0.8602,0.8605,8.00,6.00
2009.10.02 07:07:23.941,0.8602,0.86045,4.00,4.00
2009.10.02 07:07:25.231,0.8602,0.86045,4.00,4.80
2009.10.02 07:07:25.570,0.86015,0.8604,2.40,4.40
2009.10.02 07:07:25.920,0.86015,0.86045,8.50,8.50
2009.10.02 07:07:26.210,0.86015,0.86045,7.60,8.00
2009.10.02 07:07:26.510,0.8602,0.86045,4.00,4.00
2009.10.02 07:07:26.800,0.8602,0.86045,4.00,8.00
2009.10.02 07:07:27.450,0.8602,0.86045,4.00,8.80
2009.10.02 07:07:27.690,0.86015,0.86035,4.00,1.60
2009.10.02 07:07:27.979,0.86015,0.86035,2.40,1.60
2009.10.02 07:07:28.590,0.86015,0.8604,1.60,6.40
2009.10.02 07:07:28.919,0.86015,0.8604,4.00,2.40
2009.10.02 07:07:29.629,0.86015,0.8604,1.60,2.80
2009.10.02 07:07:32.199,0.86015,0.8604,4.10,2.40
2009.10.02 07:07:32.439,0.86015,0.8604,4.80,2.40
2009.10.02 07:07:32.619,0.86015,0.8604,4.90,2.40
2009.10.02 07:07:32.968,0.86015,0.86045,4.80,10.00
2009.10.02 07:07:33.299,0.86015,0.86045,4.90,9.20
2009.10.02 07:07:33.648,0.86015,0.86045,8.80,10.00
2009.10.02 07:07:33.828,0.86015,0.8604,8.10,2.40
2009.10.02 07:07:34.288,0.8602,0.86035,4.00,1.60
2009.10.02 07:07:34.468,0.86015,0.8604,4.00,4.40
2009.10.02 07:07:34.739,0.8601,0.8604,15.90,4.40
2009.10.02 07:07:35.088,0.8601,0.8604,11.90,4.40
2009.10.02 07:07:35.448,0.8601,0.86035,19.90,1.60
2009.10.02 07:07:35.798,0.8601,0.8604,20.60,2.40
2009.10.02 07:07:36.208,0.8601,0.8604,12.60,2.40
2009.10.02 07:07:36.538,0.8601,0.8604,20.60,2.40
2009.10.02 07:07:36.888,0.86015,0.8604,4.00,2.40
2009.10.02 07:07:42.836,0.86015,0.8604,8.00,2.40
2009.10.02 07:07:43.126,0.86015,0.8604,4.00,2.40
2009.10.02 07:07:43.346,0.86015,0.8604,3.20,2.40
2009.10.02 07:07:44.236,0.86015,0.8604,4.00,2.40
2009.10.02 07:07:44.875,0.86015,0.8604,4.00,3.20
2009.10.02 07:07:45.216,0.86015,0.8604,4.00,3.20
2009.10.02 07:07:46.955,0.8601,0.86035,4.80,1.60
2009.10.02 07:07:47.305,0.8601,0.86035,8.80,1.60
2009.10.02 07:07:47.535,0.8601,0.8604,9.20,4.00
2009.10.02 07:07:47.775,0.8601,0.8604,12.40,2.40
2009.10.02 07:07:48.005,0.86015,0.8604,4.90,2.40
2009.10.02 07:07:48.235,0.86015,0.8604,8.90,2.40
2009.10.02 07:07:48.525,0.86015,0.8604,8.80,2.40
2009.10.02 07:07:48.875,0.86015,0.8604,5.60,2.90
2009.10.02 07:07:49.224,0.8601,0.8604,8.80,9.30
2009.10.02 07:07:51.284,0.86015,0.8604,2.40,9.30
2009.10.02 07:07:51.794,0.86015,0.8604,4.80,7.20
2009.10.02 07:07:52.024,0.8602,0.86045,4.00,6.40
2009.10.02 07:07:52.194,0.8602,0.86045,4.80,1.00
2009.10.02 07:07:52.364,0.8602,0.8605,4.80,7.70
2009.10.02 07:07:52.594,0.8602,0.8605,5.20,7.30
2009.10.02 07:07:52.934,0.8602,0.8605,5.30,7.20
2009.10.02 07:07:53.274,0.8602,0.8605,5.20,7.20
2009.10.02 07:07:53.623,0.86025,0.86055,3.20,7.20
2009.10.02 07:07:54.573,0.8602,0.8605,9.30,2.40
2009.10.02 07:07:54.923,0.8602,0.8605,9.30,3.20
2009.10.02 07:07:55.213,0.8602,0.8605,9.30,7.20
2009.10.02 07:07:55.563,0.8602,0.8605,5.30,7.20
2009.10.02 07:07:55.903,0.8602,0.8605,4.80,8.00
2009.10.02 07:07:56.253,0.8602,0.8605,4.90,9.10
2009.10.02 07:07:56.933,0.8602,0.8605,5.20,8.30
2009.10.02 07:07:57.263,0.8602,0.8605,5.20,7.20
2009.10.02 07:07:57.603,0.8602,0.8605,5.20,7.30
2009.10.02 07:07:57.953,0.8602,0.8605,5.20,7.20
2009.10.02 07:07:58.223,0.8602,0.8605,4.80,8.00
2009.10.02 07:07:58.572,0.8602,0.8605,9.60,7.20
2009.10.02 07:07:59.312,0.8602,0.86045,6.40,2.40
2009.10.02 07:07:59.492,0.8602,0.86045,4.80,3.20
2009.10.02 07:08:00.302,0.8602,0.86045,4.80,3.20
2009.10.02 07:08:00.642,0.8602,0.86045,4.00,3.20
2009.10.02 07:08:00.992,0.8602,0.86045,4.00,4.00
2009.10.02 07:08:01.682,0.8602,0.86045,4.00,3.20
2009.10.02 07:08:02.022,0.8602,0.86045,1.00,7.20
2009.10.02 07:08:06.380,0.8602,0.86045,3.20,7.20
2009.10.02 07:08:06.680,0.86025,0.86045,6.80,4.00
2009.10.02 07:08:07.030,0.8603,0.8605,1.00,4.00
2009.10.02 07:08:07.320,0.8603,0.86055,1.00,7.20
2009.10.02 07:08:08.980,0.86025,0.86055,8.00,7.20
2009.10.02 07:08:09.140,0.86025,0.8605,4.00,1.00
2009.10.02 07:08:09.320,0.86025,0.8605,8.00,1.00
2009.10.02 07:08:09.720,0.86025,0.8605,4.00,1.00
2009.10.02 07:08:10.399,0.86025,0.8605,4.00,4.80
2009.10.02 07:08:10.749,0.86025,0.8605,4.00,1.00
2009.10.02 07:08:12.899,0.86025,0.8605,4.00,4.80
2009.10.02 07:08:13.069,0.8602,0.8605,10.40,4.80
2009.10.02 07:08:13.479,0.8602,0.8605,6.40,4.80
2009.10.02 07:08:13.709,0.8602,0.8605,10.40,4.00
2009.10.02 07:08:14.288,0.8602,0.86055,10.40,8.00
2009.10.02 07:08:15.368,0.8602,0.8605,6.40,4.00
2009.10.02 07:08:16.858,0.8602,0.8605,10.50,4.00
2009.10.02 07:08:17.318,0.8602,0.8605,7.20,5.60
2009.10.02 07:08:17.658,0.8602,0.8605,1.00,7.20
2009.10.02 07:08:18.008,0.8602,0.8605,1.00,8.00
2009.10.02 07:08:18.357,0.8602,0.8605,1.00,8.10
2009.10.02 07:08:18.687,0.8602,0.86045,3.20,2.40
2009.10.02 07:08:19.037,0.8602,0.86045,3.20,6.40
2009.10.02 07:08:19.387,0.8602,0.86045,1.00,2.40
2009.10.02 07:08:20.077,0.86025,0.86045,4.40,2.40
2009.10.02 07:08:20.377,0.86025,0.86045,1.00,2.40
2009.10.02 07:08:20.777,0.86025,0.8605,1.00,8.10
2009.10.02 07:08:21.067,0.8602,0.86045,1.00,2.40
2009.10.02 07:08:21.347,0.86025,0.86045,1.00,7.20
2009.10.02 07:08:21.637,0.86025,0.86045,1.00,3.20
2009.10.02 07:08:22.636,0.86025,0.86045,1.00,8.00
2009.10.02 07:08:22.996,0.8602,0.86045,1.00,15.20
2009.10.02 07:08:23.286,0.8602,0.86045,1.00,7.20
2009.10.02 07:08:23.516,0.8602,0.86045,1.00,7.30
2009.10.02 07:08:24.526,0.8602,0.86045,1.00,6.40
2009.10.02 07:08:24.876,0.8602,0.86045,1.00,7.20
2009.10.02 07:08:25.386,0.8602,0.86045,1.00,7.30
2009.10.02 07:08:26.076,0.8602,0.86045,1.00,6.50
2009.10.02 07:08:27.835,0.8602,0.86045,1.00,6.40
2009.10.02 07:08:29.365,0.8602,0.86045,1.00,2.40
2009.10.02 07:08:29.955,0.8602,0.86045,1.00,6.40
2009.10.02 07:08:30.244,0.8602,0.86045,3.20,2.40
2009.10.02 07:08:30.824,0.8602,0.86045,3.20,6.40
2009.10.02 07:08:31.114,0.8602,0.86045,3.20,2.40
2009.10.02 07:08:31.754,0.8602,0.8605,3.20,7.20
2009.10.02 07:08:34.214,0.86015,0.86045,4.10,8.80
2009.10.02 07:08:34.774,0.86015,0.86045,8.10,8.80
2009.10.02 07:08:35.063,0.86015,0.86045,7.20,8.80
2009.10.02 07:08:35.664,0.86015,0.86035,4.00,4.00
2009.10.02 07:08:35.953,0.86015,0.86035,4.00,5.20
2009.10.02 07:08:36.473,0.86005,0.86035,7.20,5.20
2009.10.02 07:08:36.823,0.86005,0.86035,8.00,9.20
2009.10.02 07:08:37.163,0.86005,0.86035,4.00,9.20
2009.10.02 07:08:37.513,0.86005,0.86035,4.80,8.80
2009.10.02 07:08:38.193,0.86005,0.86035,8.80,8.80
2009.10.02 07:08:38.543,0.86005,0.86035,12.00,4.80
2009.10.02 07:08:38.773,0.86005,0.86035,13.50,4.80
2009.10.02 07:08:39.003,0.8601,0.8604,3.20,7.60
2009.10.02 07:08:39.223,0.8601,0.8604,7.30,3.60
2009.10.02 07:08:39.393,0.8601,0.8604,7.20,3.60
2009.10.02 07:08:39.732,0.86005,0.86035,4.80,9.20
2009.10.02 07:08:40.062,0.86005,0.86035,12.50,5.20
2009.10.02 07:08:40.422,0.8601,0.8604,3.20,7.60
2009.10.02 07:08:41.102,0.8601,0.8604,3.20,15.60
2009.10.02 07:08:41.452,0.8601,0.8604,4.00,7.30
2009.10.02 07:08:41.742,0.8601,0.8604,3.20,7.70
2009.10.02 07:08:41.982,0.8601,0.8604,4.00,7.30
2009.10.02 07:08:42.222,0.8601,0.8604,3.20,7.70
2009.10.02 07:08:42.452,0.8601,0.8604,2.40,7.60
2009.10.02 07:08:42.801,0.86005,0.8603,10.80,2.40
2009.10.02 07:08:43.151,0.86005,0.86035,8.00,2.40
2009.10.02 07:08:43.501,0.86005,0.86035,8.00,2.40
2009.10.02 07:08:43.891,0.86005,0.86035,8.00,2.40
2009.10.02 07:08:44.341,0.86005,0.86035,8.80,2.40
2009.10.02 07:08:45.141,0.8601,0.86035,1.00,2.40
2009.10.02 07:08:45.671,0.8601,0.86035,1.00,2.80
2009.10.02 07:08:45.961,0.8601,0.8604,3.20,7.70
2009.10.02 07:08:46.311,0.8601,0.8604,3.20,7.60
2009.10.02 07:08:47.301,0.8601,0.8604,4.00,7.20
2009.10.02 07:08:48.141,0.8601,0.8604,3.20,7.60
2009.10.02 07:08:48.431,0.8601,0.86035,1.00,2.40
2009.10.02 07:08:49.700,0.8601,0.86035,1.00,2.50
2009.10.02 07:08:52.189,0.8601,0.86035,3.20,1.00
2009.10.02 07:08:52.409,0.8601,0.8604,3.20,7.70
2009.10.02 07:08:52.579,0.8601,0.86035,3.20,1.00
2009.10.02 07:08:53.379,0.8601,0.86035,1.00,2.40
2009.10.02 07:08:53.729,0.8601,0.86035,3.20,1.00
2009.10.02 07:08:54.379,0.8601,0.8604,3.20,7.70
2009.10.02 07:08:54.669,0.8601,0.8604,3.20,7.80
2009.10.02 07:08:55.009,0.8601,0.8604,3.20,7.70
2009.10.02 07:08:55.309,0.8601,0.86035,1.00,2.50
2009.10.02 07:08:55.548,0.8601,0.86035,1.00,2.40
2009.10.02 07:08:55.828,0.8601,0.86035,3.20,2.40
2009.10.02 07:08:56.578,0.8601,0.8604,4.00,7.30
2009.10.02 07:08:56.908,0.8601,0.8604,3.20,11.70
2009.10.02 07:08:57.238,0.8601,0.86035,1.00,6.40
2009.10.02 07:08:57.628,0.8601,0.86035,1.00,7.20
2009.10.02 07:08:57.928,0.86,0.86035,10.00,8.00
2009.10.02 07:08:58.258,0.86005,0.86035,2.40,8.10
2009.10.02 07:08:58.648,0.86005,0.86035,3.20,7.20
2009.10.02 07:08:58.818,0.86005,0.86035,6.40,4.80
2009.10.02 07:08:58.998,0.86005,0.86035,7.20,4.00
2009.10.02 07:08:59.168,0.8601,0.86035,3.20,1.00
2009.10.02 07:08:59.398,0.8601,0.8604,2.40,8.00
2009.10.02 07:08:59.628,0.8601,0.86035,2.40,4.00
2009.10.02 07:08:59.967,0.8601,0.8604,6.40,4.00
2009.10.02 07:09:00.317,0.8601,0.86035,7.20,2.40
2009.10.02 07:09:00.657,0.8601,0.86035,4.80,2.40
2009.10.02 07:09:01.009,0.8601,0.86035,4.80,3.20
2009.10.02 07:09:01.417,0.8601,0.86035,1.00,2.40
2009.10.02 07:09:01.757,0.8601,0.86035,1.00,2.50
2009.10.02 07:09:02.037,0.8601,0.86035,1.00,2.40
2009.10.02 07:09:02.327,0.86015,0.8604,1.00,7.20
2009.10.02 07:09:02.607,0.86015,0.8604,1.00,7.30
2009.10.02 07:09:02.887,0.86015,0.8604,1.00,7.20
2009.10.02 07:09:03.177,0.86015,0.8604,3.20,7.20
2009.10.02 07:09:03.477,0.86015,0.8604,2.40,3.20
2009.10.02 07:09:03.817,0.86015,0.8604,3.20,3.20
2009.10.02 07:09:04.396,0.86015,0.8604,3.20,7.30
2009.10.02 07:09:04.926,0.86015,0.86035,4.00,1.00
2009.10.02 07:09:05.276,0.86015,0.86035,1.00,1.00
2009.10.02 07:09:05.956,0.86015,0.86035,1.00,2.40
2009.10.02 07:09:06.296,0.86015,0.8604,1.00,7.30
2009.10.02 07:09:06.596,0.86015,0.8603,1.00,1.00
2009.10.02 07:09:08.146,0.86015,0.86035,1.00,4.10
2009.10.02 07:09:08.385,0.86015,0.86035,1.20,4.00
2009.10.02 07:09:08.555,0.86015,0.8603,4.40,1.00
2009.10.02 07:09:08.735,0.86015,0.86035,1.20,4.00
2009.10.02 07:09:08.975,0.86015,0.8603,4.40,1.00
2009.10.02 07:09:09.505,0.86015,0.8603,1.20,1.00
2009.10.02 07:09:09.855,0.86015,0.8603,1.00,1.00
2009.10.02 07:09:11.675,0.86015,0.8603,4.00,1.00
2009.10.02 07:09:12.924,0.86015,0.8603,1.00,1.00
2009.10.02 07:09:13.724,0.86015,0.8603,4.00,1.00
2009.10.02 07:09:14.194,0.86015,0.86035,4.40,4.00
2009.10.02 07:09:14.654,0.86015,0.86035,1.00,7.20
2009.10.02 07:09:15.004,0.86005,0.86035,2.40,9.60
2009.10.02 07:09:15.354,0.86005,0.86035,2.40,17.70
2009.10.02 07:09:15.694,0.86,0.8603,1.60,7.20
2009.10.02 07:09:16.443,0.86,0.8603,1.00,8.10
2009.10.02 07:09:16.793,0.86,0.8603,3.20,8.10
2009.10.02 07:09:17.823,0.86,0.8603,7.20,8.10
2009.10.02 07:09:18.123,0.86,0.8603,3.20,8.10
2009.10.02 07:09:18.473,0.86,0.8603,7.20,4.10
2009.10.02 07:09:20.283,0.86,0.8603,4.80,4.10
2009.10.02 07:09:20.623,0.86,0.8603,1.00,8.10
2009.10.02 07:09:21.013,0.86,0.8603,1.00,8.20
2009.10.02 07:09:21.413,0.85995,0.86025,5.20,4.90
2009.10.02 07:09:21.642,0.85995,0.8602,1.00,4.10
2009.10.02 07:09:21.822,0.85995,0.8602,1.00,4.00
2009.10.02 07:09:22.352,0.85995,0.8602,1.00,8.10
2009.10.02 07:09:23.342,0.8599,0.8602,6.80,8.10
2009.10.02 07:09:23.562,0.8599,0.8602,6.40,8.10
2009.10.02 07:09:23.862,0.8599,0.8602,6.40,8.00
2009.10.02 07:09:24.931,0.85995,0.8602,3.20,4.00
2009.10.02 07:09:25.221,0.85995,0.86025,3.20,8.00
2009.10.02 07:09:25.441,0.85995,0.86025,3.20,8.10
2009.10.02 07:09:25.611,0.85995,0.86025,4.80,8.10
2009.10.02 07:09:26.581,0.8599,0.86025,7.20,8.90
2009.10.02 07:09:26.981,0.85995,0.86025,1.00,8.10
2009.10.02 07:09:28.750,0.85995,0.86025,4.80,4.10
2009.10.02 07:09:29.210,0.85995,0.86025,1.00,8.00
2009.10.02 07:09:29.441,0.85995,0.86025,3.30,8.00
2009.10.02 07:09:29.800,0.85995,0.86025,3.20,8.00
2009.10.02 07:09:30.070,0.85995,0.86025,1.00,8.10
2009.10.02 07:09:31.110,0.85995,0.86025,1.00,8.20
2009.10.02 07:09:32.420,0.85995,0.86025,1.00,15.30
2009.10.02 07:09:33.579,0.85995,0.86025,2.40,16.10
2009.10.02 07:09:33.760,0.85995,0.86025,4.80,15.20
2009.10.02 07:09:33.939,0.85995,0.86025,4.00,16.00
2009.10.02 07:09:34.159,0.85995,0.8602,5.20,4.00
2009.10.02 07:09:34.320,0.85995,0.8602,1.00,4.00
2009.10.02 07:09:34.499,0.8599,0.8602,3.60,6.50
2009.10.02 07:09:34.669,0.8599,0.8602,3.20,6.50
2009.10.02 07:09:35.009,0.8599,0.8602,7.20,6.50
2009.10.02 07:09:35.359,0.85995,0.8602,2.40,6.50
2009.10.02 07:09:36.099,0.85995,0.86015,1.00,1.00
2009.10.02 07:09:36.439,0.8599,0.8602,3.20,6.50
2009.10.02 07:09:37.248,0.8599,0.8602,3.20,6.40
2009.10.02 07:09:37.578,0.8599,0.8602,3.20,6.50
2009.10.02 07:09:38.368,0.8599,0.8602,3.20,6.60
2009.10.02 07:09:38.888,0.8599,0.8602,3.20,6.50
2009.10.02 07:09:39.228,0.85985,0.86015,11.40,3.20
2009.10.02 07:09:39.518,0.85985,0.86015,11.80,3.30
2009.10.02 07:09:39.848,0.8599,0.86015,2.40,4.00
2009.10.02 07:09:40.198,0.8599,0.86015,2.40,1.00
2009.10.02 07:09:40.538,0.8599,0.86015,4.00,1.00
2009.10.02 07:09:40.888,0.85995,0.8602,2.40,6.40
2009.10.02 07:09:41.228,0.8599,0.8602,3.20,6.50
2009.10.02 07:09:41.587,0.85995,0.86015,1.00,1.00
2009.10.02 07:09:41.927,0.85995,0.8602,1.00,2.50
2009.10.02 07:09:42.487,0.85995,0.8602,1.00,6.50
2009.10.02 07:09:42.767,0.85995,0.8602,1.00,2.50
2009.10.02 07:09:43.057,0.85995,0.8602,1.00,6.60
2009.10.02 07:09:43.667,0.8599,0.8602,3.60,6.60
2009.10.02 07:09:43.997,0.8599,0.8602,3.20,6.50
2009.10.02 07:09:46.386,0.8599,0.8602,6.80,6.50
2009.10.02 07:09:46.626,0.85995,0.8602,1.00,6.60
2009.10.02 07:09:47.096,0.85995,0.8602,3.20,6.50
2009.10.02 07:09:47.396,0.85995,0.8602,1.00,6.60
2009.10.02 07:09:48.246,0.85995,0.8602,1.00,6.50
2009.10.02 07:09:48.536,0.85995,0.8602,1.00,6.60
2009.10.02 07:09:48.886,0.8599,0.8602,2.80,7.40
2009.10.02 07:09:49.166,0.85985,0.86015,16.60,2.50
2009.10.02 07:09:49.456,0.85985,0.86015,12.00,2.50
2009.10.02 07:09:49.745,0.85985,0.86015,9.60,2.50
2009.10.02 07:09:50.555,0.85985,0.86015,8.00,4.90
2009.10.02 07:09:50.826,0.8598,0.86005,4.00,2.50
2009.10.02 07:09:51.046,0.85975,0.86005,9.60,2.50
2009.10.02 07:09:51.315,0.85975,0.86005,9.60,2.40
2009.10.02 07:09:51.645,0.85975,0.86005,9.60,2.50
2009.10.02 07:09:52.335,0.85975,0.86005,9.70,2.40
2009.10.02 07:09:53.025,0.85975,0.86005,9.60,2.50
2009.10.02 07:09:54.405,0.85975,0.86005,9.60,4.90
2009.10.02 07:09:54.864,0.85975,0.86005,9.60,8.90
2009.10.02 07:09:55.324,0.85975,0.86005,9.60,4.90
2009.10.02 07:09:55.784,0.85975,0.86005,9.60,5.70
2009.10.02 07:09:56.014,0.85975,0.86005,9.60,4.90
2009.10.02 07:09:56.804,0.8598,0.86005,4.80,2.40
2009.10.02 07:09:57.144,0.8598,0.8601,4.80,9.20
2009.10.02 07:09:57.484,0.85985,0.8601,1.60,5.20
2009.10.02 07:09:57.814,0.85985,0.8601,4.80,3.20
2009.10.02 07:09:58.203,0.85985,0.8601,4.80,2.40
2009.10.02 07:09:58.833,0.85985,0.8601,8.00,2.40
2009.10.02 07:09:59.123,0.8599,0.86015,3.20,6.40
2009.10.02 07:09:59.403,0.85985,0.8601,4.00,4.80
2009.10.02 07:09:59.693,0.8598,0.8601,3.20,9.60
2009.10.02 07:10:02.542,0.8598,0.8601,6.40,8.00
2009.10.02 07:10:02.773,0.8599,0.8601,1.00,4.80
2009.10.02 07:10:03.002,0.8599,0.86015,1.00,7.20
2009.10.02 07:10:03.852,0.8599,0.8601,1.00,1.00
2009.10.02 07:10:04.142,0.8599,0.86015,1.00,7.20
2009.10.02 07:10:05.312,0.85985,0.8601,5.20,2.40
2009.10.02 07:10:05.662,0.85985,0.8601,1.00,2.40
2009.10.02 07:10:07.721,0.8599,0.8601,1.60,2.40
2009.10.02 07:10:07.961,0.85995,0.86015,1.00,4.00
2009.10.02 07:10:09.081,0.85995,0.86015,1.00,4.10
2009.10.02 07:10:09.191,0.85995,0.8601,1.00,1.60
2009.10.02 07:10:09.251,0.85995,0.8601,1.00,2.40
2009.10.02 07:10:09.301,0.85995,0.8601,1.00,8.40
2009.10.02 07:10:09.421,0.85995,0.8601,1.00,4.50
2009.10.02 07:10:09.581,0.8598,0.8601,8.80,4.50
2009.10.02 07:10:10.160,0.8598,0.8601,8.80,8.50
2009.10.02 07:10:10.500,0.8598,0.86005,4.80,4.00
2009.10.02 07:10:10.840,0.8598,0.86005,4.00,4.00
2009.10.02 07:10:11.360,0.85975,0.86005,8.80,4.90
2009.10.02 07:10:11.640,0.85975,0.86005,4.80,9.70
2009.10.02 07:10:16.529,0.85975,0.86005,8.80,4.80
2009.10.02 07:10:16.880,0.8598,0.8601,3.20,12.40
2009.10.02 07:10:17.219,0.8598,0.8601,3.20,12.30
2009.10.02 07:10:18.259,0.8598,0.8601,3.60,12.30
2009.10.02 07:10:18.609,0.8598,0.8601,3.20,12.30
2009.10.02 07:10:19.238,0.85985,0.8601,1.00,12.30
2009.10.02 07:10:20.518,0.8598,0.8601,3.20,12.30
2009.10.02 07:10:20.748,0.85985,0.8601,1.00,12.30
2009.10.02 07:10:21.048,0.85985,0.86005,1.00,4.00
2009.10.02 07:10:22.288,0.85975,0.86005,8.90,5.20
2009.10.02 07:10:22.578,0.85975,0.86005,4.90,8.40
2009.10.02 07:10:23.088,0.85975,0.86005,4.80,8.50
2009.10.02 07:10:23.797,0.85975,0.86005,8.80,9.30
2009.10.02 07:10:24.147,0.85975,0.86005,4.80,9.30
2009.10.02 07:10:24.327,0.85975,0.85995,2.40,4.00
2009.10.02 07:10:24.497,0.85975,0.85995,3.20,4.00
2009.10.02 07:10:24.667,0.85975,0.85995,1.00,4.00
2009.10.02 07:10:24.837,0.8597,0.85995,3.60,4.00
2009.10.02 07:10:25.007,0.8597,0.85995,1.20,8.00
2009.10.02 07:10:25.177,0.8597,0.85995,3.20,5.60
2009.10.02 07:10:25.517,0.85975,0.85995,1.00,4.00
2009.10.02 07:10:25.867,0.85975,0.86,4.80,4.00
2009.10.02 07:10:28.456,0.85975,0.86,4.80,6.40
2009.10.02 07:10:34.435,0.85975,0.86,4.80,2.40
2009.10.02 07:10:34.545,0.85975,0.86,4.80,2.60
2009.10.02 07:10:34.655,0.85975,0.85995,3.20,4.00
2009.10.02 07:10:34.715,0.85975,0.85995,1.00,6.40
2009.10.02 07:10:34.835,0.85975,0.85995,1.00,2.40
2009.10.02 07:10:36.544,0.85975,0.86,1.00,6.40
2009.10.02 07:10:37.444,0.85975,0.86,1.00,2.40
2009.10.02 07:10:38.074,0.85975,0.86,1.00,6.40
2009.10.02 07:10:38.824,0.85975,0.85995,1.00,2.40
2009.10.02 07:10:40.963,0.85975,0.86,1.00,2.40
2009.10.02 07:10:41.243,0.85975,0.86,1.00,6.40
2009.10.02 07:10:48.802,0.85975,0.86,1.00,2.40
2009.10.02 07:10:49.041,0.85975,0.86,1.00,6.40
2009.10.02 07:10:49.511,0.85975,0.86,3.20,6.40
2009.10.02 07:10:49.691,0.8598,0.86,1.00,6.40
2009.10.02 07:10:49.861,0.8598,0.86,1.00,2.40
2009.10.02 07:10:50.711,0.8598,0.86,4.00,2.40
2009.10.02 07:10:50.931,0.85985,0.86005,1.00,3.20
2009.10.02 07:10:51.111,0.85985,0.86005,1.00,2.40
2009.10.02 07:10:56.860,0.85985,0.8601,3.20,8.00
2009.10.02 07:10:57.150,0.85985,0.8601,1.00,7.20
2009.10.02 07:10:57.839,0.8599,0.8601,2.40,6.40
2009.10.02 07:10:58.189,0.8599,0.86015,4.80,12.80
2009.10.02 07:10:58.539,0.8599,0.86015,4.80,8.80
2009.10.02 07:10:59.599,0.85995,0.86015,1.00,6.40
2009.10.02 07:10:59.949,0.85995,0.8602,1.00,9.60
2009.10.02 07:11:01.419,0.85995,0.8602,1.00,9.70
2009.10.02 07:11:02.188,0.85995,0.8602,1.00,8.10
2009.10.02 07:11:02.458,0.86005,0.8602,1.00,4.00
2009.10.02 07:11:02.738,0.86005,0.86025,1.00,7.20
2009.10.02 07:11:03.038,0.86005,0.8602,1.00,2.40
2009.10.02 07:11:03.628,0.86005,0.86025,1.00,7.30
2009.10.02 07:11:03.958,0.86005,0.86025,1.00,7.20
2009.10.02 07:11:04.248,0.86,0.86025,1.00,9.60
2009.10.02 07:11:04.528,0.85995,0.86025,1.00,12.60
2009.10.02 07:11:04.758,0.85995,0.8602,1.00,9.60
2009.10.02 07:11:05.287,0.85995,0.86015,1.00,6.40
2009.10.02 07:11:05.987,0.85995,0.8602,1.00,9.70
2009.10.02 07:11:07.027,0.85995,0.86015,1.00,2.40
2009.10.02 07:11:07.787,0.85995,0.86015,1.00,6.40
2009.10.02 07:11:08.337,0.8599,0.86015,1.00,2.40
2009.10.02 07:11:08.697,0.8599,0.8602,2.80,12.30
2009.10.02 07:11:09.086,0.8599,0.86015,1.00,2.40
2009.10.02 07:11:09.436,0.8599,0.86015,1.00,6.40
2009.10.02 07:11:10.296,0.8599,0.86015,4.40,6.40
2009.10.02 07:11:10.826,0.85995,0.86015,1.00,7.20
2009.10.02 07:11:11.156,0.85995,0.86015,1.00,6.40
2009.10.02 07:11:12.526,0.85995,0.86015,1.00,7.20
2009.10.02 07:11:12.875,0.85995,0.86015,1.00,4.00
2009.10.02 07:11:13.225,0.85995,0.8602,1.00,4.00
2009.10.02 07:11:13.505,0.85995,0.8602,1.00,8.00
2009.10.02 07:11:13.855,0.85995,0.8602,1.00,8.80
2009.10.02 07:11:14.245,0.85995,0.8602,1.00,8.80
2009.10.02 07:11:14.485,0.86005,0.86025,1.00,6.40
2009.10.02 07:11:14.995,0.86005,0.86025,1.00,2.40
2009.10.02 07:11:19.534,0.86005,0.8603,4.80,4.80
2009.10.02 07:11:19.764,0.86005,0.8603,8.80,4.00
2009.10.02 07:11:21.473,0.86005,0.8603,9.20,1.60
2009.10.02 07:11:21.864,0.86005,0.8603,8.80,4.00
2009.10.02 07:11:25.283,0.86005,0.8603,6.40,4.00
2009.10.02 07:11:25.633,0.86005,0.86025,1.00,2.40
2009.10.02 07:11:28.512,0.86,0.8603,4.00,6.40
2009.10.02 07:11:28.852,0.86,0.8602,7.20,2.10
2009.10.02 07:11:29.192,0.8599,0.8601,4.80,2.40
2009.10.02 07:11:29.551,0.8599,0.86005,4.00,2.40
2009.10.02 07:11:30.251,0.85985,0.86005,1.00,2.40
2009.10.02 07:11:32.321,0.8599,0.8601,1.00,4.00
2009.10.02 07:11:33.361,0.8599,0.8601,1.00,2.40
2009.10.02 07:11:33.900,0.85985,0.8601,1.00,2.40
2009.10.02 07:11:36.450,0.8598,0.86005,7.60,2.40
2009.10.02 07:11:36.830,0.8598,0.86005,4.80,2.40
2009.10.02 07:11:37.460,0.8598,0.86005,1.00,6.40
2009.10.02 07:11:40.659,0.85985,0.86005,1.00,2.40
2009.10.02 07:11:43.558,0.85985,0.8601,1.00,8.00
2009.10.02 07:11:43.908,0.8598,0.86005,1.00,4.80
2009.10.02 07:11:46.578,0.85975,0.86,1.00,2.40
2009.10.02 07:11:46.808,0.8597,0.86,8.80,5.60
2009.10.02 07:11:47.147,0.8597,0.85995,8.40,2.40
2009.10.02 07:11:49.397,0.8597,0.85995,1.00,2.40
2009.10.02 07:11:49.697,0.8597,0.85995,3.20,6.40
2009.10.02 07:11:50.046,0.8597,0.8599,3.20,12.00
2009.10.02 07:11:50.386,0.8597,0.8599,3.20,4.00
2009.10.02 07:11:50.716,0.8597,0.8599,1.00,4.00
2009.10.02 07:11:51.856,0.8597,0.8599,1.00,8.00
2009.10.02 07:11:52.146,0.8597,0.8599,1.00,4.00
2009.10.02 07:11:52.716,0.8598,0.8599,4.00,4.00
2009.10.02 07:11:53.356,0.8599,0.85995,1.00,12.00
2009.10.02 07:11:53.756,0.85985,0.86,1.00,4.00
2009.10.02 07:11:54.056,0.85985,0.86,6.80,4.00
2009.10.02 07:11:54.376,0.85985,0.86,4.40,4.00
2009.10.02 07:11:54.655,0.85985,0.86,1.00,4.00
2009.10.02 07:11:56.505,0.85985,0.86,4.00,4.00
2009.10.02 07:11:58.005,0.8599,0.86005,1.00,4.00
2009.10.02 07:11:59.295,0.8599,0.8601,1.00,2.40
2009.10.02 07:12:00.474,0.8599,0.86015,6.40,8.00
2009.10.02 07:12:00.824,0.8599,0.86015,1.00,8.00
2009.10.02 07:12:01.524,0.85985,0.86015,3.60,8.00
2009.10.02 07:12:01.814,0.85985,0.86015,7.20,7.30
2009.10.02 07:12:02.274,0.85985,0.86015,3.20,7.30
2009.10.02 07:12:03.603,0.8599,0.86015,3.20,6.40
2009.10.02 07:12:03.774,0.8599,0.86015,8.40,4.00
2009.10.02 07:12:04.004,0.8599,0.8602,8.40,9.70
2009.10.02 07:12:04.703,0.8599,0.8602,12.40,5.70
2009.10.02 07:12:05.043,0.85995,0.8602,1.00,3.30
2009.10.02 07:12:05.523,0.85995,0.86025,7.20,8.10
2009.10.02 07:12:06.263,0.85995,0.86025,4.80,4.10
2009.10.02 07:12:06.953,0.85995,0.86025,4.80,4.20
2009.10.02 07:12:07.302,0.85995,0.86025,4.80,4.10
2009.10.02 07:12:07.602,0.85995,0.86025,4.80,4.20
2009.10.02 07:12:08.002,0.85995,0.86025,4.80,4.10
2009.10.02 07:12:08.402,0.85995,0.86025,5.60,4.10
2009.10.02 07:12:08.792,0.85995,0.86025,4.80,4.00
2009.10.02 07:12:09.032,0.85995,0.86025,4.80,4.10
2009.10.02 07:12:09.852,0.85995,0.86025,4.80,4.20
2009.10.02 07:12:10.202,0.85995,0.86025,1.00,8.20
2009.10.02 07:12:10.542,0.85995,0.86025,4.00,8.10
2009.10.02 07:12:10.892,0.85995,0.86025,4.80,5.60
2009.10.02 07:12:11.282,0.85995,0.86025,4.80,9.70
2009.10.02 07:12:11.631,0.85995,0.86025,1.00,9.70
2009.10.02 07:12:12.951,0.85995,0.8602,1.00,3.20
2009.10.02 07:12:13.232,0.85995,0.8602,4.80,3.20
2009.10.02 07:12:13.521,0.85995,0.8602,4.80,3.30
2009.10.02 07:12:13.811,0.85995,0.8602,4.80,3.20
2009.10.02 07:12:14.101,0.85995,0.86025,4.80,4.10
2009.10.02 07:12:14.401,0.86,0.86025,2.40,3.20
2009.10.02 07:12:14.751,0.86,0.86025,3.20,2.40
2009.10.02 07:12:15.431,0.86,0.86025,7.20,2.40
2009.10.02 07:12:16.470,0.86,0.86025,4.80,2.50
2009.10.02 07:12:16.850,0.86,0.8602,4.80,2.40
2009.10.02 07:12:17.190,0.86,0.8602,1.00,2.40
2009.10.02 07:12:17.530,0.86,0.8602,1.00,1.60
2009.10.02 07:12:18.200,0.86,0.8602,3.20,1.00
2009.10.02 07:12:18.720,0.86,0.86025,3.20,2.40
2009.10.02 07:12:19.050,0.86,0.8603,3.20,10.40
2009.10.02 07:12:19.350,0.86,0.8603,3.20,9.60
2009.10.02 07:12:19.639,0.86,0.8603,3.20,10.40
2009.10.02 07:12:20.749,0.86,0.8603,3.20,9.60
2009.10.02 07:12:21.099,0.86,0.8603,7.20,9.60
2009.10.02 07:12:21.439,0.86,0.8603,3.20,9.60
2009.10.02 07:12:21.739,0.86,0.86025,7.20,2.40
2009.10.02 07:12:26.358,0.86,0.86025,7.20,3.20
2009.10.02 07:12:26.688,0.86,0.86025,1.00,4.00
2009.10.02 07:12:28.477,0.86,0.8603,3.20,9.60
2009.10.02 07:12:28.768,0.86,0.8603,7.20,9.60
2009.10.02 07:12:29.227,0.86,0.8603,10.50,9.20
2009.10.02 07:12:29.457,0.86,0.8603,16.10,4.00
2009.10.02 07:12:29.977,0.86,0.8603,20.10,4.00
2009.10.02 07:12:30.207,0.86,0.8603,16.10,4.00
2009.10.02 07:12:31.187,0.86,0.8603,16.30,4.00
2009.10.02 07:12:34.346,0.8601,0.86035,9.20,4.00
2009.10.02 07:12:34.516,0.8601,0.8604,13.20,4.80
2009.10.02 07:12:34.736,0.86015,0.8604,4.00,5.60
2009.10.02 07:12:34.856,0.86015,0.86035,1.60,2.40
2009.10.02 07:12:34.966,0.8601,0.8604,4.40,6.40
2009.10.02 07:12:35.026,0.8601,0.8603,4.40,5.60
2009.10.02 07:12:35.136,0.8601,0.86025,4.00,4.40
2009.10.02 07:12:35.886,0.8601,0.86025,1.00,4.80
2009.10.02 07:12:36.276,0.86,0.8602,4.00,4.80
2009.10.02 07:12:36.616,0.85995,0.8602,1.00,4.80
2009.10.02 07:12:37.325,0.85995,0.8602,1.00,8.80
2009.10.02 07:12:38.205,0.85995,0.8602,1.00,9.60
2009.10.02 07:12:40.914,0.85995,0.8602,1.00,8.80
2009.10.02 07:12:41.195,0.85995,0.8602,1.00,4.80
2009.10.02 07:12:41.414,0.85995,0.8602,2.40,4.80
2009.10.02 07:12:42.154,0.85995,0.8602,3.20,4.80
2009.10.02 07:12:46.363,0.86,0.86025,1.00,5.20
2009.10.02 07:12:46.713,0.85995,0.86025,3.20,10.00
2009.10.02 07:12:48.953,0.85995,0.8602,3.20,2.40
2009.10.02 07:12:54.231,0.85995,0.8602,3.20,3.20
2009.10.02 07:12:55.481,0.86,0.8602,1.00,3.20
2009.10.02 07:12:56.421,0.86,0.8602,3.20,1.00
2009.10.02 07:12:56.771,0.86,0.86025,3.20,4.80
2009.10.02 07:12:57.111,0.86,0.8603,3.20,4.80
2009.10.02 07:12:57.460,0.86,0.8603,7.20,1.00
2009.10.02 07:12:59.220,0.86,0.8603,7.30,1.60
2009.10.02 07:12:59.340,0.86,0.8603,7.30,4.00
2009.10.02 07:12:59.460,0.86,0.86025,15.20,2.40
2009.10.02 07:12:59.580,0.86005,0.86025,4.00,3.20
2009.10.02 07:13:00.490,0.86,0.86025,3.20,1.00
2009.10.02 07:13:02.569,0.86,0.86025,4.80,1.00
2009.10.02 07:13:03.389,0.86005,0.86025,1.60,2.40
2009.10.02 07:13:05.408,0.86005,0.86025,1.60,3.20
2009.10.02 07:13:06.808,0.86005,0.86025,1.60,2.40
2009.10.02 07:13:20.425,0.86005,0.8603,1.60,8.00
2009.10.02 07:13:20.825,0.86005,0.8603,1.60,4.00
2009.10.02 07:13:21.105,0.86005,0.8603,1.60,8.00
2009.10.02 07:13:23.004,0.86005,0.8603,1.60,8.10
2009.10.02 07:13:24.254,0.8601,0.8603,1.60,7.20
2009.10.02 07:13:24.374,0.8601,0.8603,1.60,3.20
2009.10.02 07:13:25.254,0.86005,0.86025,1.60,2.40
2009.10.02 07:13:30.992,0.86005,0.8603,1.60,8.80
2009.10.02 07:13:31.332,0.86005,0.8603,1.60,4.00
2009.10.02 07:13:33.762,0.86005,0.8603,4.00,3.20
2009.10.02 07:13:33.942,0.86,0.8603,9.20,1.00
2009.10.02 07:13:34.121,0.86005,0.8603,3.20,1.00
2009.10.02 07:13:34.471,0.8601,0.86035,2.40,10.40
2009.10.02 07:13:34.632,0.8601,0.86035,2.40,7.20
2009.10.02 07:13:35.211,0.8601,0.86035,2.40,1.00
2009.10.02 07:13:35.561,0.86005,0.86035,4.00,4.80
2009.10.02 07:13:36.231,0.86,0.8603,6.40,4.00
2009.10.02 07:13:36.581,0.86,0.86035,7.20,8.80
2009.10.02 07:13:37.271,0.86,0.8603,7.20,4.00
2009.10.02 07:13:37.541,0.86,0.86035,7.20,8.80
2009.10.02 07:13:42.319,0.86005,0.86035,1.00,7.20
2009.10.02 07:13:42.620,0.86005,0.86035,7.20,4.00
2009.10.02 07:13:42.889,0.8601,0.8604,3.20,8.30
2009.10.02 07:13:43.449,0.8601,0.8604,7.20,8.30
2009.10.02 07:13:44.060,0.8601,0.8604,7.20,7.20
2009.10.02 07:13:44.979,0.8601,0.8604,7.20,3.20
2009.10.02 07:13:45.309,0.8601,0.8604,7.20,7.20
2009.10.02 07:13:45.489,0.8601,0.8604,3.20,7.20
2009.10.02 07:13:46.179,0.8601,0.8604,4.80,7.30
2009.10.02 07:13:46.529,0.8601,0.8604,1.00,7.30
2009.10.02 07:13:46.759,0.8601,0.8604,1.00,7.20
2009.10.02 07:13:47.578,0.86005,0.8604,7.60,8.00
2009.10.02 07:13:47.938,0.86005,0.86035,12.80,1.00
2009.10.02 07:13:48.298,0.86015,0.8604,9.20,4.00
2009.10.02 07:13:48.638,0.8602,0.8604,2.40,2.40
2009.10.02 07:13:48.928,0.86015,0.8604,4.00,4.80
2009.10.02 07:13:49.218,0.8601,0.86035,6.40,2.40
2009.10.02 07:13:49.498,0.8601,0.86035,2.40,3.20
2009.10.02 07:13:53.857,0.8601,0.86035,2.40,4.80
2009.10.02 07:13:54.087,0.86005,0.8603,4.00,3.60
2009.10.02 07:13:54.307,0.86005,0.86025,1.00,2.40
2009.10.02 07:13:54.657,0.86,0.86025,5.20,3.20
2009.10.02 07:13:54.996,0.86,0.86025,1.00,7.20
2009.10.02 07:13:55.346,0.85995,0.86025,3.60,7.20
2009.10.02 07:13:57.626,0.85995,0.86025,3.20,7.20
2009.10.02 07:13:59.395,0.85995,0.86025,7.20,3.20
2009.10.02 07:13:59.615,0.85995,0.86025,7.20,6.40
2009.10.02 07:14:00.125,0.85995,0.86025,3.20,6.40
2009.10.02 07:14:01.325,0.85995,0.86025,4.00,6.40
2009.10.02 07:14:01.675,0.85995,0.86025,3.20,6.40
2009.10.02 07:14:01.955,0.85995,0.86025,7.20,2.40
2009.10.02 07:14:02.195,0.85995,0.86025,7.20,6.40
2009.10.02 07:14:02.735,0.85995,0.86025,7.20,4.00
2009.10.02 07:14:03.085,0.85995,0.86025,8.00,2.40
2009.10.02 07:14:03.384,0.85995,0.86025,7.20,2.40
2009.10.02 07:14:04.774,0.85995,0.86025,7.20,6.40
2009.10.02 07:14:05.344,0.86,0.86025,2.40,4.00
2009.10.02 07:14:05.584,0.86,0.8603,2.40,9.60
2009.10.02 07:14:05.824,0.86,0.8603,2.40,9.70
2009.10.02 07:14:05.994,0.86,0.8603,2.40,9.60
2009.10.02 07:14:06.224,0.86,0.8603,6.40,9.60
2009.10.02 07:14:06.854,0.86,0.8603,6.40,9.70
2009.10.02 07:14:07.153,0.86,0.8603,4.00,10.00
2009.10.02 07:14:07.434,0.85995,0.86025,7.20,2.40
2009.10.02 07:14:12.003,0.86,0.8603,2.40,9.60
2009.10.02 07:14:12.342,0.86,0.8603,6.40,9.60
2009.10.02 07:14:13.102,0.86,0.8603,8.00,8.80
2009.10.02 07:14:13.402,0.8601,0.8603,2.40,4.00
2009.10.02 07:14:13.742,0.86005,0.8603,2.40,4.80
2009.10.02 07:14:14.032,0.86,0.8603,7.20,4.50
2009.10.02 07:14:14.612,0.86,0.8603,7.20,8.50
2009.10.02 07:14:14.892,0.86,0.8603,7.20,4.50
2009.10.02 07:14:16.961,0.86,0.8603,7.20,4.50
2009.10.02 07:14:17.201,0.86005,0.8603,2.40,4.00
2009.10.02 07:14:19.241,0.86005,0.8603,2.40,4.10
2009.10.02 07:14:19.870,0.86,0.8603,8.00,4.10
2009.10.02 07:14:20.040,0.86,0.8603,7.20,4.50
2009.10.02 07:14:22.500,0.86,0.8603,7.20,5.30
2009.10.02 07:14:22.910,0.86005,0.8603,1.00,5.30
2009.10.02 07:14:23.080,0.86005,0.8603,4.80,4.00
2009.10.02 07:14:23.200,0.86005,0.8603,8.80,4.00
2009.10.02 07:14:24.469,0.86005,0.8603,4.80,4.00
2009.10.02 07:14:26.199,0.86005,0.86025,1.00,2.40
2009.10.02 07:14:35.007,0.86005,0.8603,1.00,4.80
2009.10.02 07:14:35.237,0.86005,0.8603,1.00,4.80
2009.10.02 07:14:41.175,0.8601,0.8603,1.00,2.40
2009.10.02 07:14:41.445,0.86005,0.86035,3.20,7.60
2009.10.02 07:14:41.736,0.86005,0.86035,7.20,7.60
2009.10.02 07:14:42.085,0.86005,0.86035,3.20,7.60
2009.10.02 07:14:42.435,0.86005,0.86035,3.20,8.00
2009.10.02 07:14:42.725,0.86005,0.86035,7.20,4.00
2009.10.02 07:14:43.115,0.86005,0.86035,7.20,8.00
2009.10.02 07:14:44.455,0.86005,0.86035,7.20,4.00
2009.10.02 07:14:44.694,0.8601,0.86035,1.00,7.20
2009.10.02 07:14:45.234,0.8601,0.86035,1.00,7.20
2009.10.02 07:14:45.596,0.8601,0.86035,4.80,3.20
2009.10.02 07:14:45.824,0.8601,0.86035,1.00,7.20
2009.10.02 07:14:46.044,0.8601,0.86035,1.00,7.20
2009.10.02 07:14:48.264,0.8601,0.86035,1.00,7.20
2009.10.02 07:14:48.744,0.86005,0.86035,3.70,7.20
2009.10.02 07:14:50.063,0.86005,0.86035,3.70,7.60
2009.10.02 07:14:50.353,0.86005,0.86035,7.20,7.60
2009.10.02 07:14:51.003,0.86005,0.86035,3.20,7.60
2009.10.02 07:14:52.413,0.86005,0.86035,3.20,9.60
2009.10.02 07:14:53.133,0.86005,0.86035,3.20,9.50
2009.10.02 07:14:55.542,0.86005,0.86035,3.30,9.50
2009.10.02 07:14:55.952,0.86005,0.86035,3.20,9.50
2009.10.02 07:14:56.362,0.86,0.8603,4.80,2.40
2009.10.02 07:14:56.722,0.86,0.8603,5.20,3.20
2009.10.02 07:14:57.072,0.86,0.8603,1.20,7.20
2009.10.02 07:14:58.431,0.86005,0.8603,2.40,4.80
2009.10.02 07:14:58.661,0.86005,0.86035,3.20,8.70
2009.10.02 07:14:59.661,0.86005,0.86035,2.40,9.50
2009.10.02 07:14:59.781,0.86005,0.86035,3.20,9.50
2009.10.02 07:15:00.191,0.86,0.8603,8.00,4.00
2009.10.02 07:15:00.311,0.86,0.8603,3.20,9.30
2009.10.02 07:15:04.170,0.86,0.86025,2.40,1.00
2009.10.02 07:15:04.350,0.85995,0.8602,4.00,4.50
2009.10.02 07:15:04.530,0.8599,0.8602,7.20,5.20
2009.10.02 07:15:04.760,0.8599,0.8602,7.20,5.30
2009.10.02 07:15:04.940,0.85995,0.86025,3.20,8.30
2009.10.02 07:15:05.060,0.85995,0.86025,3.20,7.20
2009.10.02 07:15:06.609,0.85995,0.86025,3.20,7.30
2009.10.02 07:15:06.959,0.85995,0.86025,2.40,8.80
2009.10.02 07:15:07.319,0.85995,0.86025,2.40,14.00
2009.10.02 07:15:07.599,0.85995,0.8602,3.20,1.00
2009.10.02 07:15:07.889,0.85995,0.8602,2.40,1.00
2009.10.02 07:15:09.579,0.85995,0.8602,3.20,1.00
2009.10.02 07:15:09.919,0.85995,0.8602,3.60,1.00
2009.10.02 07:15:10.038,0.86,0.8602,1.00,1.00
2009.10.02 07:15:10.158,0.86,0.86025,1.00,13.10
2009.10.02 07:15:11.488,0.85995,0.86025,3.60,13.10
2009.10.02 07:15:11.718,0.85995,0.86025,3.20,13.20
2009.10.02 07:15:12.008,0.85995,0.86025,3.20,21.10
2009.10.02 07:15:12.288,0.85995,0.86025,3.20,13.10
2009.10.02 07:15:12.578,0.85995,0.86025,3.20,14.70
2009.10.02 07:15:12.808,0.85995,0.8602,8.00,3.20
2009.10.02 07:15:13.038,0.85995,0.8602,4.80,7.20
2009.10.02 07:15:13.258,0.85995,0.8602,4.80,3.20
2009.10.02 07:15:13.438,0.86,0.8602,1.60,1.00
2009.10.02 07:15:14.058,0.86,0.8602,4.80,1.00
2009.10.02 07:15:14.408,0.86,0.86025,2.40,7.30
2009.10.02 07:15:15.087,0.85995,0.8602,4.80,1.00
2009.10.02 07:15:15.427,0.85995,0.8602,5.60,3.60
2009.10.02 07:15:15.787,0.86,0.86025,2.40,3.30
2009.10.02 07:15:16.347,0.85995,0.86025,2.40,16.30
2009.10.02 07:15:16.617,0.85995,0.86025,2.40,16.10
2009.10.02 07:15:16.917,0.85995,0.86025,2.40,17.00
2009.10.02 07:15:17.247,0.85995,0.8602,2.40,7.70
2009.10.02 07:15:17.716,0.85995,0.8602,2.40,7.60
2009.10.02 07:15:18.107,0.85995,0.8602,2.40,7.70
2009.10.02 07:15:18.346,0.85995,0.8602,1.60,8.50
2009.10.02 07:15:18.576,0.8599,0.86015,2.40,4.00
2009.10.02 07:15:18.866,0.85985,0.86015,5.60,8.80
2009.10.02 07:15:19.147,0.85995,0.8601,1.60,1.00
2009.10.02 07:15:19.376,0.85995,0.86015,1.60,7.20
2009.10.02 07:15:19.607,0.85995,0.86015,1.60,1.00
2009.10.02 07:15:26.005,0.85995,0.86015,1.60,3.20
2009.10.02 07:15:27.404,0.85995,0.86015,1.60,1.00
2009.10.02 07:15:28.094,0.85995,0.86015,1.60,3.20
2009.10.02 07:15:33.943,0.85995,0.8602,1.60,7.20
2009.10.02 07:15:34.453,0.85995,0.8602,1.60,3.20
2009.10.02 07:15:36.562,0.85995,0.8602,1.60,7.20
2009.10.02 07:15:38.952,0.85995,0.8602,4.00,5.60
2009.10.02 07:15:39.122,0.85995,0.86015,1.60,2.40
2009.10.02 07:15:39.291,0.85995,0.86015,4.00,1.00
2009.10.02 07:15:39.751,0.85995,0.8602,4.00,4.00
2009.10.02 07:15:40.471,0.85995,0.86015,1.60,1.00
2009.10.02 07:15:46.740,0.85995,0.86015,4.00,1.00
2009.10.02 07:15:47.080,0.85995,0.8602,4.00,3.20
2009.10.02 07:15:47.369,0.85995,0.8602,4.00,4.80
2009.10.02 07:15:47.649,0.85995,0.8602,1.60,5.90
2009.10.02 07:15:47.929,0.85995,0.86015,1.60,1.00
2009.10.02 07:15:48.279,0.85995,0.8602,4.00,3.20
2009.10.02 07:15:48.619,0.85995,0.8602,4.00,4.00
2009.10.02 07:15:48.979,0.85995,0.8602,1.60,4.80
2009.10.02 07:15:49.269,0.85995,0.8602,1.60,4.80
2009.10.02 07:15:49.849,0.85995,0.8602,1.60,8.80
2009.10.02 07:15:50.129,0.85995,0.86015,1.60,1.00
2009.10.02 07:15:51.948,0.85995,0.8602,1.60,8.80
2009.10.02 07:15:52.228,0.85995,0.8602,1.60,8.20
2009.10.02 07:15:52.458,0.85995,0.8602,1.60,8.90
2009.10.02 07:15:53.198,0.85995,0.8602,1.60,8.80
2009.10.02 07:15:53.548,0.85995,0.8602,1.60,8.90
2009.10.02 07:15:53.838,0.85995,0.8602,1.60,8.50
2009.10.02 07:15:54.128,0.85995,0.8602,1.60,11.10
2009.10.02 07:15:54.418,0.85995,0.8602,1.60,10.00
2009.10.02 07:15:56.288,0.8599,0.86015,2.40,2.40
2009.10.02 07:16:02.556,0.8599,0.86015,2.40,3.20
2009.10.02 07:16:02.786,0.85985,0.86005,4.00,2.40
2009.10.02 07:16:03.026,0.85985,0.8601,4.80,6.80
2009.10.02 07:16:03.366,0.85985,0.8601,4.00,5.20
2009.10.02 07:16:03.716,0.8598,0.8601,3.30,9.20
2009.10.02 07:16:04.565,0.8598,0.8601,3.20,9.20
2009.10.02 07:16:08.125,0.8598,0.8601,3.30,9.20
2009.10.02 07:16:08.294,0.8598,0.8601,3.20,9.20
2009.10.02 07:16:08.405,0.8598,0.8601,7.20,5.20
2009.10.02 07:16:08.565,0.8598,0.8601,7.20,5.30
2009.10.02 07:16:08.854,0.8598,0.86005,8.00,1.00
2009.10.02 07:16:09.324,0.8598,0.8601,11.30,4.80
2009.10.02 07:16:09.674,0.8598,0.8601,8.00,8.80
2009.10.02 07:16:10.354,0.8598,0.8601,8.10,8.80
2009.10.02 07:16:11.794,0.8598,0.8601,11.60,7.20
2009.10.02 07:16:12.024,0.85985,0.8601,3.20,4.00
2009.10.02 07:16:12.543,0.85985,0.86015,3.20,8.00
2009.10.02 07:16:15.193,0.85985,0.86015,2.40,8.80
2009.10.02 07:16:15.303,0.8598,0.8601,7.20,4.50
2009.10.02 07:16:15.473,0.8598,0.8601,7.20,5.30
2009.10.02 07:16:15.583,0.8598,0.8601,3.20,9.30
2009.10.02 07:16:18.422,0.8598,0.8601,4.10,8.80
2009.10.02 07:16:18.532,0.8598,0.8601,3.30,9.20
2009.10.02 07:16:18.702,0.8599,0.8601,1.00,9.20
2009.10.02 07:16:18.822,0.8598,0.8601,3.20,9.60
2009.10.02 07:16:19.402,0.8598,0.8601,4.00,9.60
2009.10.02 07:16:19.682,0.85985,0.8601,3.20,3.20
2009.10.02 07:16:19.912,0.85985,0.8601,3.20,2.40
2009.10.02 07:16:21.261,0.8598,0.8601,7.60,2.40
2009.10.02 07:16:21.481,0.8598,0.8601,3.20,9.20
2009.10.02 07:16:24.411,0.8598,0.8601,3.20,9.20
2009.10.02 07:16:24.631,0.85985,0.8601,4.80,8.80
2009.10.02 07:16:24.740,0.85985,0.8601,4.80,4.80
2009.10.02 07:16:26.390,0.85985,0.8601,4.80,3.20
2009.10.02 07:16:26.730,0.85985,0.8601,8.80,4.00
2009.10.02 07:16:27.990,0.85985,0.8601,8.80,4.80
2009.10.02 07:16:28.680,0.85985,0.8601,8.80,4.00
2009.10.02 07:16:30.179,0.8599,0.8601,1.00,1.60
2009.10.02 07:16:30.349,0.8599,0.86015,1.00,3.20
2009.10.02 07:16:30.750,0.8599,0.86015,3.20,3.20
2009.10.02 07:16:31.309,0.8599,0.86015,7.20,3.20
2009.10.02 07:16:31.889,0.8599,0.86015,3.20,3.20
2009.10.02 07:16:32.289,0.8599,0.8602,9.20,8.80
2009.10.02 07:16:32.639,0.85995,0.8602,8.40,1.00
2009.10.02 07:16:32.999,0.86,0.86025,4.80,4.00
2009.10.02 07:16:33.159,0.86,0.86025,5.60,2.40
2009.10.02 07:16:33.329,0.86,0.86025,4.00,4.00
2009.10.02 07:16:33.499,0.85995,0.86025,9.70,4.80
2009.10.02 07:16:33.788,0.85995,0.86025,9.60,4.80
2009.10.02 07:16:34.288,0.85995,0.86025,8.00,6.20
2009.10.02 07:16:34.638,0.8599,0.8602,6.40,3.70
2009.10.02 07:16:34.988,0.85985,0.86015,9.60,4.00
2009.10.02 07:16:35.338,0.8599,0.86015,4.00,4.10
2009.10.02 07:16:35.578,0.85985,0.86015,9.60,4.00
2009.10.02 07:16:36.098,0.85985,0.86015,9.60,4.00
2009.10.02 07:16:36.738,0.85985,0.86015,17.60,4.00
2009.10.02 07:16:37.088,0.8599,0.86015,2.40,4.00
2009.10.02 07:16:37.438,0.8599,0.8602,8.10,4.80
2009.10.02 07:16:37.738,0.8599,0.8602,8.00,4.80
2009.10.02 07:16:37.977,0.8599,0.8602,8.00,1.00
2009.10.02 07:16:38.497,0.8599,0.8602,16.80,1.00
2009.10.02 07:16:38.897,0.8599,0.86025,8.10,10.00
2009.10.02 07:16:39.767,0.8599,0.86025,8.00,10.00
2009.10.02 07:16:40.517,0.85995,0.86025,1.00,9.20
2009.10.02 07:16:40.757,0.85995,0.86025,4.80,9.30
2009.10.02 07:16:40.986,0.85995,0.86025,4.80,9.20
2009.10.02 07:16:41.267,0.85995,0.86025,4.80,9.30
2009.10.02 07:16:41.497,0.85995,0.86025,1.60,10.40
2009.10.02 07:16:41.846,0.8599,0.8602,8.80,5.20
2009.10.02 07:16:42.206,0.8599,0.8602,2.40,9.20
2009.10.02 07:16:42.556,0.8599,0.8602,4.00,13.20
2009.10.02 07:16:42.896,0.85985,0.86015,6.40,9.60
2009.10.02 07:16:43.226,0.85985,0.86015,9.20,4.80
2009.10.02 07:16:43.516,0.85985,0.86015,8.80,4.80
2009.10.02 07:16:44.026,0.85985,0.86015,12.00,4.80
2009.10.02 07:16:44.316,0.8599,0.86015,3.20,3.20
2009.10.02 07:16:44.556,0.8599,0.86015,3.20,2.40
2009.10.02 07:16:44.776,0.8599,0.86015,3.60,2.40
2009.10.02 07:16:45.516,0.8599,0.86015,7.60,2.40
2009.10.02 07:16:45.815,0.8599,0.86015,3.60,2.40
2009.10.02 07:16:46.105,0.8599,0.86015,2.80,2.40
2009.10.02 07:16:46.385,0.85985,0.86015,4.80,9.60
2009.10.02 07:16:47.455,0.85985,0.8601,1.60,4.40
2009.10.02 07:16:47.755,0.85985,0.8601,4.90,2.40
2009.10.02 07:16:48.095,0.85985,0.8601,4.80,2.40
2009.10.02 07:16:50.374,0.8599,0.86015,3.20,3.20
2009.10.02 07:16:50.664,0.8599,0.86015,6.80,2.40
2009.10.02 07:16:53.313,0.8599,0.86015,1.00,4.00
2009.10.02 07:16:53.534,0.8599,0.86015,1.00,4.80
2009.10.02 07:16:53.763,0.8599,0.86015,3.60,2.40
2009.10.02 07:16:53.994,0.8599,0.8602,3.20,7.30
2009.10.02 07:16:54.343,0.8599,0.8602,3.20,11.20
2009.10.02 07:16:54.623,0.8599,0.8602,3.20,7.20
2009.10.02 07:16:55.203,0.85995,0.86025,4.80,13.20
2009.10.02 07:16:58.092,0.85995,0.86025,4.80,10.80
2009.10.02 07:16:58.663,0.85995,0.86025,4.80,10.70
2009.10.02 07:16:58.962,0.85995,0.8602,1.60,5.20
2009.10.02 07:16:59.592,0.85995,0.8602,1.60,8.40
2009.10.02 07:16:59.862,0.85995,0.8602,1.60,4.40
2009.10.02 07:17:00.152,0.85995,0.8602,1.60,4.40
2009.10.02 07:17:00.482,0.85995,0.8602,1.60,5.30
2009.10.02 07:17:03.031,0.85995,0.8602,1.60,5.20
2009.10.02 07:17:03.211,0.8599,0.86015,4.80,4.80
2009.10.02 07:17:03.391,0.8599,0.86015,1.00,4.80
2009.10.02 07:17:04.601,0.85985,0.86015,18.60,4.80
2009.10.02 07:17:04.821,0.85985,0.86015,18.20,4.80
2009.10.02 07:17:04.941,0.85985,0.86015,15.80,4.80
2009.10.02 07:17:05.841,0.8599,0.86015,1.00,4.80
2009.10.02 07:17:06.800,0.85985,0.8601,12.50,4.00
2009.10.02 07:17:07.090,0.85985,0.86005,4.00,5.20
2009.10.02 07:17:07.370,0.85975,0.86,12.80,4.00
2009.10.02 07:17:07.660,0.85975,0.86,8.80,2.40
2009.10.02 07:17:07.890,0.85975,0.86,8.90,2.40
2009.10.02 07:17:12.459,0.85975,0.86,8.80,2.40
2009.10.02 07:17:12.739,0.85975,0.85995,8.40,2.40
2009.10.02 07:17:13.379,0.8598,0.85995,1.00,4.00
2009.10.02 07:17:13.489,0.8597,0.8599,6.50,1.60
2009.10.02 07:17:13.879,0.8597,0.8599,4.00,4.80
2009.10.02 07:17:13.989,0.8597,0.85985,4.00,4.10
2009.10.02 07:17:14.338,0.85965,0.85985,1.00,4.00
2009.10.02 07:17:14.688,0.85965,0.85985,1.00,2.40
2009.10.02 07:17:15.038,0.85965,0.85985,1.00,4.00
2009.10.02 07:17:15.379,0.85965,0.85985,1.00,8.00
2009.10.02 07:17:15.678,0.85965,0.8599,1.00,8.10
2009.10.02 07:17:16.548,0.85965,0.8599,1.00,4.00
2009.10.02 07:17:16.778,0.85965,0.8599,1.00,8.00
2009.10.02 07:17:17.598,0.85965,0.8599,1.00,8.00
2009.10.02 07:17:17.828,0.85965,0.8599,1.00,9.80
2009.10.02 07:17:18.128,0.85965,0.85985,1.00,12.80
2009.10.02 07:17:18.368,0.85965,0.8599,1.00,8.00
2009.10.02 07:17:18.937,0.85965,0.8599,1.00,8.80
2009.10.02 07:17:19.177,0.85965,0.8599,1.00,17.80
2009.10.02 07:17:19.997,0.85965,0.8599,1.00,17.90
2009.10.02 07:17:20.117,0.85965,0.8599,1.00,17.10
2009.10.02 07:17:21.407,0.8596,0.85985,1.20,6.40
2009.10.02 07:17:21.637,0.8596,0.85985,1.00,8.80
2009.10.02 07:17:22.578,0.8596,0.85985,4.00,16.80
2009.10.02 07:17:23.156,0.8597,0.8598,1.00,4.00
2009.10.02 07:17:23.386,0.8597,0.8599,4.00,2.40
2009.10.02 07:17:23.796,0.8597,0.8599,1.00,2.40
2009.10.02 07:17:24.007,0.8597,0.8599,1.00,3.20
2009.10.02 07:17:24.746,0.8597,0.85995,1.00,5.20
2009.10.02 07:17:25.046,0.85975,0.85995,1.20,1.00
2009.10.02 07:17:25.396,0.8598,0.86,1.00,3.30
2009.10.02 07:17:25.746,0.8599,0.86005,1.00,1.00
2009.10.02 07:17:26.146,0.85995,0.86015,4.40,7.60
2009.10.02 07:17:26.476,0.85995,0.86015,1.00,3.20
2009.10.02 07:17:26.825,0.85995,0.86015,2.40,4.80
2009.10.02 07:17:27.156,0.8601,0.8602,1.00,4.00
2009.10.02 07:17:27.515,0.8601,0.86025,1.00,7.70
2009.10.02 07:17:27.865,0.8601,0.86025,1.00,3.20
2009.10.02 07:17:28.265,0.8601,0.86025,1.00,2.40
2009.10.02 07:17:28.675,0.8601,0.86025,1.00,2.50
2009.10.02 07:17:28.855,0.8601,0.86025,1.00,2.40
2009.10.02 07:17:29.035,0.8601,0.86025,1.00,7.30
2009.10.02 07:17:29.205,0.86,0.8602,1.00,1.00
2009.10.02 07:17:29.375,0.86,0.8602,1.00,3.20
2009.10.02 07:17:29.675,0.86,0.8602,1.00,4.00
2009.10.02 07:17:30.575,0.8601,0.8602,1.00,1.00
2009.10.02 07:17:30.915,0.86,0.8602,1.00,2.40
2009.10.02 07:17:31.145,0.86,0.8602,1.00,3.20
2009.10.02 07:17:31.844,0.8599,0.86015,4.80,4.40
2009.10.02 07:17:32.204,0.8599,0.8601,4.80,3.20
2009.10.02 07:17:32.545,0.8598,0.8601,7.60,4.00
2009.10.02 07:17:32.894,0.8598,0.8601,3.20,9.00
2009.10.02 07:17:33.814,0.8598,0.86005,6.80,3.20
2009.10.02 07:17:34.574,0.8598,0.86005,4.00,4.80
2009.10.02 07:17:34.854,0.8599,0.86005,1.00,3.20
2009.10.02 07:17:34.964,0.8599,0.86005,1.00,7.20
2009.10.02 07:17:35.254,0.8599,0.86,1.00,2.40
2009.10.02 07:17:35.423,0.8598,0.86,1.00,3.20
2009.10.02 07:17:37.043,0.8598,0.86,1.00,3.30
2009.10.02 07:17:37.733,0.8598,0.86,1.00,3.20
2009.10.02 07:17:38.093,0.8598,0.86,1.00,3.30
2009.10.02 07:17:38.423,0.8598,0.86,1.00,3.20
2009.10.02 07:17:38.883,0.8598,0.86,1.00,3.30
2009.10.02 07:17:39.353,0.85975,0.86,1.20,3.30
2009.10.02 07:17:39.703,0.85975,0.86,6.00,3.30
2009.10.02 07:17:39.873,0.8598,0.86,2.40,3.20
2009.10.02 07:17:40.052,0.8598,0.86,2.40,3.30
2009.10.02 07:17:40.732,0.8598,0.86,2.40,3.20
2009.10.02 07:17:42.482,0.8598,0.86,2.40,3.30
2009.10.02 07:17:42.782,0.8598,0.86,2.40,3.20
2009.10.02 07:17:45.261,0.8598,0.86,1.60,3.20
2009.10.02 07:17:45.311,0.85975,0.86,2.40,3.60
2009.10.02 07:17:45.601,0.8598,0.86,1.00,3.60
2009.10.02 07:17:45.781,0.8598,0.86,2.40,3.20
2009.10.02 07:17:46.531,0.8598,0.86,2.40,2.40
2009.10.02 07:17:47.221,0.85985,0.86005,1.60,7.20
2009.10.02 07:17:47.560,0.85985,0.86005,1.60,3.20
2009.10.02 07:17:48.420,0.85985,0.86005,1.60,2.40
2009.10.02 07:17:48.640,0.85985,0.86005,1.60,3.20
2009.10.02 07:17:48.860,0.85985,0.86005,1.60,3.30
2009.10.02 07:17:49.080,0.8598,0.86005,2.40,8.00
2009.10.02 07:17:50.340,0.8598,0.86005,1.60,8.00
2009.10.02 07:17:50.620,0.8598,0.86005,1.60,18.40
2009.10.02 07:17:51.150,0.8598,0.86,1.60,4.00
2009.10.02 07:17:52.659,0.85975,0.85995,2.40,3.60
2009.10.02 07:17:52.949,0.8597,0.85995,5.60,5.20
2009.10.02 07:17:53.179,0.8597,0.8599,2.40,2.40
2009.10.02 07:17:53.469,0.8597,0.8599,2.40,2.40
2009.10.02 07:17:55.619,0.8597,0.8599,5.60,2.40
2009.10.02 07:17:55.969,0.8598,0.85995,1.60,2.40
2009.10.02 07:17:56.668,0.8598,0.86,1.60,7.20
2009.10.02 07:17:57.018,0.85975,0.8599,1.60,2.50
2009.10.02 07:17:58.678,0.85975,0.8599,1.60,2.40
2009.10.02 07:17:58.978,0.85975,0.8599,1.60,2.50
2009.10.02 07:17:59.538,0.85975,0.8599,1.60,1.00
2009.10.02 07:17:59.777,0.85975,0.85995,1.60,7.70
2009.10.02 07:18:00.178,0.85975,0.85995,1.60,3.70
2009.10.02 07:18:01.877,0.8598,0.85995,1.60,3.30
2009.10.02 07:18:02.207,0.8598,0.86,1.60,8.80
2009.10.02 07:18:02.547,0.8598,0.86,1.60,7.70
2009.10.02 07:18:03.527,0.8597,0.8599,5.60,2.80
2009.10.02 07:18:03.767,0.8597,0.8599,1.60,3.80
2009.10.02 07:18:04.057,0.8597,0.8599,1.60,7.60
2009.10.02 07:18:04.687,0.8597,0.8599,2.40,7.60
2009.10.02 07:18:05.026,0.8597,0.8599,1.60,7.70
2009.10.02 07:18:05.306,0.8597,0.8599,1.60,7.60
2009.10.02 07:18:05.586,0.8597,0.8599,1.60,7.70
2009.10.02 07:18:05.816,0.8597,0.8599,1.60,7.60
2009.10.02 07:18:06.116,0.8597,0.8599,1.60,7.70
2009.10.02 07:18:06.796,0.8597,0.8599,1.60,7.60
2009.10.02 07:18:07.846,0.8597,0.8599,1.60,7.80
2009.10.02 07:18:08.145,0.8597,0.8599,1.60,7.70
2009.10.02 07:18:08.846,0.8597,0.8599,6.00,1.00
2009.10.02 07:18:09.426,0.85975,0.85995,2.40,7.20
2009.10.02 07:18:09.815,0.85975,0.85995,2.40,3.20
2009.10.02 07:18:10.345,0.85975,0.85995,2.40,7.20
2009.10.02 07:18:10.635,0.85975,0.85995,1.60,7.20
2009.10.02 07:18:11.335,0.8597,0.85995,1.60,8.00
2009.10.02 07:18:11.555,0.8597,0.85995,1.60,4.00
2009.10.02 07:18:12.594,0.8597,0.85995,1.60,17.00
2009.10.02 07:18:12.994,0.8597,0.8599,1.60,7.30
2009.10.02 07:18:15.974,0.8597,0.8599,1.60,7.20
2009.10.02 07:18:16.153,0.85965,0.85985,1.60,2.40
2009.10.02 07:18:16.314,0.85965,0.85985,1.60,3.20
2009.10.02 07:18:16.773,0.85965,0.85985,2.40,3.20
2009.10.02 07:18:17.704,0.85965,0.85985,2.40,2.40
2009.10.02 07:18:19.453,0.85965,0.8599,4.80,7.30
2009.10.02 07:18:19.943,0.8597,0.8599,1.60,3.30
2009.10.02 07:18:20.563,0.8597,0.8599,1.60,1.00
2009.10.02 07:18:20.913,0.8597,0.85995,4.00,3.20
2009.10.02 07:18:23.532,0.8597,0.85995,8.40,3.20
2009.10.02 07:18:24.621,0.8597,0.85995,5.20,3.20
2009.10.02 07:18:25.251,0.8597,0.85995,1.60,7.20
2009.10.02 07:18:25.471,0.8597,0.85995,1.60,7.20
2009.10.02 07:18:26.431,0.8597,0.85995,1.60,7.20
2009.10.02 07:18:29.701,0.8597,0.85995,4.00,7.20
2009.10.02 07:18:29.871,0.85975,0.85995,1.60,3.20
2009.10.02 07:18:31.010,0.85975,0.85995,1.60,7.20
2009.10.02 07:18:31.310,0.85975,0.85995,1.60,7.30
2009.10.02 07:18:36.659,0.8597,0.85995,1.60,9.30
2009.10.02 07:18:39.368,0.8597,0.8599,2.40,3.30
2009.10.02 07:18:39.668,0.85975,0.85995,1.60,7.20
2009.10.02 07:18:39.998,0.85975,0.85995,1.60,3.20
2009.10.02 07:18:40.578,0.8598,0.85995,1.60,3.20
2009.10.02 07:18:41.548,0.85975,0.85995,1.60,7.40
2009.10.02 07:18:41.888,0.8598,0.8599,1.60,1.00
2009.10.02 07:18:42.227,0.8598,0.85995,1.60,7.30
2009.10.02 07:18:42.517,0.85975,0.85995,1.60,7.70
2009.10.02 07:18:43.997,0.85975,0.8599,1.60,2.90
2009.10.02 07:18:44.277,0.85975,0.8599,1.60,1.00
2009.10.02 07:18:44.397,0.85975,0.8599,5.60,1.00
2009.10.02 07:18:44.457,0.8598,0.8599,1.60,1.00
2009.10.02 07:18:44.677,0.8598,0.85995,1.60,3.20
2009.10.02 07:18:46.157,0.8598,0.85995,1.60,3.30
2009.10.02 07:18:46.506,0.8598,0.85995,1.60,3.20
2009.10.02 07:18:48.396,0.85975,0.85995,1.60,3.60
2009.10.02 07:18:49.925,0.85975,0.85995,2.40,7.60
2009.10.02 07:18:50.046,0.85975,0.85995,2.40,7.20
2009.10.02 07:18:50.106,0.8598,0.85995,1.60,3.20
2009.10.02 07:18:50.225,0.8598,0.85995,1.60,2.40
2009.10.02 07:18:50.345,0.8598,0.85995,2.40,2.40
2009.10.02 07:18:53.195,0.85985,0.85995,1.60,2.40
2009.10.02 07:18:53.545,0.85975,0.85995,5.60,2.40
2009.10.02 07:18:53.715,0.85975,0.85995,1.60,2.40
2009.10.02 07:18:53.895,0.85975,0.85995,1.60,2.50
2009.10.02 07:18:54.884,0.85975,0.85995,2.40,2.50
2009.10.02 07:18:55.644,0.85975,0.85995,1.60,2.50
2009.10.02 07:18:55.824,0.85975,0.8599,1.60,4.00
2009.10.02 07:18:55.994,0.85975,0.85985,1.60,3.20
2009.10.02 07:18:56.214,0.85965,0.8598,1.60,3.20
2009.10.02 07:18:56.384,0.85965,0.8598,1.60,2.40
2009.10.02 07:18:57.794,0.8596,0.8598,1.60,2.80
2009.10.02 07:18:58.144,0.8596,0.8598,1.60,2.90
2009.10.02 07:18:58.484,0.8596,0.8598,1.60,2.80
2009.10.02 07:18:59.244,0.8596,0.85985,2.40,3.20
2009.10.02 07:19:01.533,0.85965,0.85985,1.60,3.30
2009.10.02 07:19:03.193,0.85965,0.85985,1.60,3.20
2009.10.02 07:19:03.533,0.85965,0.85985,2.40,3.30
2009.10.02 07:19:03.713,0.85965,0.85985,1.60,3.30
2009.10.02 07:19:06.761,0.85965,0.85985,1.60,3.20
2009.10.02 07:19:07.111,0.8596,0.85985,1.00,3.20
2009.10.02 07:19:07.931,0.8596,0.85985,1.00,3.30
2009.10.02 07:19:08.271,0.8596,0.85985,1.00,3.20
2009.10.02 07:19:08.561,0.85955,0.85985,12.20,3.30
2009.10.02 07:19:08.791,0.85955,0.85985,9.70,5.60
2009.10.02 07:19:09.081,0.85955,0.85985,5.70,9.60
2009.10.02 07:19:09.431,0.85955,0.85985,5.20,9.60
2009.10.02 07:19:09.761,0.85955,0.8598,2.80,4.40
2009.10.02 07:19:10.571,0.85955,0.8598,1.20,4.40
2009.10.02 07:19:10.910,0.85955,0.8598,2.80,4.40
2009.10.02 07:19:11.271,0.85955,0.8598,2.80,4.40
2009.10.02 07:19:21.158,0.85955,0.85975,1.20,2.40
2009.10.02 07:19:21.278,0.85955,0.85975,2.80,2.40
2009.10.02 07:19:22.758,0.85955,0.85975,1.20,2.40
2009.10.02 07:19:23.047,0.85955,0.85975,2.80,2.40
2009.10.02 07:19:23.737,0.85955,0.85975,6.80,2.40
2009.10.02 07:19:23.917,0.85955,0.85975,2.80,2.40
2009.10.02 07:19:26.157,0.85955,0.85975,1.20,2.40
2009.10.02 07:19:26.277,0.85955,0.85975,2.80,2.40
2009.10.02 07:19:26.627,0.85955,0.85975,1.20,2.40
2009.10.02 07:19:26.967,0.85955,0.85975,2.80,2.40
2009.10.02 07:19:27.317,0.8595,0.8597,7.20,2.40
2009.10.02 07:19:27.606,0.8595,0.8597,4.80,2.40
2009.10.02 07:19:28.246,0.8595,0.85975,5.20,2.80
2009.10.02 07:19:42.883,0.8595,0.85975,8.40,2.80
2009.10.02 07:19:43.173,0.85955,0.85975,6.40,2.40
2009.10.02 07:19:43.403,0.85955,0.85975,2.40,2.40
2009.10.02 07:19:44.862,0.85955,0.8598,2.40,5.20
2009.10.02 07:19:45.162,0.85955,0.8598,2.40,5.30
2009.10.02 07:19:45.332,0.85955,0.8598,2.40,5.20
2009.10.02 07:19:45.822,0.85955,0.8598,2.40,5.30
2009.10.02 07:19:45.992,0.85955,0.8598,1.00,5.20
2009.10.02 07:19:46.162,0.85955,0.8598,2.40,5.20
2009.10.02 07:19:47.122,0.8596,0.8598,4.00,5.20
2009.10.02 07:19:47.462,0.8596,0.85985,8.40,2.40
2009.10.02 07:19:47.802,0.8596,0.8599,14.80,3.20
2009.10.02 07:19:48.192,0.8596,0.8599,18.80,3.20
2009.10.02 07:19:48.532,0.85965,0.8599,4.80,3.30
2009.10.02 07:19:48.891,0.85965,0.85985,4.80,1.00
2009.10.02 07:19:49.162,0.85965,0.8599,1.00,3.30
2009.10.02 07:19:51.101,0.85965,0.8599,1.00,3.40
2009.10.02 07:19:51.281,0.85965,0.8599,1.00,3.30
2009.10.02 07:19:51.980,0.85965,0.85985,1.00,2.40
2009.10.02 07:19:53.970,0.85965,0.8599,1.00,7.30
2009.10.02 07:19:54.150,0.85965,0.8599,4.80,3.30
2009.10.02 07:19:54.560,0.85965,0.8599,1.00,3.30
2009.10.02 07:19:54.890,0.85965,0.8599,3.20,3.30
2009.10.02 07:19:55.180,0.85965,0.8599,4.00,4.50
2009.10.02 07:19:55.470,0.85965,0.8599,1.00,5.30
2009.10.02 07:19:58.269,0.85965,0.8599,2.40,5.30
2009.10.02 07:20:01.888,0.85965,0.8599,5.60,5.30
2009.10.02 07:20:02.169,0.8597,0.8599,1.00,2.40
2009.10.02 07:20:05.007,0.8597,0.8599,4.00,2.40
2009.10.02 07:20:14.795,0.8598,0.8599,1.00,2.40
2009.10.02 07:20:14.965,0.8598,0.85995,1.00,2.40
2009.10.02 07:20:15.075,0.8598,0.86,1.00,2.40
2009.10.02 07:20:22.083,0.8598,0.86,5.20,2.40
2009.10.02 07:20:22.813,0.8598,0.86005,9.30,4.80
2009.10.02 07:20:23.163,0.8598,0.86005,9.20,4.00
2009.10.02 07:20:23.383,0.8598,0.86005,17.70,4.00
2009.10.02 07:20:23.663,0.8598,0.86005,9.70,4.00
2009.10.02 07:20:23.893,0.85985,0.86005,1.20,2.40
2009.10.02 07:20:24.113,0.85985,0.86015,8.80,9.20
2009.10.02 07:20:24.393,0.8599,0.86015,3.60,5.20
2009.10.02 07:20:24.733,0.8599,0.8602,12.80,4.00
2009.10.02 07:20:25.073,0.85995,0.8602,8.00,3.20
2009.10.02 07:20:25.423,0.86,0.8602,1.00,2.50
2009.10.02 07:20:26.282,0.86,0.8602,1.00,4.10
2009.10.02 07:20:28.662,0.86,0.86025,3.20,3.20
2009.10.02 07:20:28.952,0.86005,0.86025,4.00,2.40
2009.10.02 07:20:29.242,0.86005,0.8603,8.80,4.10
2009.10.02 07:20:29.762,0.8601,0.8603,1.00,4.00
2009.10.02 07:20:30.972,0.86,0.86025,4.10,4.50
2009.10.02 07:20:31.322,0.86,0.8602,1.20,1.60
2009.10.02 07:20:31.681,0.86,0.8602,1.00,4.00
2009.10.02 07:20:32.021,0.85995,0.8601,4.40,1.60
2009.10.02 07:20:32.381,0.8599,0.8601,4.80,1.60
2009.10.02 07:20:33.531,0.8599,0.8601,1.00,1.60
2009.10.02 07:20:34.800,0.86,0.8601,1.00,1.60
2009.10.02 07:20:34.920,0.86,0.8602,1.00,4.90
2009.10.02 07:20:35.031,0.86,0.8602,1.20,3.30
2009.10.02 07:20:35.150,0.86,0.8602,1.00,3.30
2009.10.02 07:20:35.320,0.86,0.8602,1.00,2.40
2009.10.02 07:20:35.430,0.86005,0.8602,1.00,2.50
2009.10.02 07:20:35.840,0.86005,0.86025,1.00,3.30
2009.10.02 07:20:36.190,0.85995,0.86025,7.60,4.60
2009.10.02 07:20:36.540,0.85995,0.8602,7.60,4.80
2009.10.02 07:20:36.890,0.85995,0.8602,10.80,2.40
2009.10.02 07:20:37.240,0.86,0.86025,4.80,3.30
2009.10.02 07:20:37.990,0.86,0.86025,10.80,2.50
2009.10.02 07:20:38.270,0.86,0.86025,4.80,4.10
2009.10.02 07:20:38.550,0.86,0.86025,4.80,4.00
2009.10.02 07:20:38.830,0.86,0.86025,1.00,4.00
2009.10.02 07:20:39.599,0.86,0.86025,1.00,4.10
2009.10.02 07:20:40.169,0.86,0.86025,1.00,4.00
2009.10.02 07:20:40.399,0.86,0.86025,1.00,4.90
2009.10.02 07:20:40.619,0.86,0.86025,1.00,4.10
2009.10.02 07:20:40.849,0.86005,0.86025,1.60,4.10
2009.10.02 07:20:40.969,0.86005,0.8602,1.60,1.00
2009.10.02 07:20:41.079,0.86005,0.8602,1.60,3.30
2009.10.02 07:20:41.429,0.85995,0.8602,6.80,4.00
2009.10.02 07:20:41.779,0.85995,0.86015,4.00,4.40
2009.10.02 07:20:42.129,0.85995,0.86015,1.00,4.40
2009.10.02 07:20:42.479,0.85995,0.86015,1.00,2.40
2009.10.02 07:20:42.828,0.8599,0.86015,3.20,3.20
2009.10.02 07:20:43.179,0.8599,0.86015,4.80,3.20
2009.10.02 07:20:44.198,0.8599,0.86015,4.80,3.30
2009.10.02 07:20:46.857,0.8599,0.8601,4.80,2.50
2009.10.02 07:20:47.187,0.8599,0.8601,4.00,4.00
2009.10.02 07:20:47.587,0.85985,0.8601,7.20,4.00
2009.10.02 07:20:48.367,0.85985,0.8601,6.40,4.90
2009.10.02 07:20:49.337,0.85985,0.8601,2.40,4.90
2009.10.02 07:20:50.257,0.8598,0.86005,7.20,3.20
2009.10.02 07:20:50.547,0.8598,0.86005,7.20,4.40
2009.10.02 07:20:50.777,0.8598,0.86005,4.80,5.20
2009.10.02 07:20:50.956,0.8598,0.86005,7.60,5.20
2009.10.02 07:20:51.176,0.8598,0.86005,3.60,4.80
2009.10.02 07:20:51.407,0.8598,0.86005,1.20,5.20
2009.10.02 07:20:52.106,0.8598,0.86005,5.20,5.20
2009.10.02 07:20:52.446,0.8598,0.8601,7.60,2.40
2009.10.02 07:20:52.846,0.85985,0.8601,6.40,5.60
2009.10.02 07:20:53.196,0.85985,0.8601,6.40,4.90
2009.10.02 07:20:53.496,0.85985,0.8601,2.40,4.90
2009.10.02 07:20:53.856,0.85985,0.8601,2.80,4.80
2009.10.02 07:20:54.895,0.85985,0.8601,7.60,4.80
2009.10.02 07:20:59.404,0.85985,0.8601,3.60,4.80
2009.10.02 07:20:59.855,0.85985,0.8601,7.60,4.80
2009.10.02 07:21:01.234,0.8599,0.8601,5.20,1.00
2009.10.02 07:21:01.584,0.85995,0.8602,3.60,4.80
2009.10.02 07:21:01.924,0.85995,0.8602,7.60,4.80
2009.10.02 07:21:05.293,0.85995,0.8602,3.60,4.80
2009.10.02 07:21:14.011,0.86,0.8602,1.00,4.80
2009.10.02 07:21:14.371,0.86,0.86025,6.80,3.20
2009.10.02 07:21:16.140,0.86005,0.8603,3.20,8.90
2009.10.02 07:21:16.320,0.86005,0.8603,3.20,4.80
2009.10.02 07:21:17.350,0.86005,0.8603,8.40,2.40
2009.10.02 07:21:17.920,0.86005,0.8603,8.40,2.50
2009.10.02 07:21:19.330,0.86005,0.8603,8.40,6.50
2009.10.02 07:21:19.559,0.8601,0.8603,1.00,2.50
2009.10.02 07:21:20.279,0.8601,0.8603,1.00,2.50
2009.10.02 07:21:20.629,0.8601,0.86025,1.00,2.40
2009.10.02 07:21:21.299,0.86005,0.86025,1.00,2.40
2009.10.02 07:21:21.529,0.86,0.8602,4.80,2.40
2009.10.02 07:21:21.809,0.85995,0.8602,4.80,4.00
2009.10.02 07:21:22.169,0.85995,0.8602,1.00,4.00
2009.10.02 07:21:22.509,0.86005,0.86025,1.00,7.20
2009.10.02 07:21:22.849,0.86005,0.86025,1.00,3.20
2009.10.02 07:21:23.179,0.86005,0.86025,1.00,2.40
2009.10.02 07:21:25.118,0.86,0.86025,1.00,2.40
2009.10.02 07:21:25.338,0.85995,0.86025,1.00,9.60
2009.10.02 07:21:27.308,0.85995,0.86025,1.00,10.50
2009.10.02 07:21:27.608,0.85995,0.86025,1.00,10.50
2009.10.02 07:21:27.957,0.8599,0.8602,9.20,5.60
2009.10.02 07:21:28.197,0.85995,0.86015,1.00,1.60
2009.10.02 07:21:28.427,0.85995,0.8602,1.00,5.70
2009.10.02 07:21:29.617,0.85995,0.8602,1.00,5.60
2009.10.02 07:21:31.647,0.85995,0.8602,1.00,5.90
2009.10.02 07:21:31.877,0.85995,0.86015,1.00,4.10
2009.10.02 07:21:32.107,0.8599,0.86015,8.80,4.50
2009.10.02 07:21:32.437,0.8599,0.86015,5.60,4.80
2009.10.02 07:21:32.787,0.85985,0.86015,7.20,6.40
2009.10.02 07:21:33.126,0.85985,0.8601,7.20,3.60
2009.10.02 07:21:33.476,0.8599,0.86005,1.00,2.40
2009.10.02 07:21:33.836,0.85995,0.8601,1.00,2.40
2009.10.02 07:21:34.536,0.85995,0.86015,1.00,3.30
2009.10.02 07:21:37.565,0.8599,0.86015,6.40,3.30
2009.10.02 07:21:37.855,0.8599,0.86015,10.00,3.30
2009.10.02 07:21:41.424,0.85995,0.86015,1.00,4.90
2009.10.02 07:21:41.764,0.8599,0.86015,6.40,4.90
2009.10.02 07:21:42.115,0.8599,0.86015,5.60,4.90
2009.10.02 07:21:42.505,0.85985,0.8601,8.80,2.40
2009.10.02 07:21:42.845,0.85985,0.8601,4.80,5.60
2009.10.02 07:21:43.184,0.8598,0.8601,1.20,5.60
2009.10.02 07:21:43.534,0.8598,0.86005,4.80,1.60
2009.10.02 07:21:43.924,0.8598,0.86005,2.40,2.40
2009.10.02 07:21:44.264,0.85975,0.86005,4.00,6.50
2009.10.02 07:21:44.594,0.85975,0.86,4.00,1.00
2009.10.02 07:21:44.944,0.8597,0.86,7.20,1.00
2009.10.02 07:21:46.213,0.8597,0.86,7.80,1.00
2009.10.02 07:21:46.553,0.8597,0.86005,10.20,10.50
2009.10.02 07:21:47.183,0.8597,0.86,7.20,4.00
2009.10.02 07:21:47.533,0.8597,0.86,4.80,8.00
2009.10.02 07:21:48.243,0.8597,0.86,1.00,8.00
2009.10.02 07:21:48.943,0.8597,0.86,4.00,8.00
2009.10.02 07:21:49.123,0.85975,0.86,1.00,7.20
2009.10.02 07:21:49.293,0.85975,0.86,1.00,3.20
2009.10.02 07:21:50.143,0.85975,0.86,1.00,7.20
2009.10.02 07:21:52.452,0.85975,0.86,4.80,1.00
2009.10.02 07:21:52.742,0.85975,0.86,1.00,3.20
2009.10.02 07:21:53.312,0.85975,0.86,1.00,7.20
2009.10.02 07:21:53.541,0.85975,0.86,1.00,6.40
2009.10.02 07:21:54.392,0.8598,0.86005,1.00,9.20
2009.10.02 07:21:54.742,0.8598,0.86005,1.00,2.40
2009.10.02 07:21:55.841,0.85975,0.86005,12.10,3.20
2009.10.02 07:21:56.051,0.85975,0.86005,8.00,2.40
2009.10.02 07:21:56.381,0.85975,0.86005,5.20,6.40
2009.10.02 07:21:56.741,0.8598,0.86005,1.00,2.40
2009.10.02 07:21:57.131,0.8598,0.86005,1.00,3.20
2009.10.02 07:21:57.491,0.8598,0.86005,4.80,2.40
2009.10.02 07:21:57.841,0.8598,0.86005,1.00,2.40
2009.10.02 07:21:58.191,0.8598,0.86005,1.00,4.00
2009.10.02 07:21:58.530,0.8598,0.8601,5.60,10.50
2009.10.02 07:21:58.880,0.8598,0.8601,17.60,2.40
2009.10.02 07:21:59.220,0.8598,0.8601,9.60,2.40
2009.10.02 07:21:59.540,0.8599,0.86015,2.40,10.10
2009.10.02 07:21:59.830,0.85985,0.8601,4.00,2.40
2009.10.02 07:22:00.460,0.85985,0.8601,4.80,2.40
2009.10.02 07:22:00.630,0.85985,0.8601,4.00,2.40
2009.10.02 07:22:01.250,0.85985,0.8601,4.00,6.40
2009.10.02 07:22:02.159,0.85985,0.8601,4.80,6.50
2009.10.02 07:22:03.529,0.85985,0.8601,4.80,2.40
2009.10.02 07:22:03.759,0.85985,0.86015,5.60,8.90
2009.10.02 07:22:05.799,0.8599,0.86015,3.20,7.30
2009.10.02 07:22:05.979,0.8599,0.86015,3.20,6.50
2009.10.02 07:22:06.729,0.8599,0.86015,1.00,6.50
2009.10.02 07:22:07.079,0.85985,0.86015,6.40,6.80
2009.10.02 07:22:07.479,0.85985,0.86015,4.00,7.60
2009.10.02 07:22:08.048,0.8598,0.8601,4.90,7.20
2009.10.02 07:22:08.378,0.8598,0.8601,3.70,7.20
2009.10.02 07:22:09.748,0.8598,0.8601,4.50,7.20
2009.10.02 07:22:10.078,0.8598,0.8601,4.40,7.20
2009.10.02 07:22:10.708,0.8598,0.8601,7.70,7.20
2009.10.02 07:22:11.057,0.85985,0.8601,2.40,3.20
2009.10.02 07:22:11.168,0.8598,0.8601,7.70,3.20
2009.10.02 07:22:11.228,0.8598,0.8601,8.40,3.20
2009.10.02 07:22:11.338,0.8598,0.8601,8.50,7.20
2009.10.02 07:22:11.448,0.8598,0.8601,7.70,7.20
2009.10.02 07:22:11.667,0.8598,0.8601,7.70,7.60
2009.10.02 07:22:12.127,0.8598,0.8601,3.70,7.60
2009.10.02 07:22:12.477,0.8598,0.8601,3.60,7.60
2009.10.02 07:22:12.827,0.85985,0.8601,2.40,7.20
2009.10.02 07:22:13.127,0.85985,0.8601,2.40,3.20
2009.10.02 07:22:14.426,0.85985,0.8601,4.80,3.20
2009.10.02 07:22:14.706,0.85985,0.8601,4.00,2.40
2009.10.02 07:22:15.107,0.8598,0.8601,10.70,2.40
2009.10.02 07:22:15.806,0.8598,0.8601,10.60,2.40
2009.10.02 07:22:15.986,0.8598,0.8601,18.60,2.40
2009.10.02 07:22:16.106,0.8598,0.8601,18.70,2.40
2009.10.02 07:22:16.976,0.85985,0.86015,8.00,8.10
2009.10.02 07:22:17.316,0.85985,0.86015,8.10,4.00
2009.10.02 07:22:17.706,0.85985,0.86015,8.10,8.00
2009.10.02 07:22:18.056,0.85985,0.86015,8.10,9.20
2009.10.02 07:22:18.406,0.8598,0.8601,11.10,2.40
2009.10.02 07:22:18.646,0.8598,0.8601,7.10,6.40
2009.10.02 07:22:18.886,0.8598,0.8601,11.10,3.20
2009.10.02 07:22:19.356,0.8598,0.8601,11.10,7.20
2009.10.02 07:22:21.145,0.8598,0.8601,10.50,7.20
2009.10.02 07:22:21.325,0.8598,0.8601,8.10,7.20
2009.10.02 07:22:21.675,0.8598,0.8601,4.10,7.20
2009.10.02 07:22:22.145,0.8598,0.8601,3.30,7.20
2009.10.02 07:22:22.494,0.85985,0.8601,1.00,4.80
2009.10.02 07:22:22.714,0.85985,0.8601,1.00,4.00
2009.10.02 07:22:23.455,0.8598,0.8601,1.00,6.40
2009.10.02 07:22:23.755,0.85975,0.86,9.20,2.40
2009.10.02 07:22:24.034,0.85975,0.86,6.40,2.40
2009.10.02 07:22:24.375,0.8597,0.85995,10.30,2.40
2009.10.02 07:22:24.654,0.8597,0.85995,3.30,2.40
2009.10.02 07:22:25.244,0.85975,0.86,5.20,4.00
2009.10.02 07:22:25.594,0.85975,0.86005,5.20,6.40
2009.10.02 07:22:25.764,0.85975,0.8601,16.20,8.00
2009.10.02 07:22:25.984,0.8598,0.8601,2.40,5.60
2009.10.02 07:22:26.154,0.8598,0.8601,3.20,5.60
2009.10.02 07:22:26.734,0.8598,0.8601,6.40,5.60
2009.10.02 07:22:27.083,0.8598,0.8601,6.40,10.00
2009.10.02 07:22:27.433,0.8598,0.8601,2.40,10.00
2009.10.02 07:22:27.783,0.8598,0.8601,6.40,3.20
2009.10.02 07:22:28.513,0.8598,0.8601,7.20,2.40
2009.10.02 07:22:28.853,0.85985,0.8601,1.00,2.40
2009.10.02 07:22:29.153,0.85985,0.86015,5.20,7.20
2009.10.02 07:22:29.443,0.85985,0.86015,7.20,1.60
2009.10.02 07:22:29.773,0.85985,0.86015,7.20,4.00
2009.10.02 07:22:30.063,0.85985,0.86015,7.20,8.00
2009.10.02 07:22:30.643,0.8598,0.8601,9.40,6.50
2009.10.02 07:22:30.933,0.8598,0.8601,7.60,4.80
2009.10.02 07:22:31.113,0.85985,0.86015,4.80,5.60
2009.10.02 07:22:31.463,0.85995,0.86015,2.40,1.00
2009.10.02 07:22:31.632,0.8599,0.86015,4.00,1.00
2009.10.02 07:22:31.793,0.85985,0.86015,6.40,1.60
2009.10.02 07:22:32.252,0.85985,0.86015,6.50,1.60
2009.10.02 07:22:34.892,0.85985,0.86005,6.40,1.00
2009.10.02 07:22:35.072,0.85985,0.86005,1.00,4.00
2009.10.02 07:22:35.242,0.85985,0.8601,3.20,3.20
2009.10.02 07:22:35.601,0.85985,0.8601,3.20,2.40
2009.10.02 07:22:36.611,0.85985,0.8601,3.40,2.40
2009.10.02 07:22:36.841,0.85985,0.8601,7.30,2.40
2009.10.02 07:22:37.611,0.85985,0.86015,7.30,5.60
2009.10.02 07:22:37.911,0.85985,0.86015,3.30,8.80
2009.10.02 07:22:38.251,0.85985,0.86015,7.30,8.80
2009.10.02 07:22:39.371,0.85985,0.86015,7.30,4.80
2009.10.02 07:22:40.800,0.85985,0.86015,7.20,4.80
2009.10.02 07:22:44.099,0.85985,0.86015,7.20,8.80
2009.10.02 07:22:44.660,0.85985,0.86015,7.20,8.90
2009.10.02 07:22:44.890,0.8598,0.8601,13.60,2.40
2009.10.02 07:22:45.059,0.8598,0.8601,7.20,2.40
2009.10.02 07:22:48.349,0.85985,0.8601,2.40,2.40
2009.10.02 07:22:49.858,0.8598,0.8601,7.20,2.40
2009.10.02 07:22:51.958,0.85985,0.8601,2.40,2.40
2009.10.02 07:22:55.427,0.8598,0.8601,7.20,3.20
2009.10.02 07:22:57.766,0.8598,0.8601,7.20,2.40
2009.10.02 07:22:58.556,0.85985,0.8601,2.40,3.20
2009.10.02 07:22:58.836,0.8598,0.8601,7.20,3.20
2009.10.02 07:22:59.126,0.85985,0.8601,1.60,3.20
2009.10.02 07:22:59.466,0.85985,0.8601,4.00,10.40
2009.10.02 07:22:59.806,0.85975,0.86,8.00,1.00
2009.10.02 07:23:00.156,0.85975,0.86,8.00,5.70
2009.10.02 07:23:00.505,0.85975,0.86,4.00,6.10
2009.10.02 07:23:00.865,0.85975,0.86,8.00,6.10
2009.10.02 07:23:02.215,0.85975,0.86,4.00,6.10
