2017.01.10 03:00:00.150,1.14187,1.14196,1.00,1.00
2017.01.10 03:00:00.556,1.14187,1.14206,1.00,2.62
2017.01.10 03:00:00.658,1.14182,1.14207,1.87,1.75
2017.01.10 03:00:00.808,1.14183,1.14207,1.00,1.12
2017.01.10 03:00:00.859,1.14186,1.14208,1.12,2.25
2017.01.10 03:00:01.163,1.14182,1.14203,2.62,1.12
2017.01.10 03:00:01.465,1.14186,1.14203,1.00,1.50
2017.01.10 03:00:01.516,1.14181,1.14203,2.25,1.50
2017.01.10 03:00:01.567,1.14182,1.14203,1.12,1.75
2017.01.10 03:00:01.935,1.14184,1.14205,1.00,2.62
2017.01.10 03:00:02.137,1.14188,1.14205,1.00,1.12
2017.01.10 03:00:02.259,1.14192,1.14209,1.00,1.50
2017.01.10 03:00:02.310,1.14192,1.14209,1.00,1.12
2017.01.10 03:00:02.361,1.14187,1.14209,1.87,1.12
2017.01.10 03:00:02.412,1.14191,1.14209,1.00,1.50
2017.01.10 03:00:02.773,1.14187,1.14205,1.00,1.37
2017.01.10 03:00:03.146,1.14192,1.14203,1.00,1.00
2017.01.10 03:00:03.210,1.14182,1.14201,1.12,1.00
2017.01.10 03:00:03.288,1.14181,1.14199,2.25,1.00
2017.01.10 03:00:03.340,1.14184,1.14201,1.00,1.00
2017.01.10 03:00:03.391,1.14182,1.14199,1.37,1.00
2017.01.10 03:00:03.442,1.14182,1.14199,1.00,1.00
2017.01.10 03:00:03.594,1.14182,1.14201,1.00,1.50
2017.01.10 03:00:03.746,1.1418,1.142,1.00,1.00
2017.01.10 03:00:03.948,1.1418,1.14197,1.00,1.00
2017.01.10 03:00:04.283,1.14182,1.14197,1.00,1.00
2017.01.10 03:00:04.435,1.14182,1.14201,1.00,2.62
2017.01.10 03:00:05.221,1.14182,1.142,1.00,1.00
2017.01.10 03:00:05.751,1.14183,1.14201,1.00,1.87
2017.01.10 03:00:06.250,1.14187,1.14201,1.00,1.12
2017.01.10 03:00:06.453,1.14184,1.14201,1.00,1.00
2017.01.10 03:00:06.555,1.14186,1.14201,1.50,1.00
2017.01.10 03:00:06.887,1.14196,1.14208,1.00,1.50
2017.01.10 03:00:06.989,1.14196,1.14208,1.00,1.50
2017.01.10 03:00:07.444,1.14197,1.14211,1.00,1.50
2017.01.10 03:00:07.990,1.14193,1.14212,1.00,1.00
2017.01.10 03:00:08.954,1.14194,1.14212,1.00,1.00
2017.01.10 03:00:09.005,1.14196,1.14212,1.00,1.00
2017.01.10 03:00:09.157,1.14196,1.14214,1.00,1.12
2017.01.10 03:00:09.689,1.14194,1.14211,1.12,1.00
2017.01.10 03:00:09.992,1.14196,1.14211,1.00,1.00
2017.01.10 03:00:10.576,1.14197,1.14211,1.00,1.00
2017.01.10 03:00:11.138,1.14197,1.1421,1.00,1.00
2017.01.10 03:00:11.808,1.14197,1.14209,1.00,1.00
2017.01.10 03:00:12.511,1.14197,1.14208,1.00,1.00
2017.01.10 03:00:12.561,1.14197,1.1421,1.00,1.00
2017.01.10 03:00:12.713,1.14191,1.14208,1.87,1.00
2017.01.10 03:00:13.675,1.14191,1.14209,1.50,1.12
2017.01.10 03:00:13.945,1.14196,1.14209,1.00,1.12
2017.01.10 03:00:14.254,1.14192,1.14209,1.00,1.12
2017.01.10 03:00:14.581,1.14196,1.14208,1.00,1.00
2017.01.10 03:00:15.551,1.14196,1.14209,1.00,1.12
2017.01.10 03:00:16.413,1.14196,1.14213,1.00,2.25
2017.01.10 03:00:16.716,1.14196,1.14214,1.00,1.37
2017.01.10 03:00:17.267,1.14196,1.14214,1.00,1.00
2017.01.10 03:00:17.864,1.14197,1.14214,1.00,1.00
2017.01.10 03:00:18.396,1.14198,1.14214,1.00,1.00
2017.01.10 03:00:20.528,1.14195,1.14211,1.12,1.00
2017.01.10 03:00:20.882,1.14193,1.1421,1.50,1.12
2017.01.10 03:00:20.984,1.14191,1.14207,1.50,1.00
2017.01.10 03:00:21.874,1.14191,1.14206,1.50,1.00
2017.01.10 03:00:22.537,1.14192,1.14206,1.00,1.00
2017.01.10 03:00:23.054,1.14191,1.14205,1.00,1.00
2017.01.10 03:00:23.105,1.14188,1.14203,1.00,1.00
2017.01.10 03:00:24.067,1.14187,1.14202,1.00,1.00
2017.01.10 03:00:24.955,1.14183,1.14199,1.12,1.00
2017.01.10 03:00:25.056,1.14184,1.14201,1.00,1.00
2017.01.10 03:00:25.107,1.14183,1.14199,1.12,1.00
2017.01.10 03:00:25.727,1.14181,1.14198,1.00,1.12
2017.01.10 03:00:26.722,1.14182,1.14198,1.00,1.12
2017.01.10 03:00:27.328,1.14181,1.14198,1.00,1.12
2017.01.10 03:00:27.547,1.14181,1.14195,1.00,1.00
2017.01.10 03:00:27.801,1.14178,1.14193,1.00,1.00
2017.01.10 03:00:28.205,1.14177,1.14191,1.00,1.00
2017.01.10 03:00:28.716,1.14176,1.14191,1.50,1.50
2017.01.10 03:00:29.042,1.14181,1.14191,1.00,1.12
2017.01.10 03:00:29.153,1.14176,1.14192,1.00,1.50
2017.01.10 03:00:30.168,1.14175,1.14192,1.00,1.00
2017.01.10 03:00:30.771,1.14177,1.14192,1.00,1.50
2017.01.10 03:00:30.872,1.14175,1.14192,1.00,1.00
2017.01.10 03:00:31.276,1.14172,1.14189,1.50,1.00
2017.01.10 03:00:31.944,1.14171,1.14188,1.00,1.00
2017.01.10 03:00:32.441,1.14172,1.14186,1.00,1.00
2017.01.10 03:00:33.470,1.1417,1.14187,1.00,1.00
2017.01.10 03:00:35.095,1.14175,1.14188,1.00,1.12
2017.01.10 03:00:35.146,1.14173,1.14188,1.00,1.12
2017.01.10 03:00:35.247,1.14175,1.14188,1.00,1.00
2017.01.10 03:00:35.500,1.14174,1.14192,1.00,1.00
2017.01.10 03:00:36.026,1.14172,1.14189,2.25,1.00
2017.01.10 03:00:36.530,1.14172,1.14189,1.00,1.50
2017.01.10 03:00:36.732,1.1417,1.14189,1.00,1.50
2017.01.10 03:00:36.827,1.14172,1.14187,1.00,1.00
2017.01.10 03:00:38.344,1.14171,1.14186,1.00,1.00
2017.01.10 03:00:39.403,1.14172,1.14187,1.00,1.00
2017.01.10 03:00:40.400,1.14171,1.14187,1.00,1.00
2017.01.10 03:00:41.143,1.1417,1.14187,1.00,1.00
2017.01.10 03:00:41.523,1.14176,1.14193,1.00,1.75
2017.01.10 03:00:41.574,1.14176,1.14193,1.00,1.75
2017.01.10 03:00:41.778,1.14176,1.14193,1.00,1.00
2017.01.10 03:00:42.088,1.14176,1.14193,1.00,1.75
2017.01.10 03:00:42.594,1.14175,1.14191,1.00,1.12
2017.01.10 03:00:43.066,1.14173,1.14192,1.00,2.25
2017.01.10 03:00:43.493,1.14173,1.14189,1.00,1.00
2017.01.10 03:00:46.922,1.14169,1.14187,1.00,1.00
2017.01.10 03:00:47.023,1.14167,1.14185,1.12,1.00
2017.01.10 03:00:51.128,1.14171,1.14185,1.00,1.12
2017.01.10 03:00:52.035,1.14171,1.14183,1.00,1.00
2017.01.10 03:00:52.278,1.14168,1.14183,1.00,1.00
2017.01.10 03:00:55.331,1.14169,1.14183,1.00,1.00
2017.01.10 03:00:57.350,1.14167,1.14184,1.50,1.00
2017.01.10 03:00:57.859,1.14166,1.14183,1.50,1.12
2017.01.10 03:00:58.466,1.14167,1.14184,1.50,1.37
2017.01.10 03:01:01.919,1.14166,1.14183,1.50,1.12
2017.01.10 03:01:01.970,1.14166,1.14181,1.00,1.00
2017.01.10 03:01:02.316,1.14166,1.14178,1.00,1.00
2017.01.10 03:01:03.210,1.14164,1.14178,1.00,1.50
2017.01.10 03:01:03.322,1.14162,1.14178,1.00,1.00
2017.01.10 03:01:03.525,1.1416,1.14175,1.37,1.00
2017.01.10 03:01:04.150,1.1416,1.14175,1.00,1.00
2017.01.10 03:01:04.680,1.14159,1.14174,1.00,1.00
2017.01.10 03:01:04.777,1.14157,1.14174,1.87,1.00
2017.01.10 03:01:05.497,1.14157,1.14173,1.37,1.00
2017.01.10 03:01:05.598,1.14157,1.14171,1.00,1.00
2017.01.10 03:01:05.750,1.14152,1.14167,1.12,1.00
2017.01.10 03:01:06.313,1.14151,1.14166,1.00,1.12
2017.01.10 03:01:06.415,1.14149,1.14163,1.00,1.00
2017.01.10 03:01:06.516,1.14147,1.14163,1.50,1.87
2017.01.10 03:01:06.769,1.14144,1.14162,1.00,1.50
2017.01.10 03:01:06.820,1.14144,1.14162,1.00,2.25
2017.01.10 03:01:07.301,1.14146,1.14161,1.00,1.37
2017.01.10 03:01:07.556,1.14148,1.14163,1.00,1.12
2017.01.10 03:01:08.483,1.14149,1.14163,1.00,1.12
2017.01.10 03:01:09.016,1.14148,1.14163,1.00,1.00
2017.01.10 03:01:09.656,1.14146,1.14161,1.50,1.00
2017.01.10 03:01:09.998,1.14148,1.14163,1.00,1.50
2017.01.10 03:01:10.302,1.1415,1.14163,1.00,1.00
2017.01.10 03:01:11.109,1.14149,1.14163,1.00,1.50
2017.01.10 03:01:13.050,1.14151,1.14163,1.00,1.00
2017.01.10 03:01:14.395,1.14153,1.14163,1.00,1.00
2017.01.10 03:01:14.799,1.14153,1.14165,1.00,1.00
2017.01.10 03:01:15.063,1.14157,1.14165,1.00,1.00
2017.01.10 03:01:15.569,1.14156,1.14165,1.00,1.00
2017.01.10 03:01:17.707,1.14154,1.14165,1.00,1.00
2017.01.10 03:01:17.934,1.14152,1.14165,1.00,1.00
2017.01.10 03:01:18.685,1.14151,1.14165,1.50,1.00
2017.01.10 03:01:18.738,1.14154,1.14165,1.00,1.00
2017.01.10 03:01:19.397,1.14153,1.14165,1.00,1.00
2017.01.10 03:01:19.924,1.14154,1.14165,1.00,1.00
2017.01.10 03:01:20.370,1.14157,1.14165,1.00,1.00
2017.01.10 03:01:20.472,1.14157,1.14169,1.00,1.00
2017.01.10 03:01:20.741,1.14159,1.1417,1.00,1.00
2017.01.10 03:01:21.109,1.1416,1.14174,1.00,1.00
2017.01.10 03:01:21.210,1.14163,1.14177,1.00,1.37
2017.01.10 03:01:21.764,1.14162,1.14177,1.00,1.50
2017.01.10 03:01:22.996,1.14162,1.14176,1.00,1.00
2017.01.10 03:01:23.249,1.14159,1.14174,1.00,1.00
2017.01.10 03:01:24.027,1.14158,1.14174,1.00,1.00
2017.01.10 03:01:25.478,1.14162,1.14176,1.00,1.50
2017.01.10 03:01:25.985,1.14162,1.14177,1.00,1.00
2017.01.10 03:01:26.510,1.14164,1.14177,1.00,1.00
2017.01.10 03:01:27.587,1.14163,1.14177,1.00,1.00
2017.01.10 03:01:30.480,1.14165,1.14177,1.00,1.00
2017.01.10 03:01:31.038,1.14166,1.14177,1.00,1.00
2017.01.10 03:01:31.859,1.14165,1.14177,1.00,1.00
2017.01.10 03:01:32.350,1.14167,1.14177,1.00,1.00
2017.01.10 03:01:32.401,1.14165,1.14179,1.00,1.00
2017.01.10 03:01:32.452,1.14168,1.14179,1.00,1.00
2017.01.10 03:01:33.440,1.14169,1.14179,1.00,1.00
2017.01.10 03:01:33.491,1.14169,1.14181,1.00,1.00
2017.01.10 03:01:35.225,1.14169,1.14185,1.00,1.50
2017.01.10 03:01:35.276,1.14169,1.14185,1.00,1.00
2017.01.10 03:01:35.816,1.1417,1.14185,1.00,1.00
2017.01.10 03:01:36.951,1.14169,1.14183,1.00,1.00
2017.01.10 03:01:37.153,1.14167,1.14182,1.00,1.00
2017.01.10 03:01:37.323,1.1417,1.14183,1.00,1.00
2017.01.10 03:01:37.373,1.14168,1.14183,1.87,1.00
2017.01.10 03:01:37.424,1.1417,1.14185,1.00,1.50
2017.01.10 03:01:37.476,1.14167,1.14184,1.00,1.35
2017.01.10 03:01:38.014,1.1417,1.14184,1.00,1.00
2017.01.10 03:01:38.418,1.14168,1.14184,1.00,1.00
2017.01.10 03:01:38.881,1.14168,1.14182,1.00,1.00
2017.01.10 03:01:38.932,1.14165,1.14181,1.12,1.00
2017.01.10 03:01:39.482,1.14166,1.1418,1.00,1.00
2017.01.10 03:01:39.892,1.14164,1.1418,1.00,1.00
2017.01.10 03:01:40.147,1.14167,1.1418,1.00,1.00
2017.01.10 03:01:40.334,1.14164,1.1418,1.00,1.00
2017.01.10 03:01:40.844,1.14163,1.14179,1.00,1.00
2017.01.10 03:01:43.549,1.14162,1.14179,1.00,1.00
2017.01.10 03:01:43.751,1.14159,1.14176,1.87,1.00
2017.01.10 03:01:44.054,1.14162,1.14178,1.00,1.12
2017.01.10 03:01:44.808,1.14163,1.1418,1.00,1.50
2017.01.10 03:01:45.011,1.14163,1.14178,1.00,1.00
2017.01.10 03:01:45.733,1.14164,1.14179,1.00,1.00
2017.01.10 03:01:46.256,1.14163,1.14178,1.00,1.00
2017.01.10 03:01:47.012,1.14163,1.1418,1.00,1.12
2017.01.10 03:01:47.113,1.14167,1.14178,1.00,1.00
2017.01.10 03:01:47.214,1.14167,1.14181,1.00,2.62
2017.01.10 03:01:47.458,1.14164,1.14173,1.00,1.00
2017.01.10 03:01:47.509,1.14161,1.14173,1.00,1.50
2017.01.10 03:01:47.712,1.14154,1.14173,1.87,1.12
2017.01.10 03:01:47.823,1.14154,1.14173,1.50,2.25
2017.01.10 03:01:48.329,1.14152,1.1417,2.62,1.00
2017.01.10 03:01:48.506,1.14156,1.14175,1.00,1.50
2017.01.10 03:01:48.557,1.14158,1.14175,1.00,1.00
2017.01.10 03:01:48.871,1.14163,1.14178,1.00,1.12
2017.01.10 03:01:49.426,1.14161,1.14178,1.00,1.00
2017.01.10 03:01:49.968,1.14162,1.14178,1.00,1.50
2017.01.10 03:01:50.441,1.14158,1.14176,1.00,1.00
2017.01.10 03:01:50.721,1.14156,1.14175,1.00,1.37
2017.01.10 03:01:51.600,1.14157,1.14173,1.00,1.37
2017.01.10 03:01:52.206,1.14157,1.14176,1.00,3.97
2017.01.10 03:01:52.764,1.14156,1.14173,1.00,1.00
2017.01.10 03:01:53.298,1.14156,1.14172,2.25,1.00
2017.01.10 03:01:53.844,1.14156,1.14171,1.00,1.00
2017.01.10 03:01:55.402,1.14155,1.14171,1.50,1.00
2017.01.10 03:01:56.041,1.14157,1.14171,1.00,1.00
2017.01.10 03:01:56.820,1.14157,1.14172,1.00,1.00
2017.01.10 03:01:57.780,1.14157,1.14174,1.00,1.35
2017.01.10 03:01:58.697,1.14158,1.14172,1.00,1.00
2017.01.10 03:01:58.799,1.14158,1.14174,1.50,1.35
2017.01.10 03:02:00.003,1.14158,1.14173,1.00,1.00
2017.01.10 03:02:00.513,1.14159,1.14173,1.00,1.00
2017.01.10 03:02:00.665,1.14161,1.14175,1.50,1.60
2017.01.10 03:02:00.716,1.14161,1.14176,2.25,1.00
2017.01.10 03:02:01.234,1.14161,1.14177,1.50,1.35
2017.01.10 03:02:02.791,1.14167,1.14177,1.00,1.35
2017.01.10 03:02:02.942,1.14166,1.14179,1.50,1.00
2017.01.10 03:02:03.044,1.14167,1.14182,1.00,1.00
2017.01.10 03:02:03.650,1.14169,1.14182,1.00,1.00
2017.01.10 03:02:03.702,1.14167,1.14182,1.00,1.00
2017.01.10 03:02:03.853,1.1417,1.14182,1.00,1.00
2017.01.10 03:02:05.144,1.14171,1.14182,1.00,1.00
2017.01.10 03:02:05.397,1.14173,1.14191,1.00,2.10
2017.01.10 03:02:05.548,1.14173,1.14186,1.00,1.00
2017.01.10 03:02:05.599,1.14173,1.14189,1.50,1.00
2017.01.10 03:02:06.060,1.14176,1.14189,1.00,1.00
2017.01.10 03:02:06.505,1.14174,1.14189,1.00,1.00
2017.01.10 03:02:07.453,1.14175,1.14189,1.00,1.50
2017.01.10 03:02:08.451,1.14172,1.14188,1.00,1.00
2017.01.10 03:02:08.841,1.14174,1.14189,1.00,1.50
2017.01.10 03:02:09.144,1.14177,1.14189,1.00,1.50
2017.01.10 03:02:09.686,1.14176,1.14189,1.00,1.00
2017.01.10 03:02:10.067,1.14178,1.14189,1.00,1.00
2017.01.10 03:02:10.170,1.14181,1.14195,1.00,1.37
2017.01.10 03:02:10.425,1.1418,1.14196,1.50,1.00
2017.01.10 03:02:10.687,1.14184,1.14196,1.00,1.00
2017.01.10 03:02:10.789,1.14184,1.14198,1.00,1.00
2017.01.10 03:02:11.748,1.14183,1.14198,1.00,1.00
2017.01.10 03:02:13.339,1.14187,1.14198,1.00,1.00
2017.01.10 03:02:13.450,1.14184,1.142,1.00,1.00
2017.01.10 03:02:13.551,1.14187,1.142,1.00,1.00
2017.01.10 03:02:13.637,1.14184,1.142,1.00,1.00
2017.01.10 03:02:14.447,1.14185,1.14201,1.00,1.00
2017.01.10 03:02:15.166,1.14188,1.14202,1.00,1.00
2017.01.10 03:02:15.470,1.14191,1.14204,1.00,1.50
2017.01.10 03:02:15.882,1.14183,1.14202,1.87,1.00
2017.01.10 03:02:16.406,1.14183,1.14202,1.00,1.12
2017.01.10 03:02:16.515,1.14183,1.142,1.00,1.00
2017.01.10 03:02:17.056,1.14182,1.142,1.50,1.00
2017.01.10 03:02:17.403,1.1418,1.14196,1.00,1.00
2017.01.10 03:02:18.722,1.14178,1.14196,1.50,1.50
2017.01.10 03:02:19.722,1.14178,1.14195,1.00,1.00
2017.01.10 03:02:20.244,1.14179,1.14194,1.00,1.00
2017.01.10 03:02:20.785,1.14179,1.14193,1.00,1.00
2017.01.10 03:02:20.868,1.14178,1.14196,1.00,1.50
2017.01.10 03:02:21.262,1.14179,1.14193,1.00,1.00
2017.01.10 03:02:21.886,1.14179,1.14195,1.00,1.00
2017.01.10 03:02:22.159,1.14179,1.14193,1.00,1.00
2017.01.10 03:02:22.437,1.1418,1.14195,1.00,1.00
2017.01.10 03:02:25.856,1.14181,1.14195,1.00,1.00
2017.01.10 03:02:25.958,1.14177,1.14194,1.00,1.00
2017.01.10 03:02:26.056,1.14177,1.14191,1.00,1.00
2017.01.10 03:02:26.310,1.14171,1.14187,1.87,1.00
2017.01.10 03:02:26.361,1.14174,1.14189,1.00,1.00
2017.01.10 03:02:26.513,1.14171,1.14188,1.00,1.00
2017.01.10 03:02:27.386,1.14171,1.1419,1.00,1.50
2017.01.10 03:02:27.680,1.14173,1.14189,1.00,1.00
2017.01.10 03:02:28.196,1.14173,1.14188,1.00,1.00
2017.01.10 03:02:28.649,1.14171,1.14188,1.00,1.00
2017.01.10 03:02:28.750,1.14171,1.14185,1.00,1.00
2017.01.10 03:02:28.907,1.14172,1.1419,1.00,1.50
2017.01.10 03:02:28.958,1.14174,1.1419,1.00,1.00
2017.01.10 03:02:29.305,1.14174,1.14192,1.00,1.50
2017.01.10 03:02:29.407,1.14174,1.14192,1.37,1.50
2017.01.10 03:02:30.155,1.14177,1.14192,1.00,1.00
2017.01.10 03:02:32.284,1.14174,1.14191,1.00,1.00
2017.01.10 03:02:32.436,1.14177,1.14191,1.00,1.00
2017.01.10 03:02:32.980,1.14175,1.1419,1.00,1.00
2017.01.10 03:02:33.082,1.14173,1.14189,1.00,1.00
2017.01.10 03:02:33.364,1.14176,1.14189,1.00,1.00
2017.01.10 03:02:33.904,1.14176,1.1419,1.00,1.00
2017.01.10 03:02:34.449,1.14175,1.14192,1.00,1.50
2017.01.10 03:02:35.608,1.14177,1.14191,1.00,1.00
2017.01.10 03:02:35.878,1.14174,1.14191,1.00,1.00
2017.01.10 03:02:37.466,1.14175,1.14191,1.00,1.00
2017.01.10 03:02:37.933,1.14177,1.14192,1.00,1.50
2017.01.10 03:02:38.034,1.14174,1.14191,1.12,1.00
2017.01.10 03:02:39.044,1.14176,1.1419,1.00,1.00
2017.01.10 03:02:39.992,1.14173,1.14189,1.00,1.00
2017.01.10 03:02:40.911,1.14175,1.1419,1.00,1.50
2017.01.10 03:02:41.427,1.14177,1.1419,1.00,1.50
2017.01.10 03:02:41.478,1.14173,1.14189,1.00,1.00
2017.01.10 03:02:41.529,1.14172,1.14186,1.00,1.00
2017.01.10 03:02:41.724,1.14168,1.14185,1.00,1.00
2017.01.10 03:02:41.826,1.14167,1.14183,1.00,1.00
2017.01.10 03:02:42.180,1.14172,1.14184,1.00,1.00
2017.01.10 03:02:44.539,1.14171,1.14184,1.50,1.00
2017.01.10 03:02:45.049,1.14172,1.14184,1.00,1.00
2017.01.10 03:02:50.433,1.14171,1.14184,1.00,1.00
2017.01.10 03:02:51.885,1.14176,1.14184,1.00,1.00
2017.01.10 03:02:51.936,1.14176,1.14187,1.00,1.00
2017.01.10 03:02:51.987,1.14172,1.14187,1.00,1.00
2017.01.10 03:02:52.038,1.14176,1.14187,1.00,1.00
2017.01.10 03:02:52.089,1.14173,1.14187,1.00,1.00
2017.01.10 03:02:52.436,1.14176,1.14188,1.00,1.00
2017.01.10 03:02:52.972,1.14177,1.14188,1.50,1.00
2017.01.10 03:02:53.023,1.14177,1.1419,1.50,1.00
2017.01.10 03:02:53.074,1.14182,1.1419,1.00,1.00
2017.01.10 03:02:53.610,1.14181,1.1419,1.00,1.00
2017.01.10 03:02:54.154,1.14182,1.1419,1.00,1.00
2017.01.10 03:02:54.524,1.14176,1.1419,1.00,1.00
2017.01.10 03:02:54.625,1.14182,1.1419,1.00,1.00
2017.01.10 03:02:54.676,1.14182,1.14192,1.00,1.50
2017.01.10 03:02:54.727,1.14178,1.14192,1.00,1.50
2017.01.10 03:02:54.829,1.14178,1.14194,1.12,1.00
2017.01.10 03:02:54.975,1.1418,1.14195,1.00,1.00
2017.01.10 03:02:55.576,1.14181,1.14195,1.00,1.00
2017.01.10 03:02:56.777,1.14183,1.14195,1.00,1.00
2017.01.10 03:02:56.828,1.14183,1.14198,1.00,1.00
2017.01.10 03:02:57.087,1.14181,1.14198,1.00,1.00
2017.01.10 03:02:57.188,1.14177,1.14193,1.50,1.00
2017.01.10 03:02:57.299,1.14176,1.14193,1.12,1.00
2017.01.10 03:02:57.350,1.14172,1.1419,1.87,1.00
2017.01.10 03:02:57.552,1.14172,1.14188,1.12,1.00
2017.01.10 03:02:57.805,1.14167,1.14187,2.62,1.12
2017.01.10 03:02:57.856,1.14167,1.14182,1.00,1.00
2017.01.10 03:02:58.159,1.14167,1.1418,1.00,1.00
2017.01.10 03:02:58.260,1.14167,1.14182,1.00,1.00
2017.01.10 03:03:00.025,1.14169,1.14182,1.00,1.00
2017.01.10 03:03:00.352,1.14171,1.14182,1.50,1.00
2017.01.10 03:03:02.281,1.14166,1.14182,1.87,1.00
2017.01.10 03:03:02.433,1.14171,1.14182,1.00,1.12
2017.01.10 03:03:02.670,1.14167,1.14182,1.00,1.12
2017.01.10 03:03:02.839,1.14172,1.14182,1.00,1.12
2017.01.10 03:03:03.001,1.14166,1.14182,1.50,1.12
2017.01.10 03:03:05.909,1.14167,1.14182,1.00,1.12
2017.01.10 03:03:06.438,1.14166,1.14182,1.50,1.12
2017.01.10 03:03:08.382,1.14165,1.14182,1.00,1.87
2017.01.10 03:03:08.433,1.14167,1.14182,1.00,1.87
2017.01.10 03:03:12.336,1.14164,1.14178,1.00,1.00
2017.01.10 03:03:12.437,1.14164,1.14181,1.00,1.00
2017.01.10 03:03:12.650,1.14163,1.14179,1.12,1.00
2017.01.10 03:03:12.956,1.14161,1.14176,1.50,1.50
2017.01.10 03:03:13.752,1.14161,1.14177,1.50,1.50
2017.01.10 03:03:14.813,1.14162,1.14177,1.00,1.50
2017.01.10 03:03:14.865,1.1416,1.14177,1.00,1.50
2017.01.10 03:03:14.915,1.14157,1.14172,1.50,1.00
2017.01.10 03:03:15.252,1.14159,1.14173,1.00,1.50
2017.01.10 03:03:15.303,1.14156,1.14173,1.00,1.00
2017.01.10 03:03:15.656,1.14153,1.14172,1.00,1.12
2017.01.10 03:03:16.172,1.14153,1.14172,1.00,1.50
2017.01.10 03:03:16.332,1.14155,1.1417,1.00,1.00
2017.01.10 03:03:16.483,1.14151,1.14168,1.00,1.00
2017.01.10 03:03:16.534,1.14151,1.14167,1.00,1.37
2017.01.10 03:03:17.051,1.1415,1.14166,1.00,1.00
2017.01.10 03:03:19.012,1.14152,1.14167,1.00,1.50
2017.01.10 03:03:19.336,1.14159,1.14172,1.00,1.37
2017.01.10 03:03:19.388,1.14159,1.14174,1.00,1.37
2017.01.10 03:03:19.908,1.14159,1.14174,1.00,1.12
2017.01.10 03:03:20.938,1.14158,1.14174,1.00,1.12
2017.01.10 03:03:20.989,1.14154,1.14173,1.12,1.00
2017.01.10 03:03:21.153,1.14156,1.14173,1.00,1.37
2017.01.10 03:03:21.523,1.14152,1.14169,1.50,1.00
2017.01.10 03:03:21.716,1.14152,1.14167,1.50,1.00
2017.01.10 03:03:22.020,1.14158,1.1417,1.00,1.00
2017.01.10 03:03:22.070,1.14158,1.14172,1.00,1.00
2017.01.10 03:03:22.121,1.14158,1.14174,1.00,1.12
2017.01.10 03:03:22.172,1.14161,1.14177,1.00,1.37
2017.01.10 03:03:22.223,1.14161,1.14177,1.00,1.00
2017.01.10 03:03:23.324,1.14167,1.14179,1.00,1.12
2017.01.10 03:03:23.554,1.14168,1.14186,1.00,1.87
2017.01.10 03:03:23.636,1.1417,1.14186,1.00,1.12
2017.01.10 03:03:23.687,1.14167,1.14186,1.50,1.87
2017.01.10 03:03:23.940,1.14167,1.14186,1.50,2.25
2017.01.10 03:03:26.147,1.14169,1.14183,1.00,1.00
2017.01.10 03:03:26.450,1.14171,1.14186,1.00,1.12
2017.01.10 03:03:26.703,1.14177,1.14186,1.00,1.12
2017.01.10 03:03:26.905,1.14173,1.14186,1.00,1.00
2017.01.10 03:03:27.700,1.14174,1.14186,1.00,1.00
2017.01.10 03:03:28.064,1.14174,1.14188,1.00,1.00
2017.01.10 03:03:28.690,1.14175,1.14188,1.00,1.00
2017.01.10 03:03:31.479,1.1417,1.14186,1.37,1.00
2017.01.10 03:03:31.580,1.14166,1.14183,1.87,1.00
2017.01.10 03:03:31.631,1.14166,1.14183,1.50,1.00
2017.01.10 03:03:31.682,1.14171,1.14183,1.00,1.00
2017.01.10 03:03:31.733,1.14166,1.14183,1.12,1.00
2017.01.10 03:03:32.827,1.14168,1.14182,1.00,1.00
2017.01.10 03:03:33.602,1.14166,1.14183,1.00,1.12
2017.01.10 03:03:34.142,1.14167,1.14185,1.00,2.25
2017.01.10 03:03:34.344,1.14169,1.14185,1.00,2.25
2017.01.10 03:03:34.546,1.14169,1.14185,1.00,1.87
2017.01.10 03:03:35.724,1.14173,1.14185,1.00,1.12
2017.01.10 03:03:36.128,1.1417,1.14185,1.12,1.00
2017.01.10 03:03:39.300,1.14173,1.14185,1.00,1.00
2017.01.10 03:03:39.603,1.14175,1.14185,1.00,1.00
2017.01.10 03:03:40.057,1.14175,1.14187,1.00,1.00
2017.01.10 03:03:40.661,1.14176,1.14187,1.00,1.00
2017.01.10 03:03:41.711,1.14173,1.14187,1.00,1.00
2017.01.10 03:03:41.875,1.1418,1.14187,1.00,1.00
2017.01.10 03:03:41.926,1.14175,1.14187,1.00,1.00
2017.01.10 03:03:41.977,1.14177,1.14192,1.00,1.00
2017.01.10 03:03:42.079,1.1418,1.14192,1.00,1.00
2017.01.10 03:03:42.230,1.14183,1.14197,1.00,1.12
2017.01.10 03:03:44.699,1.14182,1.14197,1.00,1.00
2017.01.10 03:03:46.062,1.14183,1.14197,1.00,1.00
2017.01.10 03:03:46.693,1.14184,1.14197,1.00,1.00
2017.01.10 03:03:46.895,1.14182,1.14197,1.00,1.50
2017.01.10 03:03:47.498,1.14183,1.14197,1.00,1.50
2017.01.10 03:03:47.784,1.14186,1.14197,1.00,1.00
2017.01.10 03:03:47.834,1.14184,1.14197,1.00,1.50
2017.01.10 03:03:47.986,1.14187,1.14197,1.00,1.50
2017.01.10 03:03:48.441,1.14191,1.14198,1.00,1.00
2017.01.10 03:03:48.492,1.14192,1.14201,1.00,1.37
2017.01.10 03:03:48.543,1.14192,1.14206,1.50,1.75
2017.01.10 03:03:48.642,1.14191,1.14206,1.50,1.50
2017.01.10 03:03:48.693,1.14193,1.14206,1.00,1.00
2017.01.10 03:03:48.795,1.14191,1.14206,1.00,1.00
2017.01.10 03:03:49.363,1.14192,1.14206,1.00,1.87
2017.01.10 03:03:49.565,1.14192,1.14203,1.00,1.00
2017.01.10 03:03:49.676,1.14189,1.14205,1.50,1.37
2017.01.10 03:03:49.778,1.1419,1.14206,1.50,1.37
2017.01.10 03:03:50.307,1.1419,1.14206,1.00,1.00
2017.01.10 03:03:50.660,1.14192,1.14206,1.00,1.00
2017.01.10 03:03:50.992,1.14189,1.14205,1.00,1.00
2017.01.10 03:03:51.195,1.14189,1.14205,1.00,1.50
2017.01.10 03:03:51.246,1.14185,1.14201,1.00,1.00
2017.01.10 03:03:51.297,1.14187,1.14203,1.00,1.37
2017.01.10 03:03:51.449,1.14184,1.14202,1.00,1.12
2017.01.10 03:03:51.550,1.14186,1.14202,1.00,1.12
2017.01.10 03:03:51.854,1.14186,1.14202,1.00,1.12
2017.01.10 03:03:52.363,1.14184,1.14198,1.00,1.12
2017.01.10 03:03:54.268,1.14183,1.14198,1.00,1.12
2017.01.10 03:03:54.675,1.14181,1.14198,1.50,1.50
2017.01.10 03:03:54.776,1.14177,1.14193,1.75,1.00
2017.01.10 03:03:54.992,1.14177,1.14194,1.87,1.87
2017.01.10 03:03:55.364,1.14181,1.14194,1.00,1.00
2017.01.10 03:03:55.566,1.14182,1.14199,1.00,2.25
2017.01.10 03:03:55.668,1.14182,1.14199,1.00,1.87
2017.01.10 03:03:55.820,1.14187,1.14199,1.00,1.00
2017.01.10 03:03:56.280,1.14182,1.14199,1.50,1.12
2017.01.10 03:03:56.432,1.14184,1.14199,1.00,1.00
2017.01.10 03:03:58.180,1.14186,1.14199,1.00,1.00
2017.01.10 03:03:58.718,1.14187,1.142,1.00,1.00
2017.01.10 03:03:59.077,1.1419,1.14206,1.00,1.75
2017.01.10 03:03:59.178,1.1419,1.14206,1.00,1.00
2017.01.10 03:03:59.229,1.14187,1.14204,1.12,1.00
2017.01.10 03:03:59.280,1.14192,1.14204,1.00,1.00
2017.01.10 03:03:59.331,1.14187,1.14204,1.12,1.00
2017.01.10 03:03:59.837,1.14188,1.14205,1.00,1.50
2017.01.10 03:04:00.359,1.14189,1.14205,1.00,1.00
2017.01.10 03:04:00.556,1.14191,1.14205,1.00,1.00
2017.01.10 03:04:00.607,1.14187,1.14205,1.00,1.00
2017.01.10 03:04:00.759,1.14185,1.14205,1.50,1.00
2017.01.10 03:04:00.911,1.14189,1.14205,1.00,1.00
2017.01.10 03:04:01.013,1.14184,1.14205,2.25,1.50
2017.01.10 03:04:01.101,1.14182,1.14202,1.50,1.00
2017.01.10 03:04:01.234,1.14182,1.14202,1.00,1.50
2017.01.10 03:04:01.285,1.14187,1.14202,1.00,1.50
2017.01.10 03:04:01.645,1.14182,1.14202,1.50,1.50
2017.01.10 03:04:01.747,1.14185,1.14203,1.00,2.25
2017.01.10 03:04:01.848,1.14185,1.14203,1.00,1.87
2017.01.10 03:04:02.910,1.14184,1.14203,1.00,1.87
2017.01.10 03:04:02.961,1.14187,1.14203,1.00,1.87
2017.01.10 03:04:03.264,1.14187,1.142,1.00,1.00
2017.01.10 03:04:04.217,1.14187,1.14199,1.00,1.00
2017.01.10 03:04:05.218,1.14187,1.142,1.00,1.50
2017.01.10 03:04:08.079,1.14183,1.142,1.00,1.00
2017.01.10 03:04:08.599,1.14184,1.14199,1.00,1.00
2017.01.10 03:04:08.650,1.14187,1.142,1.00,1.00
2017.01.10 03:04:09.193,1.14187,1.14199,1.00,1.00
2017.01.10 03:04:09.849,1.14186,1.14197,1.00,1.00
2017.01.10 03:04:09.950,1.14181,1.14197,1.00,1.00
2017.01.10 03:04:10.355,1.14182,1.14192,1.00,1.00
2017.01.10 03:04:10.406,1.14177,1.14192,1.12,1.00
2017.01.10 03:04:10.963,1.14176,1.14192,1.00,1.00
2017.01.10 03:04:11.351,1.14175,1.14194,1.00,1.87
2017.01.10 03:04:11.401,1.14177,1.14194,1.00,1.87
2017.01.10 03:04:12.037,1.14177,1.14193,1.00,1.00
2017.01.10 03:04:12.342,1.14179,1.14196,1.00,1.00
2017.01.10 03:04:12.595,1.14182,1.14196,1.50,1.00
2017.01.10 03:04:12.903,1.14179,1.14195,1.12,1.00
2017.01.10 03:04:12.954,1.14182,1.14196,1.00,1.00
2017.01.10 03:04:13.106,1.14184,1.14199,1.00,1.50
2017.01.10 03:04:13.288,1.14182,1.14199,1.50,1.12
2017.01.10 03:04:13.542,1.14187,1.14199,1.00,1.12
2017.01.10 03:04:13.647,1.14181,1.14199,1.00,1.87
2017.01.10 03:04:14.102,1.1418,1.14197,1.00,1.00
2017.01.10 03:04:14.152,1.14178,1.14196,1.00,1.00
2017.01.10 03:04:14.304,1.14178,1.14194,1.00,1.00
2017.01.10 03:04:14.843,1.14177,1.14194,1.00,1.00
2017.01.10 03:04:15.627,1.14176,1.14194,1.50,1.00
2017.01.10 03:04:15.779,1.14173,1.14192,1.12,1.12
2017.01.10 03:04:15.830,1.14173,1.14192,1.12,1.37
2017.01.10 03:04:16.682,1.14174,1.1419,1.00,1.87
2017.01.10 03:04:17.680,1.14172,1.1419,1.50,1.12
2017.01.10 03:04:18.234,1.14173,1.1419,1.00,1.87
2017.01.10 03:04:19.209,1.14176,1.1419,1.00,1.12
2017.01.10 03:04:19.730,1.14175,1.1419,1.00,1.00
2017.01.10 03:04:20.243,1.14176,1.1419,1.00,1.00
2017.01.10 03:04:23.326,1.14173,1.1419,1.37,1.50
2017.01.10 03:04:23.834,1.14173,1.1419,1.00,2.25
2017.01.10 03:04:24.839,1.14173,1.1419,1.00,1.87
2017.01.10 03:04:26.622,1.14175,1.1419,1.00,1.50
2017.01.10 03:04:28.315,1.14178,1.1419,1.00,1.00
2017.01.10 03:04:28.366,1.14178,1.14192,1.00,1.00
2017.01.10 03:04:28.467,1.14179,1.14194,1.00,1.00
2017.01.10 03:04:28.770,1.14181,1.14195,1.00,1.00
2017.01.10 03:04:28.922,1.14181,1.14197,1.00,1.00
2017.01.10 03:04:29.971,1.14181,1.14196,1.00,1.00
2017.01.10 03:04:30.123,1.14179,1.14196,1.00,1.00
2017.01.10 03:04:30.342,1.14177,1.14194,1.00,1.00
2017.01.10 03:04:31.072,1.14177,1.14191,1.00,1.00
2017.01.10 03:04:31.274,1.14177,1.14194,1.00,1.00
2017.01.10 03:04:31.325,1.14181,1.14195,1.00,1.00
2017.01.10 03:04:31.578,1.14183,1.14199,1.00,1.00
2017.01.10 03:04:31.629,1.14186,1.142,1.00,1.50
2017.01.10 03:04:31.680,1.1418,1.142,1.87,1.00
2017.01.10 03:04:31.731,1.1418,1.14198,1.87,1.00
2017.01.10 03:04:31.781,1.1418,1.14198,1.50,1.00
2017.01.10 03:04:31.832,1.14182,1.14198,1.00,1.00
2017.01.10 03:04:31.883,1.1418,1.14198,1.12,1.00
2017.01.10 03:04:31.984,1.14183,1.14198,1.00,1.00
2017.01.10 03:04:35.848,1.14184,1.14198,1.00,1.00
2017.01.10 03:04:36.757,1.14182,1.14198,1.00,1.00
2017.01.10 03:04:40.699,1.14181,1.14198,1.00,1.50
2017.01.10 03:04:41.307,1.1418,1.14197,1.00,1.00
2017.01.10 03:04:41.358,1.1418,1.14194,1.00,1.00
2017.01.10 03:04:41.665,1.14178,1.14193,1.00,1.00
2017.01.10 03:04:41.924,1.14176,1.14191,1.00,1.00
2017.01.10 03:04:42.518,1.14175,1.14189,1.00,1.00
2017.01.10 03:04:42.821,1.14176,1.14191,1.50,1.00
2017.01.10 03:04:43.550,1.14176,1.1419,1.50,1.00
2017.01.10 03:04:43.805,1.14174,1.14188,1.12,1.00
2017.01.10 03:04:44.191,1.14171,1.14189,1.12,1.00
2017.01.10 03:04:44.293,1.14173,1.14187,1.00,1.00
2017.01.10 03:04:44.597,1.14168,1.14182,1.00,1.00
2017.01.10 03:04:45.299,1.14167,1.14184,1.87,1.00
2017.01.10 03:04:46.362,1.14168,1.14185,1.12,1.00
2017.01.10 03:04:46.774,1.1417,1.14185,1.00,1.00
2017.01.10 03:04:47.736,1.1417,1.14186,1.00,1.00
2017.01.10 03:04:48.378,1.14172,1.14186,1.00,1.00
2017.01.10 03:04:48.883,1.14172,1.14187,1.00,1.50
2017.01.10 03:04:49.773,1.14174,1.14187,1.00,1.00
2017.01.10 03:04:49.844,1.14172,1.14187,1.00,1.50
2017.01.10 03:04:50.644,1.1417,1.14187,1.00,1.00
2017.01.10 03:04:50.887,1.14168,1.14186,1.50,1.00
2017.01.10 03:04:51.728,1.14169,1.14184,1.00,1.00
2017.01.10 03:04:51.779,1.14166,1.14183,1.87,1.00
2017.01.10 03:04:51.981,1.14168,1.14183,1.00,1.00
2017.01.10 03:04:52.755,1.1417,1.14183,1.00,1.00
2017.01.10 03:04:53.166,1.14168,1.14183,1.00,1.00
2017.01.10 03:04:53.720,1.14168,1.14183,1.00,1.37
2017.01.10 03:04:54.413,1.14169,1.14183,1.00,1.00
2017.01.10 03:04:55.724,1.14171,1.14183,1.00,1.00
2017.01.10 03:04:55.775,1.14169,1.14183,1.00,1.00
2017.01.10 03:04:55.826,1.14171,1.14183,1.00,1.00
2017.01.10 03:04:56.129,1.14174,1.14183,1.00,1.00
2017.01.10 03:04:56.225,1.14172,1.14189,1.50,1.00
2017.01.10 03:04:56.917,1.14174,1.14189,1.00,1.00
2017.01.10 03:04:59.784,1.14176,1.14192,1.00,1.00
2017.01.10 03:04:59.936,1.14179,1.14193,1.00,1.00
2017.01.10 03:05:00.239,1.14183,1.14193,1.00,1.00
2017.01.10 03:05:00.364,1.14183,1.14197,1.00,1.00
2017.01.10 03:05:00.417,1.14183,1.14199,1.00,1.50
2017.01.10 03:05:00.519,1.14185,1.14199,1.00,1.00
2017.01.10 03:05:00.620,1.14185,1.14201,1.00,1.50
2017.01.10 03:05:00.823,1.14181,1.14198,1.50,1.00
2017.01.10 03:05:00.924,1.14179,1.14196,1.75,1.00
2017.01.10 03:05:01.025,1.14179,1.14196,1.12,1.00
2017.01.10 03:05:01.110,1.14179,1.14196,1.37,1.00
2017.01.10 03:05:01.211,1.14179,1.14196,1.12,1.00
2017.01.10 03:05:01.313,1.14181,1.14198,1.00,1.12
2017.01.10 03:05:01.759,1.14177,1.14194,1.50,1.00
2017.01.10 03:05:02.062,1.14176,1.14192,1.50,1.00
2017.01.10 03:05:02.569,1.14177,1.14192,1.00,1.00
2017.01.10 03:05:02.620,1.14177,1.14195,1.50,1.50
2017.01.10 03:05:03.170,1.14178,1.14195,1.00,2.25
2017.01.10 03:05:03.409,1.14181,1.14195,1.00,1.50
2017.01.10 03:05:03.712,1.14178,1.14195,1.00,1.00
2017.01.10 03:05:04.294,1.14179,1.14195,1.00,1.87
2017.01.10 03:05:05.527,1.14182,1.14195,1.00,1.12
2017.01.10 03:05:05.934,1.1418,1.14195,1.00,1.00
2017.01.10 03:05:06.538,1.14182,1.14195,1.00,1.00
2017.01.10 03:05:06.698,1.1418,1.14195,1.00,1.00
2017.01.10 03:05:06.749,1.14182,1.14197,1.50,1.00
2017.01.10 03:05:07.104,1.14185,1.14197,1.00,1.00
2017.01.10 03:05:07.155,1.14181,1.14199,1.50,1.00
2017.01.10 03:05:08.069,1.14182,1.14199,1.00,1.12
2017.01.10 03:05:09.028,1.14182,1.14198,1.50,1.00
2017.01.10 03:05:10.107,1.14182,1.14196,1.00,1.00
2017.01.10 03:05:10.859,1.1418,1.14196,1.00,1.00
2017.01.10 03:05:11.108,1.14182,1.14196,1.00,1.00
2017.01.10 03:05:11.659,1.14181,1.14196,1.00,1.00
2017.01.10 03:05:12.401,1.14182,1.14196,1.00,1.00
2017.01.10 03:05:14.043,1.14182,1.14199,1.00,1.37
2017.01.10 03:05:14.593,1.14183,1.14197,1.00,1.00
2017.01.10 03:05:15.857,1.14182,1.14197,1.00,1.00
2017.01.10 03:05:16.858,1.14183,1.14197,1.00,1.00
2017.01.10 03:05:17.877,1.14183,1.14198,1.00,1.00
2017.01.10 03:05:18.740,1.14181,1.14198,1.50,1.00
2017.01.10 03:05:18.816,1.1418,1.14196,1.00,1.00
2017.01.10 03:05:19.136,1.14179,1.14194,1.00,1.00
2017.01.10 03:05:19.935,1.14178,1.14193,1.00,1.35
2017.01.10 03:05:20.035,1.14175,1.14191,1.12,1.00
2017.01.10 03:05:20.086,1.14173,1.14188,1.12,1.35
2017.01.10 03:05:20.427,1.14171,1.14185,1.00,1.00
2017.01.10 03:05:20.477,1.14173,1.14189,1.00,1.00
2017.01.10 03:05:20.680,1.14173,1.14191,1.00,1.00
2017.01.10 03:05:20.883,1.14173,1.14187,1.00,1.00
2017.01.10 03:05:20.934,1.14171,1.14187,1.00,1.00
2017.01.10 03:05:20.985,1.14169,1.14185,1.50,1.00
2017.01.10 03:05:21.554,1.14169,1.14185,1.00,1.00
2017.01.10 03:05:22.103,1.14168,1.14184,1.00,1.50
2017.01.10 03:05:22.460,1.14166,1.14183,1.00,1.00
2017.01.10 03:05:22.766,1.14163,1.14181,2.25,1.50
2017.01.10 03:05:23.083,1.14162,1.14174,1.50,1.00
2017.01.10 03:05:23.515,1.14158,1.14173,1.75,1.00
2017.01.10 03:05:23.687,1.14158,1.14173,1.00,1.00
2017.01.10 03:05:23.883,1.14156,1.14171,1.12,1.00
2017.01.10 03:05:24.188,1.14151,1.14163,1.75,1.00
2017.01.10 03:05:24.492,1.14152,1.14168,1.75,1.00
2017.01.10 03:05:24.594,1.14152,1.14167,1.00,1.00
2017.01.10 03:05:24.646,1.14151,1.14169,1.50,1.12
2017.01.10 03:05:24.747,1.14151,1.14166,1.50,1.00
2017.01.10 03:05:24.814,1.14151,1.14169,1.50,1.00
2017.01.10 03:05:24.966,1.14153,1.14169,1.00,1.12
2017.01.10 03:05:25.286,1.14153,1.14171,1.00,1.00
2017.01.10 03:05:25.385,1.14155,1.14172,1.00,1.00
2017.01.10 03:05:25.689,1.14162,1.14176,1.00,1.00
2017.01.10 03:05:25.841,1.14159,1.14176,1.00,1.00
2017.01.10 03:05:26.505,1.14159,1.14177,1.00,1.87
2017.01.10 03:05:26.879,1.14157,1.14173,1.00,1.00
2017.01.10 03:05:26.982,1.14155,1.14173,1.00,1.00
2017.01.10 03:05:27.033,1.14155,1.14173,1.00,1.09
2017.01.10 03:05:27.336,1.14152,1.14172,1.50,1.50
2017.01.10 03:05:27.837,1.14155,1.14172,1.00,1.12
2017.01.10 03:05:28.143,1.14153,1.14173,1.12,2.25
2017.01.10 03:05:28.194,1.14157,1.14173,1.00,1.50
2017.01.10 03:05:28.245,1.14153,1.14172,1.37,1.00
2017.01.10 03:05:28.498,1.14153,1.14169,1.00,1.00
2017.01.10 03:05:28.946,1.14151,1.14163,1.00,1.00
2017.01.10 03:05:29.142,1.1415,1.14165,1.50,1.00
2017.01.10 03:05:29.244,1.14152,1.1416,1.00,1.00
2017.01.10 03:05:29.346,1.14152,1.14162,1.00,1.00
2017.01.10 03:05:29.397,1.14147,1.14162,1.00,1.00
2017.01.10 03:05:29.498,1.14148,1.14166,1.00,1.50
2017.01.10 03:05:29.650,1.14147,1.14163,1.00,1.00
2017.01.10 03:05:29.953,1.14146,1.14159,1.00,1.00
2017.01.10 03:05:30.368,1.14142,1.14159,1.12,1.00
2017.01.10 03:05:30.419,1.14142,1.14154,1.12,1.00
2017.01.10 03:05:30.470,1.14142,1.14157,1.00,1.00
2017.01.10 03:05:30.520,1.14147,1.14161,1.00,1.50
2017.01.10 03:05:30.723,1.14142,1.14156,1.12,1.00
2017.01.10 03:05:30.774,1.14142,1.14159,1.00,1.00
2017.01.10 03:05:30.976,1.14143,1.14161,1.00,1.00
2017.01.10 03:05:31.205,1.14141,1.14158,1.87,1.00
2017.01.10 03:05:31.611,1.14142,1.1416,1.00,1.00
2017.01.10 03:05:31.712,1.14142,1.14156,1.00,1.00
2017.01.10 03:05:31.763,1.14142,1.14158,1.00,1.00
2017.01.10 03:05:31.964,1.14142,1.14154,1.00,1.00
2017.01.10 03:05:32.017,1.14141,1.14156,1.00,1.00
2017.01.10 03:05:32.169,1.14137,1.14156,1.12,1.12
2017.01.10 03:05:32.301,1.14141,1.14156,1.00,1.00
2017.01.10 03:05:32.729,1.14137,1.14158,1.75,1.12
2017.01.10 03:05:33.578,1.14142,1.14158,1.00,1.12
2017.01.10 03:05:33.996,1.14143,1.14162,1.00,1.50
2017.01.10 03:05:34.095,1.14145,1.14165,1.00,1.75
2017.01.10 03:05:34.320,1.14147,1.14167,1.00,2.25
2017.01.10 03:05:36.585,1.14149,1.14166,1.00,1.12
2017.01.10 03:05:37.104,1.14148,1.14165,1.00,1.50
2017.01.10 03:05:37.306,1.14147,1.14165,1.00,1.00
2017.01.10 03:05:37.695,1.14149,1.14166,1.00,1.00
2017.01.10 03:05:38.122,1.14151,1.14167,1.00,1.00
2017.01.10 03:05:38.173,1.14149,1.14167,1.00,1.00
2017.01.10 03:05:38.429,1.14148,1.14165,1.00,1.00
2017.01.10 03:05:38.757,1.14151,1.14162,1.00,1.00
2017.01.10 03:05:38.809,1.14146,1.14162,1.00,1.00
2017.01.10 03:05:39.044,1.14147,1.1416,1.00,1.00
2017.01.10 03:05:39.634,1.14147,1.14162,1.00,1.37
2017.01.10 03:05:39.937,1.14152,1.14162,1.00,1.00
2017.01.10 03:05:40.667,1.14146,1.14162,1.50,1.00
2017.01.10 03:05:41.148,1.14152,1.14162,1.00,1.00
2017.01.10 03:05:41.504,1.14151,1.14168,1.00,1.12
2017.01.10 03:05:41.605,1.14157,1.14169,1.00,1.00
2017.01.10 03:05:41.707,1.14154,1.14169,1.00,1.00
2017.01.10 03:05:41.758,1.14157,1.14169,1.00,1.00
2017.01.10 03:05:41.809,1.14157,1.14171,1.00,1.50
2017.01.10 03:05:41.860,1.14157,1.14169,1.00,1.00
2017.01.10 03:05:41.961,1.14155,1.14171,1.00,1.50
2017.01.10 03:05:42.676,1.14152,1.14171,1.87,1.00
2017.01.10 03:05:43.661,1.14151,1.1417,1.00,1.00
2017.01.10 03:05:43.904,1.14155,1.14171,1.00,1.00
2017.01.10 03:05:44.207,1.14162,1.14176,1.00,1.00
2017.01.10 03:05:44.309,1.14157,1.14175,1.00,1.00
2017.01.10 03:05:44.511,1.14159,1.14177,1.00,1.12
2017.01.10 03:05:45.540,1.14159,1.14176,1.00,1.00
2017.01.10 03:05:45.591,1.14161,1.14179,1.00,1.87
2017.01.10 03:05:45.641,1.14163,1.14179,1.00,1.12
2017.01.10 03:05:45.945,1.14161,1.14173,1.00,1.00
2017.01.10 03:05:45.996,1.14161,1.14176,1.00,1.00
2017.01.10 03:05:46.108,1.14158,1.14176,1.87,1.00
2017.01.10 03:05:46.412,1.1416,1.14176,1.00,1.00
2017.01.10 03:05:46.563,1.14158,1.14176,1.50,1.00
2017.01.10 03:05:47.064,1.14158,1.14178,1.00,2.25
2017.01.10 03:05:47.567,1.14159,1.14178,1.00,1.50
2017.01.10 03:05:47.787,1.14162,1.1418,1.50,1.75
2017.01.10 03:05:47.939,1.14162,1.1418,1.00,2.25
2017.01.10 03:05:48.429,1.14163,1.14183,1.50,1.00
2017.01.10 03:05:48.834,1.14165,1.14185,1.00,1.00
2017.01.10 03:05:49.156,1.14167,1.14184,1.00,1.50
2017.01.10 03:05:49.638,1.14171,1.14184,1.00,1.00
2017.01.10 03:05:49.740,1.14167,1.14184,1.00,1.50
2017.01.10 03:05:50.062,1.14172,1.14184,1.00,1.00
2017.01.10 03:05:50.370,1.14167,1.14184,1.00,1.12
2017.01.10 03:05:50.821,1.14166,1.1418,1.00,1.00
2017.01.10 03:05:51.221,1.14166,1.14183,1.00,3.37
2017.01.10 03:05:51.524,1.14167,1.14183,1.00,2.25
2017.01.10 03:05:51.928,1.14163,1.14183,1.00,1.37
2017.01.10 03:05:52.030,1.14161,1.14179,1.37,1.00
2017.01.10 03:05:52.364,1.14163,1.14181,1.00,1.87
2017.01.10 03:05:52.415,1.1416,1.14178,1.37,1.00
2017.01.10 03:05:52.617,1.14158,1.14176,1.00,1.00
2017.01.10 03:05:52.974,1.1416,1.14178,1.00,1.00
2017.01.10 03:05:53.503,1.14159,1.14177,1.12,1.00
2017.01.10 03:05:53.973,1.1416,1.14179,1.00,1.50
2017.01.10 03:05:54.094,1.14157,1.14176,2.62,1.00
2017.01.10 03:05:54.347,1.14155,1.14174,1.00,1.12
2017.01.10 03:05:55.401,1.14159,1.14177,1.00,1.75
2017.01.10 03:05:55.452,1.14157,1.14177,1.87,2.25
2017.01.10 03:05:55.604,1.14161,1.14177,1.00,1.50
2017.01.10 03:05:55.705,1.14161,1.14181,1.12,2.62
2017.01.10 03:05:55.756,1.14161,1.14181,1.00,3.00
2017.01.10 03:05:55.863,1.14161,1.14181,1.12,2.62
2017.01.10 03:05:56.346,1.14165,1.14181,1.00,1.12
2017.01.10 03:05:56.458,1.14165,1.14183,1.00,1.50
2017.01.10 03:05:57.837,1.14166,1.14182,1.00,1.00
2017.01.10 03:05:57.888,1.14164,1.14182,1.12,1.00
2017.01.10 03:05:57.939,1.14162,1.14182,1.00,1.12
2017.01.10 03:05:57.989,1.14162,1.14179,1.00,1.00
2017.01.10 03:05:58.293,1.14158,1.14176,1.00,1.00
2017.01.10 03:05:59.040,1.14159,1.14177,1.00,1.87
2017.01.10 03:06:00.084,1.14158,1.14175,1.00,1.00
2017.01.10 03:06:00.538,1.14156,1.14175,1.12,1.50
2017.01.10 03:06:00.740,1.14153,1.14173,1.37,1.50
2017.01.10 03:06:01.102,1.14156,1.14173,1.00,2.25
2017.01.10 03:06:01.505,1.14158,1.14175,1.00,2.25
2017.01.10 03:06:02.284,1.14157,1.14175,1.00,1.50
2017.01.10 03:06:02.587,1.1416,1.14177,1.00,1.00
2017.01.10 03:06:03.091,1.1416,1.14178,1.00,1.12
2017.01.10 03:06:03.670,1.14161,1.14178,1.00,1.12
2017.01.10 03:06:04.100,1.14163,1.14179,1.00,1.37
2017.01.10 03:06:04.252,1.14163,1.14182,1.00,1.00
2017.01.10 03:06:04.305,1.14166,1.14183,1.00,1.12
2017.01.10 03:06:05.328,1.14166,1.14182,1.00,1.00
2017.01.10 03:06:05.832,1.14167,1.14183,1.00,1.00
2017.01.10 03:06:06.337,1.14168,1.14184,1.00,1.00
2017.01.10 03:06:06.638,1.14166,1.14182,1.00,1.00
2017.01.10 03:06:07.143,1.14166,1.14183,1.12,1.00
2017.01.10 03:06:07.459,1.14163,1.14179,1.50,1.00
2017.01.10 03:06:07.863,1.1416,1.14178,1.12,1.50
2017.01.10 03:06:07.914,1.14159,1.14176,1.50,1.00
2017.01.10 03:06:08.374,1.14157,1.14175,1.00,1.50
2017.01.10 03:06:08.476,1.14155,1.14173,1.50,1.00
2017.01.10 03:06:08.932,1.14153,1.14171,1.87,1.00
2017.01.10 03:06:09.446,1.14154,1.1417,1.00,1.00
2017.01.10 03:06:09.547,1.14155,1.14173,1.00,1.50
2017.01.10 03:06:09.699,1.14156,1.14174,1.00,1.12
2017.01.10 03:06:10.236,1.14156,1.14175,1.12,1.00
2017.01.10 03:06:10.776,1.14157,1.14175,1.00,1.00
2017.01.10 03:06:11.899,1.14158,1.14175,1.00,1.00
2017.01.10 03:06:12.533,1.14156,1.14175,1.50,1.00
2017.01.10 03:06:12.869,1.14156,1.14172,1.00,1.00
2017.01.10 03:06:13.163,1.14156,1.14175,1.87,1.00
2017.01.10 03:06:13.216,1.14158,1.14177,1.00,1.37
2017.01.10 03:06:13.734,1.14158,1.14177,1.12,1.00
2017.01.10 03:06:14.089,1.1416,1.14177,1.00,1.12
2017.01.10 03:06:14.350,1.14157,1.14175,1.00,1.00
2017.01.10 03:06:14.561,1.14156,1.14174,1.00,1.87
2017.01.10 03:06:15.061,1.14153,1.14171,1.00,1.12
2017.01.10 03:06:15.263,1.14149,1.14166,1.00,1.50
2017.01.10 03:06:15.380,1.14145,1.14163,1.50,1.50
2017.01.10 03:06:15.431,1.14145,1.1416,1.00,1.00
2017.01.10 03:06:15.483,1.14144,1.14163,1.00,1.37
2017.01.10 03:06:15.671,1.14142,1.1416,1.00,1.00
2017.01.10 03:06:15.975,1.14137,1.14153,1.00,1.00
2017.01.10 03:06:16.076,1.14137,1.14157,1.00,1.50
2017.01.10 03:06:16.620,1.14138,1.14158,1.00,1.75
2017.01.10 03:06:17.400,1.14139,1.14159,1.00,3.00
2017.01.10 03:06:17.707,1.1414,1.14159,1.00,1.00
2017.01.10 03:06:17.841,1.14145,1.14159,1.00,1.00
2017.01.10 03:06:18.102,1.14147,1.14165,1.00,1.50
2017.01.10 03:06:18.506,1.14144,1.14163,1.00,1.50
2017.01.10 03:06:18.629,1.1414,1.14158,1.12,1.00
2017.01.10 03:06:19.073,1.14141,1.14163,1.50,1.75
2017.01.10 03:06:19.224,1.14144,1.14165,1.00,3.00
2017.01.10 03:06:19.811,1.14145,1.14163,1.00,1.12
2017.01.10 03:06:21.017,1.14146,1.14165,1.00,1.87
2017.01.10 03:06:21.225,1.14146,1.14163,1.00,1.00
2017.01.10 03:06:22.069,1.14148,1.14165,1.00,1.87
2017.01.10 03:06:22.279,1.14143,1.14161,1.00,1.00
2017.01.10 03:06:22.433,1.14141,1.14158,1.00,1.00
2017.01.10 03:06:22.737,1.14145,1.14162,1.00,1.75
2017.01.10 03:06:22.788,1.14145,1.14162,1.00,1.12
2017.01.10 03:06:22.940,1.14148,1.14164,1.00,2.25
2017.01.10 03:06:22.990,1.14144,1.14161,1.00,1.00
2017.01.10 03:06:23.132,1.14145,1.14164,1.00,1.37
2017.01.10 03:06:23.450,1.14142,1.14163,1.50,1.12
2017.01.10 03:06:23.602,1.14145,1.14164,1.00,1.75
2017.01.10 03:06:23.704,1.14145,1.14164,1.00,1.75
2017.01.10 03:06:23.754,1.14147,1.14165,1.00,1.75
2017.01.10 03:06:23.805,1.14147,1.14165,1.00,1.00
2017.01.10 03:06:23.884,1.14145,1.14164,1.00,1.00
2017.01.10 03:06:24.046,1.14143,1.14162,1.50,1.00
2017.01.10 03:06:24.702,1.14144,1.1416,1.00,1.00
2017.01.10 03:06:25.218,1.14144,1.14161,1.00,1.00
2017.01.10 03:06:25.628,1.14141,1.1416,1.00,1.00
2017.01.10 03:06:26.506,1.14139,1.14158,2.25,1.00
2017.01.10 03:06:26.809,1.14139,1.14156,1.00,1.50
2017.01.10 03:06:27.293,1.14136,1.14155,1.00,1.00
2017.01.10 03:06:27.444,1.14135,1.14151,1.00,1.00
2017.01.10 03:06:27.596,1.14136,1.14153,1.12,1.00
2017.01.10 03:06:27.647,1.14135,1.14151,1.00,1.00
2017.01.10 03:06:27.822,1.14132,1.14152,1.50,1.00
2017.01.10 03:06:28.012,1.14133,1.14152,1.50,1.00
2017.01.10 03:06:28.332,1.14133,1.14151,1.00,1.00
2017.01.10 03:06:29.074,1.14133,1.14149,1.00,1.00
2017.01.10 03:06:29.125,1.1413,1.1415,1.00,1.00
2017.01.10 03:06:29.176,1.14129,1.14147,1.00,1.00
2017.01.10 03:06:29.526,1.14124,1.14142,1.00,1.00
2017.01.10 03:06:29.829,1.14121,1.14137,1.00,1.00
2017.01.10 03:06:30.044,1.14118,1.14135,1.00,1.00
2017.01.10 03:06:30.296,1.14121,1.14136,1.00,1.00
2017.01.10 03:06:30.463,1.14121,1.14138,1.50,1.00
2017.01.10 03:06:30.564,1.14122,1.1414,1.00,1.00
2017.01.10 03:06:30.716,1.14125,1.14142,1.00,1.00
2017.01.10 03:06:31.077,1.14125,1.14138,1.00,1.00
2017.01.10 03:06:31.381,1.14107,1.14127,1.75,1.00
2017.01.10 03:06:31.432,1.14106,1.14125,2.25,1.00
2017.01.10 03:06:31.632,1.14111,1.14123,1.00,1.00
2017.01.10 03:06:31.683,1.14106,1.14122,1.00,1.00
2017.01.10 03:06:31.734,1.14112,1.14127,1.00,1.50
2017.01.10 03:06:31.887,1.14103,1.14123,1.00,1.00
2017.01.10 03:06:31.938,1.14107,1.14122,1.00,1.00
2017.01.10 03:06:31.989,1.14103,1.14121,1.75,1.00
2017.01.10 03:06:32.040,1.14112,1.14122,1.00,1.00
2017.01.10 03:06:32.091,1.14106,1.14121,1.00,1.00
2017.01.10 03:06:32.142,1.14102,1.14119,1.00,1.00
2017.01.10 03:06:32.193,1.14107,1.14119,1.00,1.00
2017.01.10 03:06:32.334,1.14102,1.1412,1.00,1.12
2017.01.10 03:06:32.486,1.14101,1.14115,1.00,1.00
2017.01.10 03:06:32.588,1.14098,1.14117,1.12,1.37
2017.01.10 03:06:32.690,1.14096,1.14113,1.00,1.00
2017.01.10 03:06:32.895,1.14093,1.14113,1.12,1.37
2017.01.10 03:06:32.946,1.14097,1.14117,1.00,1.75
2017.01.10 03:06:33.033,1.14097,1.14118,1.00,2.25
2017.01.10 03:06:33.084,1.14099,1.14119,1.00,1.75
2017.01.10 03:06:33.387,1.14097,1.14113,1.00,1.00
2017.01.10 03:06:33.489,1.14095,1.14113,1.00,1.00
2017.01.10 03:06:33.641,1.14095,1.14115,1.12,1.00
2017.01.10 03:06:33.692,1.14101,1.14115,1.00,1.00
2017.01.10 03:06:33.946,1.14097,1.14117,2.25,1.00
2017.01.10 03:06:34.029,1.14096,1.14116,1.75,1.50
2017.01.10 03:06:34.178,1.14093,1.14115,1.50,1.00
2017.01.10 03:06:34.229,1.14097,1.14116,1.00,1.75
2017.01.10 03:06:34.330,1.14096,1.14116,1.00,2.62
2017.01.10 03:06:34.381,1.14093,1.14115,1.50,1.30
2017.01.10 03:06:34.432,1.14092,1.14112,1.75,1.00
2017.01.10 03:06:34.483,1.14094,1.14114,1.12,1.87
2017.01.10 03:06:34.534,1.14094,1.14112,1.00,1.00
2017.01.10 03:06:34.838,1.14093,1.14113,1.00,1.87
2017.01.10 03:06:35.236,1.14098,1.14118,1.00,1.00
2017.01.10 03:06:35.287,1.14097,1.14116,1.00,1.00
2017.01.10 03:06:35.338,1.14095,1.14116,1.00,1.87
2017.01.10 03:06:35.435,1.14093,1.14113,1.00,1.00
2017.01.10 03:06:35.739,1.14095,1.14115,1.00,1.75
2017.01.10 03:06:36.042,1.14092,1.14114,1.87,1.12
2017.01.10 03:06:36.093,1.1409,1.14111,1.75,1.00
2017.01.10 03:06:36.398,1.14087,1.14105,1.50,1.00
2017.01.10 03:06:36.713,1.14096,1.14111,1.00,1.12
2017.01.10 03:06:37.017,1.141,1.14119,1.00,1.12
2017.01.10 03:06:37.069,1.141,1.1412,1.00,1.75
2017.01.10 03:06:37.170,1.141,1.1412,1.00,1.75
2017.01.10 03:06:37.296,1.14106,1.14125,1.00,1.12
2017.01.10 03:06:37.449,1.14111,1.14125,1.50,1.00
2017.01.10 03:06:37.551,1.14112,1.14131,1.00,1.00
2017.01.10 03:06:37.746,1.14116,1.14134,1.00,1.37
2017.01.10 03:06:38.227,1.14114,1.14136,1.12,1.87
2017.01.10 03:06:38.329,1.14117,1.14133,1.00,1.12
2017.01.10 03:06:38.379,1.14114,1.14134,1.12,1.00
2017.01.10 03:06:38.531,1.14114,1.14135,1.37,1.00
2017.01.10 03:06:38.986,1.14114,1.14135,1.00,1.50
2017.01.10 03:06:39.162,1.14117,1.14137,1.00,1.75
2017.01.10 03:06:39.263,1.14116,1.14137,1.50,1.87
2017.01.10 03:06:39.364,1.14115,1.14136,1.00,1.37
2017.01.10 03:06:39.694,1.14115,1.14135,1.00,1.37
2017.01.10 03:06:39.846,1.14115,1.14137,1.00,1.00
2017.01.10 03:06:40.011,1.14117,1.14137,1.00,1.00
2017.01.10 03:06:40.701,1.14118,1.14137,1.00,1.00
2017.01.10 03:06:41.251,1.14117,1.14134,1.00,1.00
2017.01.10 03:06:41.594,1.14121,1.14136,1.00,1.75
2017.01.10 03:06:41.746,1.14121,1.14136,1.00,1.50
2017.01.10 03:06:41.797,1.14117,1.14137,1.00,1.12
2017.01.10 03:06:42.052,1.14117,1.14139,1.50,1.12
2017.01.10 03:06:42.204,1.14114,1.14136,1.12,1.00
2017.01.10 03:06:42.298,1.14113,1.14134,1.00,1.37
2017.01.10 03:06:42.602,1.14118,1.14139,1.00,1.87
2017.01.10 03:06:42.653,1.14118,1.14137,1.00,1.00
2017.01.10 03:06:42.754,1.14118,1.14139,1.00,1.50
2017.01.10 03:06:43.156,1.14127,1.14142,1.00,1.12
2017.01.10 03:06:43.257,1.14127,1.14145,1.00,1.50
2017.01.10 03:06:43.459,1.14129,1.14145,1.00,1.00
2017.01.10 03:06:43.560,1.14129,1.14147,1.00,1.00
2017.01.10 03:06:43.692,1.14129,1.14152,1.00,1.75
2017.01.10 03:06:44.401,1.14127,1.14148,1.87,1.00
2017.01.10 03:06:44.770,1.14128,1.14149,1.50,1.75
2017.01.10 03:06:44.973,1.14128,1.14149,1.00,1.50
2017.01.10 03:06:45.175,1.14125,1.14144,1.00,1.00
2017.01.10 03:06:45.701,1.14127,1.14145,1.00,2.25
2017.01.10 03:06:46.334,1.14126,1.14143,1.00,1.50
2017.01.10 03:06:46.693,1.14132,1.14145,1.00,1.00
2017.01.10 03:06:46.844,1.14132,1.14149,1.00,1.87
2017.01.10 03:06:48.647,1.14132,1.14149,1.00,1.50
2017.01.10 03:06:49.060,1.14129,1.14149,1.50,1.00
2017.01.10 03:06:49.198,1.14127,1.14149,1.87,1.87
2017.01.10 03:06:49.350,1.14127,1.14149,1.87,1.87
2017.01.10 03:06:49.855,1.14128,1.14147,1.00,1.50
2017.01.10 03:06:50.158,1.14129,1.1415,1.50,1.75
2017.01.10 03:06:50.728,1.1413,1.14151,1.00,1.75
2017.01.10 03:06:51.268,1.14131,1.14152,1.00,1.75
2017.01.10 03:06:51.571,1.1413,1.14149,1.00,1.75
2017.01.10 03:06:52.075,1.14129,1.14148,1.00,1.50
2017.01.10 03:06:53.231,1.14131,1.1415,1.00,1.87
2017.01.10 03:06:53.383,1.14131,1.1415,1.00,1.12
2017.01.10 03:06:53.980,1.14132,1.14151,1.00,1.37
2017.01.10 03:06:54.321,1.14129,1.1415,1.37,1.12
2017.01.10 03:06:54.372,1.14128,1.14149,1.12,1.87
2017.01.10 03:06:54.890,1.14128,1.14148,1.00,1.87
2017.01.10 03:06:55.391,1.14127,1.14148,1.00,2.62
2017.01.10 03:06:55.997,1.14128,1.14146,1.00,1.00
2017.01.10 03:06:56.542,1.14128,1.14144,1.00,1.00
2017.01.10 03:06:56.759,1.14125,1.14144,1.00,1.00
2017.01.10 03:06:57.328,1.14125,1.14144,1.00,1.37
2017.01.10 03:06:57.875,1.14125,1.14142,1.00,1.00
2017.01.10 03:06:58.398,1.14123,1.14142,1.50,1.00
2017.01.10 03:06:58.730,1.14127,1.14144,1.00,1.37
2017.01.10 03:06:58.830,1.14125,1.14144,1.00,1.37
2017.01.10 03:06:59.479,1.14124,1.14143,1.00,1.12
2017.01.10 03:06:59.580,1.14124,1.14143,1.00,1.87
2017.01.10 03:07:00.451,1.14122,1.14141,1.00,1.12
2017.01.10 03:07:00.603,1.14122,1.14141,1.50,1.50
2017.01.10 03:07:01.469,1.1412,1.14139,1.00,1.50
2017.01.10 03:07:01.743,1.1412,1.14138,1.00,1.37
2017.01.10 03:07:01.794,1.14118,1.14137,1.50,1.12
2017.01.10 03:07:01.845,1.14118,1.14134,1.00,1.00
2017.01.10 03:07:02.148,1.14114,1.14131,1.50,1.00
2017.01.10 03:07:02.315,1.14113,1.14131,1.00,1.00
2017.01.10 03:07:02.413,1.14111,1.14127,1.00,1.00
2017.01.10 03:07:02.716,1.14106,1.14123,1.00,1.00
2017.01.10 03:07:02.832,1.14108,1.14124,1.00,1.12
2017.01.10 03:07:03.136,1.14105,1.14123,1.00,1.12
2017.01.10 03:07:03.238,1.14103,1.14122,1.00,1.50
2017.01.10 03:07:03.389,1.14103,1.14119,1.00,1.00
2017.01.10 03:07:03.713,1.14105,1.14121,1.00,1.00
2017.01.10 03:07:04.116,1.14106,1.14126,1.00,1.87
2017.01.10 03:07:04.898,1.14106,1.14127,1.50,2.25
2017.01.10 03:07:05.849,1.14112,1.14129,1.00,1.87
2017.01.10 03:07:06.103,1.14112,1.14132,1.50,1.12
2017.01.10 03:07:06.305,1.14111,1.14131,1.50,1.12
2017.01.10 03:07:06.508,1.14111,1.14129,1.00,1.00
2017.01.10 03:07:06.849,1.14116,1.1413,1.00,1.00
2017.01.10 03:07:07.133,1.14116,1.14132,1.00,1.00
2017.01.10 03:07:07.388,1.1412,1.14137,1.00,1.87
2017.01.10 03:07:07.692,1.14121,1.14138,1.00,1.00
2017.01.10 03:07:08.208,1.14121,1.14138,1.00,1.50
2017.01.10 03:07:08.489,1.14121,1.14137,1.00,1.37
2017.01.10 03:07:08.894,1.14118,1.14137,1.42,1.50
2017.01.10 03:07:09.455,1.1412,1.14137,1.00,1.50
2017.01.10 03:07:09.952,1.14119,1.14133,1.00,1.00
2017.01.10 03:07:10.172,1.14117,1.14135,1.00,2.25
2017.01.10 03:07:10.578,1.14122,1.14139,1.00,2.62
2017.01.10 03:07:10.629,1.1412,1.14137,1.00,1.75
2017.01.10 03:07:10.680,1.14126,1.14134,1.00,1.50
2017.01.10 03:07:10.731,1.14126,1.14136,1.00,1.12
2017.01.10 03:07:10.832,1.14126,1.14134,1.00,1.00
2017.01.10 03:07:10.984,1.14122,1.14132,1.00,1.00
2017.01.10 03:07:11.101,1.14117,1.14131,1.00,1.00
2017.01.10 03:07:11.203,1.14115,1.14132,1.50,1.00
2017.01.10 03:07:11.254,1.14118,1.14131,1.00,1.00
2017.01.10 03:07:11.571,1.14121,1.14137,1.00,1.75
2017.01.10 03:07:11.635,1.14121,1.14136,1.00,1.00
2017.01.10 03:07:11.829,1.14121,1.14138,1.00,1.00
2017.01.10 03:07:12.029,1.14117,1.14135,1.00,1.00
2017.01.10 03:07:12.080,1.14117,1.14133,1.00,1.50
2017.01.10 03:07:12.282,1.14112,1.1413,1.87,1.00
2017.01.10 03:07:12.534,1.14112,1.14129,1.00,2.25
2017.01.10 03:07:12.635,1.14112,1.14129,1.00,1.50
2017.01.10 03:07:13.223,1.14117,1.1413,1.00,1.00
2017.01.10 03:07:13.832,1.14112,1.1413,1.50,1.00
2017.01.10 03:07:13.883,1.14114,1.1413,1.00,1.00
2017.01.10 03:07:14.035,1.14114,1.14132,1.00,1.12
2017.01.10 03:07:14.638,1.14116,1.14132,1.00,1.12
2017.01.10 03:07:15.077,1.14118,1.14137,1.00,1.75
2017.01.10 03:07:15.201,1.14118,1.14139,1.00,2.25
2017.01.10 03:07:15.252,1.14122,1.14139,1.00,3.00
2017.01.10 03:07:15.353,1.14122,1.14139,1.00,2.25
2017.01.10 03:07:15.615,1.14123,1.1414,1.00,1.50
2017.01.10 03:07:15.972,1.14122,1.14137,1.00,1.00
2017.01.10 03:07:16.363,1.1412,1.14137,1.00,1.50
2017.01.10 03:07:16.414,1.14118,1.14136,1.00,1.00
2017.01.10 03:07:16.465,1.14116,1.14135,1.50,1.50
2017.01.10 03:07:17.055,1.14116,1.14134,1.00,1.00
2017.01.10 03:07:18.220,1.14115,1.14134,1.00,1.50
2017.01.10 03:07:18.322,1.14117,1.14134,1.00,1.50
2017.01.10 03:07:18.864,1.14117,1.14133,1.00,1.00
2017.01.10 03:07:19.188,1.14119,1.14134,1.00,1.00
2017.01.10 03:07:19.491,1.14122,1.14136,1.00,1.12
2017.01.10 03:07:19.996,1.14121,1.14138,1.00,2.25
2017.01.10 03:07:20.575,1.14121,1.14135,1.00,1.00
2017.01.10 03:07:20.626,1.14118,1.14135,1.00,1.00
2017.01.10 03:07:20.677,1.14116,1.14135,1.12,1.50
2017.01.10 03:07:21.533,1.14117,1.14135,1.00,1.00
2017.01.10 03:07:23.858,1.14118,1.14133,1.00,1.00
2017.01.10 03:07:24.450,1.14117,1.14134,1.00,1.00
2017.01.10 03:07:25.108,1.14118,1.14132,1.00,1.00
2017.01.10 03:07:26.151,1.14118,1.14133,1.00,1.00
2017.01.10 03:07:26.998,1.14117,1.14135,1.00,1.00
2017.01.10 03:07:27.049,1.14122,1.14135,1.00,1.00
2017.01.10 03:07:27.251,1.14125,1.14139,1.00,1.00
2017.01.10 03:07:28.034,1.14126,1.1414,1.00,1.00
2017.01.10 03:07:29.030,1.14126,1.14141,1.00,1.00
2017.01.10 03:07:29.081,1.14129,1.14142,1.00,1.00
2017.01.10 03:07:29.233,1.14131,1.14146,1.00,1.50
2017.01.10 03:07:29.335,1.14131,1.14148,1.00,1.12
2017.01.10 03:07:29.538,1.14132,1.14151,1.37,2.25
2017.01.10 03:07:29.740,1.14135,1.14152,1.12,1.00
2017.01.10 03:07:30.367,1.14138,1.14156,1.12,1.50
2017.01.10 03:07:30.670,1.14138,1.14157,1.00,1.00
2017.01.10 03:07:30.885,1.14136,1.14152,1.87,1.00
2017.01.10 03:07:30.986,1.14133,1.14152,1.87,1.00
2017.01.10 03:07:31.109,1.14133,1.14149,1.00,1.00
2017.01.10 03:07:31.463,1.14129,1.14146,1.50,1.00
2017.01.10 03:07:31.665,1.14131,1.14148,1.00,1.50
2017.01.10 03:07:32.080,1.14133,1.1415,1.50,1.00
2017.01.10 03:07:32.232,1.14138,1.14151,1.00,1.00
2017.01.10 03:07:32.300,1.14138,1.14155,1.00,1.50
2017.01.10 03:07:32.926,1.14138,1.14155,1.37,1.00
2017.01.10 03:07:33.041,1.14139,1.14158,1.12,1.12
2017.01.10 03:07:33.092,1.14142,1.14159,1.00,1.50
2017.01.10 03:07:33.613,1.14136,1.14153,2.62,1.00
2017.01.10 03:07:33.663,1.14136,1.14153,1.87,1.00
2017.01.10 03:07:33.714,1.14135,1.14151,1.50,1.00
2017.01.10 03:07:33.855,1.14134,1.14151,1.00,1.00
2017.01.10 03:07:34.574,1.14134,1.14153,1.00,1.12
2017.01.10 03:07:35.267,1.14137,1.14153,1.00,1.12
2017.01.10 03:07:35.863,1.14134,1.14153,1.00,1.12
2017.01.10 03:07:36.077,1.14137,1.14154,1.00,1.50
2017.01.10 03:07:36.381,1.14143,1.1416,1.00,2.25
2017.01.10 03:07:36.482,1.14143,1.1416,1.00,1.75
2017.01.10 03:07:36.583,1.14143,1.1416,1.00,1.12
2017.01.10 03:07:37.401,1.14142,1.1416,1.50,1.12
2017.01.10 03:07:38.655,1.14147,1.1416,1.00,1.12
2017.01.10 03:07:39.903,1.14142,1.1416,1.00,1.00
2017.01.10 03:07:41.443,1.14144,1.14161,1.00,1.00
2017.01.10 03:07:42.164,1.14143,1.1416,1.00,1.00
2017.01.10 03:07:42.860,1.14142,1.14158,1.00,1.00
2017.01.10 03:07:43.830,1.14142,1.14157,1.50,1.00
2017.01.10 03:07:45.971,1.14142,1.14154,1.00,1.00
2017.01.10 03:07:46.878,1.14143,1.14157,1.00,1.00
2017.01.10 03:07:47.573,1.14142,1.14157,1.00,1.00
2017.01.10 03:07:49.606,1.14143,1.14158,1.00,1.12
2017.01.10 03:07:50.258,1.14142,1.14156,1.50,1.00
2017.01.10 03:07:51.960,1.14142,1.14153,1.00,1.00
2017.01.10 03:07:52.626,1.14142,1.14156,1.00,1.50
2017.01.10 03:07:52.950,1.14142,1.14154,1.00,1.00
2017.01.10 03:07:53.606,1.14142,1.14155,1.00,1.00
2017.01.10 03:07:53.858,1.14142,1.14157,1.00,1.00
2017.01.10 03:07:57.858,1.14142,1.14159,1.00,1.00
2017.01.10 03:07:58.061,1.14143,1.14161,1.12,1.00
2017.01.10 03:07:58.111,1.14143,1.14159,1.12,1.00
2017.01.10 03:07:59.897,1.14146,1.1416,1.00,1.00
2017.01.10 03:08:00.250,1.14144,1.14159,1.00,1.00
2017.01.10 03:08:01.734,1.14141,1.14158,2.25,1.00
2017.01.10 03:08:03.584,1.14147,1.14158,1.00,1.00
2017.01.10 03:08:04.099,1.14147,1.14157,1.00,1.00
2017.01.10 03:08:04.200,1.14141,1.14157,1.50,1.00
2017.01.10 03:08:04.302,1.14141,1.14155,1.50,1.00
2017.01.10 03:08:04.983,1.14142,1.14156,1.00,1.12
2017.01.10 03:08:05.258,1.1414,1.14158,1.00,1.50
2017.01.10 03:08:05.410,1.14138,1.14156,1.00,1.00
2017.01.10 03:08:06.366,1.1414,1.14155,1.00,1.00
2017.01.10 03:08:06.584,1.14138,1.14155,1.00,1.00
2017.01.10 03:08:07.509,1.14138,1.14154,1.00,1.00
2017.01.10 03:08:08.012,1.14139,1.14154,1.00,1.00
2017.01.10 03:08:09.253,1.14138,1.14154,1.00,1.00
2017.01.10 03:08:09.993,1.14137,1.14153,1.00,1.00
2017.01.10 03:08:10.248,1.14135,1.14149,1.12,1.00
2017.01.10 03:08:10.350,1.14135,1.14152,1.00,1.00
2017.01.10 03:08:10.653,1.14133,1.14151,1.00,1.00
2017.01.10 03:08:11.045,1.14135,1.14152,1.00,1.12
2017.01.10 03:08:11.805,1.14134,1.14149,1.00,1.00
2017.01.10 03:08:12.310,1.14133,1.1415,1.00,1.12
2017.01.10 03:08:12.705,1.14136,1.14151,1.00,1.00
2017.01.10 03:08:12.837,1.14134,1.1415,1.12,1.00
2017.01.10 03:08:13.927,1.14135,1.1415,1.00,1.00
2017.01.10 03:08:14.693,1.14133,1.14149,1.00,1.00
2017.01.10 03:08:15.103,1.14135,1.14149,1.00,1.00
2017.01.10 03:08:16.063,1.14135,1.1415,1.00,1.00
2017.01.10 03:08:16.594,1.14132,1.14146,1.00,1.00
2017.01.10 03:08:16.930,1.14127,1.14143,1.12,1.00
2017.01.10 03:08:17.882,1.14127,1.14142,1.00,1.00
2017.01.10 03:08:19.964,1.14126,1.14142,1.00,1.00
2017.01.10 03:08:20.123,1.14129,1.14145,1.00,1.12
2017.01.10 03:08:21.114,1.14131,1.14145,1.00,1.00
2017.01.10 03:08:21.654,1.14132,1.14146,1.00,1.00
2017.01.10 03:08:24.365,1.14131,1.14146,1.00,1.00
2017.01.10 03:08:25.481,1.14129,1.14146,1.00,1.00
2017.01.10 03:08:26.019,1.14129,1.14145,1.00,1.00
2017.01.10 03:08:26.445,1.14129,1.14143,1.00,1.00
2017.01.10 03:08:27.686,1.1413,1.14144,1.00,1.00
2017.01.10 03:08:28.359,1.14127,1.14144,1.00,1.00
2017.01.10 03:08:28.510,1.14129,1.14144,1.00,1.00
2017.01.10 03:08:29.184,1.14131,1.14147,1.00,1.87
2017.01.10 03:08:29.235,1.14132,1.14144,1.00,1.00
2017.01.10 03:08:29.407,1.14129,1.14144,1.00,1.00
2017.01.10 03:08:29.458,1.14128,1.14142,1.00,1.00
2017.01.10 03:08:29.761,1.14126,1.14141,1.00,1.00
2017.01.10 03:08:29.812,1.14124,1.1414,1.00,1.00
2017.01.10 03:08:30.793,1.14124,1.14141,1.00,1.00
2017.01.10 03:08:31.796,1.14125,1.14141,1.00,1.00
2017.01.10 03:08:34.346,1.14125,1.1414,1.00,1.00
2017.01.10 03:08:34.397,1.14124,1.1413,1.00,1.00
2017.01.10 03:08:34.549,1.1412,1.14129,1.00,1.00
2017.01.10 03:08:34.601,1.1412,1.14127,1.00,1.00
2017.01.10 03:08:34.702,1.14118,1.14126,1.00,1.00
2017.01.10 03:08:34.803,1.14118,1.14129,1.00,1.00
2017.01.10 03:08:34.904,1.14121,1.1413,1.00,1.00
2017.01.10 03:08:35.537,1.14119,1.1413,1.00,1.00
2017.01.10 03:08:35.656,1.14115,1.14126,1.75,1.00
2017.01.10 03:08:35.707,1.14117,1.14128,1.12,1.00
2017.01.10 03:08:35.758,1.14119,1.14127,1.00,1.00
2017.01.10 03:08:35.960,1.14118,1.14129,1.00,1.00
2017.01.10 03:08:36.476,1.14119,1.14129,1.00,1.00
2017.01.10 03:08:37.907,1.14114,1.14126,1.50,1.00
2017.01.10 03:08:37.958,1.14115,1.14128,1.00,1.00
2017.01.10 03:08:38.060,1.14118,1.14129,1.00,1.00
2017.01.10 03:08:38.363,1.1412,1.14132,1.00,1.00
2017.01.10 03:08:38.414,1.14124,1.14134,1.00,1.00
2017.01.10 03:08:38.516,1.14127,1.14138,1.00,1.00
2017.01.10 03:08:38.636,1.14127,1.14136,1.00,1.00
2017.01.10 03:08:39.155,1.14127,1.14137,1.00,1.00
2017.01.10 03:08:39.370,1.14125,1.14138,1.12,1.00
2017.01.10 03:08:39.472,1.14128,1.14138,1.00,1.00
2017.01.10 03:08:39.830,1.14125,1.14139,1.87,1.00
2017.01.10 03:08:41.769,1.14123,1.14137,1.12,1.00
2017.01.10 03:08:41.820,1.14124,1.14135,1.00,1.00
2017.01.10 03:08:42.123,1.14122,1.14133,1.00,1.00
2017.01.10 03:08:42.175,1.14122,1.14135,1.00,1.00
2017.01.10 03:08:42.299,1.14122,1.14137,1.00,1.00
2017.01.10 03:08:42.743,1.14121,1.14139,1.50,1.50
2017.01.10 03:08:42.832,1.14123,1.14139,1.00,1.00
2017.01.10 03:08:42.984,1.1412,1.14138,1.00,1.50
2017.01.10 03:08:43.086,1.14123,1.14139,1.00,1.50
2017.01.10 03:08:46.610,1.14122,1.14139,1.00,1.00
2017.01.10 03:08:47.162,1.14123,1.14138,1.00,1.00
2017.01.10 03:08:47.745,1.14123,1.14139,1.00,1.00
2017.01.10 03:08:48.099,1.14125,1.1414,1.00,1.00
2017.01.10 03:08:48.401,1.14127,1.14141,1.00,1.00
2017.01.10 03:08:48.451,1.14128,1.14144,1.00,1.12
2017.01.10 03:08:48.766,1.14129,1.14147,1.00,1.12
2017.01.10 03:08:48.867,1.14133,1.14149,1.00,1.50
2017.01.10 03:08:49.266,1.14133,1.14152,1.00,1.87
2017.01.10 03:08:49.772,1.14133,1.14145,1.00,1.00
2017.01.10 03:08:50.045,1.14133,1.14147,1.00,1.00
2017.01.10 03:08:50.785,1.14129,1.14142,1.87,1.00
2017.01.10 03:08:50.937,1.14128,1.14141,1.00,1.00
2017.01.10 03:08:51.089,1.14127,1.14139,1.00,1.00
2017.01.10 03:08:51.546,1.14127,1.14141,1.00,1.00
2017.01.10 03:08:52.095,1.14127,1.14142,1.00,1.00
2017.01.10 03:08:52.602,1.14127,1.14143,1.00,1.00
2017.01.10 03:08:53.052,1.14129,1.14146,1.00,1.00
2017.01.10 03:08:53.103,1.14132,1.14147,1.00,1.12
2017.01.10 03:08:53.474,1.14129,1.14146,1.00,1.00
2017.01.10 03:08:53.707,1.14129,1.14144,1.00,1.00
2017.01.10 03:08:54.215,1.14128,1.14143,1.00,1.00
2017.01.10 03:08:54.967,1.14127,1.14142,1.00,1.00
2017.01.10 03:08:55.265,1.14124,1.14141,1.50,1.00
2017.01.10 03:08:55.369,1.14123,1.1414,1.12,1.00
2017.01.10 03:08:56.950,1.14124,1.1414,1.00,1.00
2017.01.10 03:08:59.949,1.14121,1.14136,1.50,1.00
2017.01.10 03:09:00.059,1.14124,1.1414,1.00,1.00
2017.01.10 03:09:00.583,1.14123,1.1414,1.00,1.00
2017.01.10 03:09:01.377,1.14124,1.14141,1.00,1.87
2017.01.10 03:09:03.079,1.14123,1.1414,1.00,1.00
2017.01.10 03:09:03.130,1.14122,1.14137,1.50,1.00
2017.01.10 03:09:03.461,1.14132,1.14145,1.00,1.75
2017.01.10 03:09:03.564,1.14134,1.14147,1.00,1.00
2017.01.10 03:09:03.742,1.14137,1.14147,1.00,1.00
2017.01.10 03:09:03.894,1.14137,1.1415,1.00,1.00
2017.01.10 03:09:03.945,1.14133,1.1415,1.00,1.00
2017.01.10 03:09:04.660,1.14131,1.1415,1.12,1.00
2017.01.10 03:09:06.424,1.14133,1.14149,1.00,1.00
2017.01.10 03:09:06.475,1.14131,1.1415,1.12,1.00
2017.01.10 03:09:07.034,1.14132,1.14149,1.00,1.00
2017.01.10 03:09:09.397,1.14131,1.14148,1.12,1.00
2017.01.10 03:09:09.448,1.14127,1.14143,2.25,1.00
2017.01.10 03:09:09.599,1.14128,1.14143,1.00,1.00
2017.01.10 03:09:10.113,1.14127,1.14143,1.00,1.00
2017.01.10 03:09:10.441,1.14129,1.14144,1.00,1.00
2017.01.10 03:09:10.579,1.14127,1.14144,1.00,1.00
2017.01.10 03:09:11.098,1.14127,1.14136,1.00,1.00
2017.01.10 03:09:11.199,1.14127,1.14138,1.00,1.00
2017.01.10 03:09:11.553,1.14127,1.14135,1.00,1.00
2017.01.10 03:09:11.706,1.14126,1.14137,1.00,1.00
2017.01.10 03:09:11.798,1.14126,1.1414,1.00,1.00
2017.01.10 03:09:12.316,1.14127,1.14139,1.00,1.00
2017.01.10 03:09:13.181,1.14127,1.14141,1.50,1.00
2017.01.10 03:09:15.913,1.14127,1.14142,1.50,1.00
2017.01.10 03:09:16.628,1.14127,1.14141,1.50,1.00
2017.01.10 03:09:16.780,1.14129,1.14143,1.00,1.00
2017.01.10 03:09:16.868,1.1413,1.14145,1.00,1.50
2017.01.10 03:09:17.071,1.14132,1.14145,1.00,1.00
2017.01.10 03:09:18.349,1.14132,1.14146,1.00,1.00
2017.01.10 03:09:18.889,1.14131,1.14146,1.00,1.00
2017.01.10 03:09:19.413,1.14131,1.14147,1.50,1.50
2017.01.10 03:09:20.422,1.14132,1.14147,1.00,1.00
2017.01.10 03:09:21.080,1.14134,1.14151,1.00,2.25
2017.01.10 03:09:21.404,1.14139,1.14155,1.00,1.00
2017.01.10 03:09:22.035,1.14137,1.14153,1.00,1.00
2017.01.10 03:09:22.439,1.14137,1.14151,1.00,1.00
2017.01.10 03:09:22.641,1.14134,1.1415,1.12,1.00
2017.01.10 03:09:22.692,1.14132,1.14148,1.37,1.50
2017.01.10 03:09:23.042,1.1413,1.14146,1.37,1.50
2017.01.10 03:09:23.495,1.1413,1.14144,1.00,1.00
2017.01.10 03:09:23.546,1.14127,1.14145,1.37,1.00
2017.01.10 03:09:23.658,1.14129,1.14147,1.12,1.00
2017.01.10 03:09:23.810,1.14131,1.14147,1.00,1.00
2017.01.10 03:09:24.345,1.14131,1.14148,1.00,1.12
2017.01.10 03:09:25.893,1.14133,1.14149,1.00,2.25
2017.01.10 03:09:26.196,1.14135,1.1415,1.00,1.00
2017.01.10 03:09:26.856,1.14134,1.1415,1.00,1.00
2017.01.10 03:09:27.207,1.14133,1.14152,1.00,1.00
2017.01.10 03:09:29.147,1.14136,1.14153,1.00,2.25
2017.01.10 03:09:29.451,1.14139,1.14154,1.00,1.00
2017.01.10 03:09:30.204,1.14137,1.14154,1.00,1.00
2017.01.10 03:09:31.213,1.14138,1.14155,1.00,1.00
2017.01.10 03:09:31.264,1.1414,1.14156,1.00,1.50
2017.01.10 03:09:31.568,1.14142,1.14158,1.00,1.00
2017.01.10 03:09:32.489,1.14139,1.14153,1.00,1.00
2017.01.10 03:09:32.540,1.14136,1.14154,3.00,1.00
2017.01.10 03:09:32.692,1.14137,1.1415,1.00,1.00
2017.01.10 03:09:33.007,1.14133,1.14151,1.00,1.87
2017.01.10 03:09:33.291,1.14133,1.14149,1.37,1.12
2017.01.10 03:09:33.602,1.14131,1.14146,1.00,1.00
2017.01.10 03:09:35.703,1.14132,1.14146,1.00,1.50
2017.01.10 03:09:35.968,1.1413,1.14146,1.00,1.00
2017.01.10 03:09:36.518,1.14131,1.14146,1.00,1.50
2017.01.10 03:09:36.670,1.14128,1.14146,1.12,1.50
2017.01.10 03:09:36.916,1.14128,1.14144,1.00,1.00
2017.01.10 03:09:38.067,1.14131,1.14145,1.00,1.00
2017.01.10 03:09:38.472,1.14131,1.14148,1.00,1.12
2017.01.10 03:09:38.608,1.14135,1.14148,1.00,1.12
2017.01.10 03:09:38.733,1.14137,1.14152,1.00,1.00
2017.01.10 03:09:39.036,1.14137,1.14154,1.00,1.50
2017.01.10 03:09:41.771,1.14137,1.14155,1.12,1.12
2017.01.10 03:09:41.899,1.14137,1.14153,1.12,1.00
2017.01.10 03:09:42.202,1.14143,1.14159,1.00,1.37
2017.01.10 03:09:42.745,1.14142,1.14158,1.00,1.12
2017.01.10 03:09:44.432,1.14142,1.14157,1.00,1.00
2017.01.10 03:09:45.166,1.14146,1.1416,1.00,1.87
2017.01.10 03:09:45.572,1.14148,1.14162,1.00,1.00
2017.01.10 03:09:45.995,1.14152,1.14166,1.00,1.00
2017.01.10 03:09:46.298,1.14152,1.14169,1.00,1.00
2017.01.10 03:09:46.551,1.14152,1.14169,1.75,1.00
2017.01.10 03:09:46.652,1.14152,1.14169,1.50,1.00
2017.01.10 03:09:46.703,1.14152,1.14167,1.00,1.00
2017.01.10 03:09:47.954,1.14152,1.14168,1.00,1.00
2017.01.10 03:09:49.501,1.14152,1.14169,1.00,1.12
2017.01.10 03:09:50.887,1.14153,1.14168,1.00,1.00
2017.01.10 03:09:51.411,1.14152,1.14166,1.00,1.00
2017.01.10 03:09:51.664,1.14153,1.14169,1.00,1.12
2017.01.10 03:09:51.788,1.14157,1.14171,1.00,1.00
2017.01.10 03:09:52.106,1.14157,1.14174,1.00,1.00
2017.01.10 03:09:52.691,1.14159,1.14175,1.00,1.00
2017.01.10 03:09:52.937,1.1416,1.14177,1.00,1.00
2017.01.10 03:09:53.425,1.14158,1.14177,1.50,1.00
2017.01.10 03:09:53.953,1.14157,1.14176,1.12,1.00
2017.01.10 03:09:54.464,1.14161,1.14178,1.00,1.50
2017.01.10 03:09:54.919,1.14156,1.14175,3.00,1.00
2017.01.10 03:09:54.970,1.14157,1.14175,1.00,1.00
2017.01.10 03:09:55.021,1.14157,1.14173,1.00,1.00
2017.01.10 03:09:55.214,1.14157,1.14175,1.50,1.12
2017.01.10 03:09:55.351,1.14157,1.14175,1.50,1.50
2017.01.10 03:09:56.167,1.14161,1.14176,1.00,1.75
2017.01.10 03:09:56.268,1.14161,1.14176,1.00,1.50
2017.01.10 03:09:58.118,1.14162,1.14176,1.00,1.50
2017.01.10 03:09:58.678,1.14162,1.14174,1.00,1.00
2017.01.10 03:09:59.077,1.14162,1.14176,1.00,1.12
2017.01.10 03:09:59.744,1.14161,1.14175,1.00,1.00
2017.01.10 03:10:00.314,1.1416,1.14175,1.00,1.00
2017.01.10 03:10:00.516,1.14157,1.14173,1.00,1.00
2017.01.10 03:10:00.617,1.14154,1.14171,1.12,1.00
2017.01.10 03:10:00.718,1.14153,1.14168,1.50,1.00
2017.01.10 03:10:01.256,1.14153,1.14168,1.00,1.00
2017.01.10 03:10:01.831,1.14153,1.14167,1.00,1.00
2017.01.10 03:10:04.525,1.14152,1.14167,1.00,1.00
2017.01.10 03:10:07.447,1.14152,1.1417,1.00,1.50
2017.01.10 03:10:09.154,1.14154,1.14169,1.00,1.12
2017.01.10 03:10:09.591,1.14155,1.14171,1.00,1.00
2017.01.10 03:10:09.642,1.14156,1.14173,1.50,1.00
2017.01.10 03:10:10.184,1.14158,1.14174,1.00,1.00
2017.01.10 03:10:10.767,1.14161,1.14176,1.00,1.50
2017.01.10 03:10:11.150,1.14163,1.14177,1.00,1.12
2017.01.10 03:10:12.060,1.14161,1.14177,1.00,1.00
2017.01.10 03:10:13.109,1.1416,1.14174,1.00,1.00
2017.01.10 03:10:13.796,1.14159,1.14173,1.00,1.00
2017.01.10 03:10:16.604,1.14162,1.14176,1.00,1.00
2017.01.10 03:10:17.566,1.14161,1.14177,1.00,1.00
2017.01.10 03:10:18.466,1.1416,1.14176,1.00,1.00
2017.01.10 03:10:18.718,1.14158,1.14175,1.00,1.00
2017.01.10 03:10:18.998,1.14157,1.14171,1.00,1.00
2017.01.10 03:10:19.601,1.14155,1.14171,1.00,1.00
2017.01.10 03:10:22.128,1.14156,1.14171,1.00,1.00
2017.01.10 03:10:22.751,1.14157,1.14171,1.00,1.00
2017.01.10 03:10:22.852,1.14158,1.14173,1.00,1.00
2017.01.10 03:10:22.903,1.14159,1.14175,1.00,1.50
2017.01.10 03:10:23.206,1.14162,1.14177,1.00,1.12
2017.01.10 03:10:24.971,1.14162,1.14176,1.00,1.00
2017.01.10 03:10:28.709,1.14162,1.14178,1.00,1.37
2017.01.10 03:10:29.272,1.14162,1.14178,1.00,1.00
2017.01.10 03:10:31.370,1.14166,1.1418,1.00,1.00
2017.01.10 03:10:31.522,1.14166,1.14183,1.00,1.12
2017.01.10 03:10:31.624,1.14168,1.14184,1.00,1.37
2017.01.10 03:10:31.775,1.14168,1.14185,1.00,1.12
2017.01.10 03:10:33.185,1.14168,1.14184,1.00,1.00
2017.01.10 03:10:33.772,1.14168,1.14185,1.00,1.00
2017.01.10 03:10:34.579,1.1417,1.14184,1.00,1.00
2017.01.10 03:10:45.603,1.1417,1.14185,1.00,1.00
2017.01.10 03:10:45.908,1.14163,1.14179,1.00,1.00
2017.01.10 03:10:45.958,1.14166,1.14179,1.00,1.00
2017.01.10 03:10:46.677,1.14166,1.14178,1.00,1.00
2017.01.10 03:10:48.075,1.14161,1.14174,1.00,1.00
2017.01.10 03:10:48.126,1.14161,1.14171,1.00,1.00
2017.01.10 03:10:48.228,1.14156,1.14172,1.00,1.00
2017.01.10 03:10:48.582,1.14156,1.14171,1.00,1.37
2017.01.10 03:10:48.904,1.1416,1.14176,1.00,2.25
2017.01.10 03:10:48.956,1.1416,1.14176,1.00,1.87
2017.01.10 03:10:49.996,1.14162,1.14176,1.00,1.00
2017.01.10 03:10:50.295,1.14164,1.14181,1.00,1.37
2017.01.10 03:10:50.345,1.14167,1.14182,1.00,1.50
2017.01.10 03:10:50.451,1.14169,1.14183,1.00,1.12
2017.01.10 03:10:50.603,1.14172,1.14183,1.00,1.00
2017.01.10 03:10:50.755,1.14169,1.14183,1.00,1.00
2017.01.10 03:10:51.267,1.14166,1.14182,1.50,1.00
2017.01.10 03:10:52.750,1.14167,1.14183,1.00,1.00
2017.01.10 03:10:53.341,1.14168,1.14184,1.00,1.00
2017.01.10 03:10:53.869,1.14167,1.14184,1.50,1.00
2017.01.10 03:10:56.550,1.14167,1.14183,1.50,1.00
2017.01.10 03:10:59.803,1.14168,1.14183,1.00,1.00
2017.01.10 03:11:01.095,1.14166,1.14181,1.12,1.00
2017.01.10 03:11:01.575,1.14167,1.14184,1.00,1.00
2017.01.10 03:11:01.626,1.1417,1.14185,1.00,1.00
2017.01.10 03:11:02.042,1.14168,1.14183,1.00,1.00
2017.01.10 03:11:03.050,1.14167,1.14183,1.50,1.00
2017.01.10 03:11:04.668,1.14167,1.14184,1.50,1.00
2017.01.10 03:11:09.437,1.14167,1.14182,1.00,1.00
2017.01.10 03:11:10.404,1.14167,1.14184,1.00,1.12
2017.01.10 03:11:11.559,1.14167,1.14183,1.00,1.00
2017.01.10 03:11:12.109,1.14166,1.14182,1.50,1.12
2017.01.10 03:11:12.772,1.14166,1.14181,1.50,1.00
2017.01.10 03:11:14.046,1.14166,1.14181,1.37,1.00
2017.01.10 03:11:15.011,1.14167,1.14182,1.12,1.00
2017.01.10 03:11:15.549,1.14167,1.14181,1.12,1.00
2017.01.10 03:11:15.701,1.14172,1.14185,1.00,2.25
2017.01.10 03:11:15.752,1.14168,1.14185,1.50,1.75
2017.01.10 03:11:15.803,1.14171,1.14187,1.00,1.75
2017.01.10 03:11:15.854,1.14171,1.14187,1.50,1.50
2017.01.10 03:11:16.072,1.14177,1.14187,1.50,1.00
2017.01.10 03:11:16.145,1.14174,1.14187,1.00,1.00
2017.01.10 03:11:16.197,1.14171,1.14187,1.00,1.00
2017.01.10 03:11:16.349,1.14173,1.14187,1.00,1.00
2017.01.10 03:11:16.501,1.14173,1.14192,1.00,1.12
2017.01.10 03:11:16.552,1.14173,1.14192,1.12,1.50
2017.01.10 03:11:17.087,1.14171,1.14188,2.25,1.00
2017.01.10 03:11:17.390,1.14176,1.1419,1.00,1.75
2017.01.10 03:11:17.492,1.14173,1.1419,1.00,1.75
2017.01.10 03:11:17.644,1.14176,1.1419,1.00,1.75
2017.01.10 03:11:17.738,1.14176,1.1419,1.00,1.37
2017.01.10 03:11:18.013,1.14176,1.14191,1.00,1.00
2017.01.10 03:11:18.444,1.14176,1.14191,1.00,1.50
2017.01.10 03:11:18.536,1.14176,1.14191,1.00,1.75
2017.01.10 03:11:19.084,1.14176,1.14192,1.00,1.75
2017.01.10 03:11:20.632,1.14176,1.14189,1.00,1.00
2017.01.10 03:11:21.632,1.14176,1.14191,1.00,1.50
2017.01.10 03:11:22.162,1.14176,1.14191,1.00,1.50
2017.01.10 03:11:22.231,1.14181,1.14196,1.00,1.87
2017.01.10 03:11:22.383,1.14181,1.14195,1.00,1.00
2017.01.10 03:11:22.529,1.14182,1.14199,1.00,1.87
2017.01.10 03:11:23.047,1.14181,1.14197,1.12,1.12
2017.01.10 03:11:23.574,1.14182,1.14198,1.00,1.37
2017.01.10 03:11:25.795,1.14182,1.14196,1.00,1.00
2017.01.10 03:11:26.330,1.14181,1.14198,1.00,1.37
2017.01.10 03:11:26.843,1.14183,1.14201,1.00,1.75
2017.01.10 03:11:27.179,1.14184,1.14202,1.00,1.37
2017.01.10 03:11:27.740,1.14182,1.14201,1.87,1.12
2017.01.10 03:11:27.892,1.14182,1.14201,1.50,1.75
2017.01.10 03:11:28.269,1.14182,1.14198,1.00,1.37
2017.01.10 03:11:28.572,1.14181,1.14198,1.50,2.25
2017.01.10 03:11:29.105,1.14181,1.14197,1.00,1.37
2017.01.10 03:11:29.483,1.14178,1.14197,1.00,1.87
2017.01.10 03:11:30.095,1.14177,1.14196,1.00,1.87
2017.01.10 03:11:30.394,1.14177,1.14194,1.00,1.50
2017.01.10 03:11:30.830,1.14177,1.14191,1.00,1.00
2017.01.10 03:11:31.033,1.14171,1.14187,1.12,1.00
2017.01.10 03:11:31.242,1.14169,1.14185,1.12,1.00
2017.01.10 03:11:31.545,1.14171,1.14187,1.00,1.00
2017.01.10 03:11:32.081,1.1417,1.14186,1.00,1.00
2017.01.10 03:11:32.183,1.14169,1.14188,1.00,2.25
2017.01.10 03:11:32.307,1.14168,1.14185,1.00,1.00
2017.01.10 03:11:32.630,1.14163,1.14179,1.00,1.00
2017.01.10 03:11:32.934,1.14164,1.14181,1.00,1.12
2017.01.10 03:11:32.985,1.14167,1.14183,1.00,1.50
2017.01.10 03:11:33.086,1.14168,1.14184,1.00,1.37
2017.01.10 03:11:33.137,1.14168,1.14187,1.00,1.87
2017.01.10 03:11:33.642,1.14168,1.14186,1.00,1.87
2017.01.10 03:11:34.497,1.14166,1.14182,1.00,1.00
2017.01.10 03:11:34.715,1.14162,1.1418,2.25,1.00
2017.01.10 03:11:34.867,1.14161,1.14177,1.50,1.00
2017.01.10 03:11:35.170,1.14162,1.14177,1.00,1.75
2017.01.10 03:11:36.216,1.14162,1.14179,1.50,1.75
2017.01.10 03:11:36.317,1.14165,1.14183,1.00,2.25
2017.01.10 03:11:36.621,1.1417,1.14183,1.00,1.00
2017.01.10 03:11:36.722,1.1417,1.14188,1.00,1.12
2017.01.10 03:11:36.925,1.1417,1.14188,1.00,1.75
2017.01.10 03:11:36.986,1.1417,1.14188,1.00,1.75
2017.01.10 03:11:37.272,1.14168,1.14187,1.00,1.75
2017.01.10 03:11:38.192,1.14167,1.14185,1.00,1.12
2017.01.10 03:11:38.344,1.14165,1.14183,1.50,1.00
2017.01.10 03:11:38.445,1.14164,1.14182,1.12,1.00
2017.01.10 03:11:38.572,1.14162,1.14178,2.25,1.00
2017.01.10 03:11:38.623,1.14162,1.14178,1.12,1.12
2017.01.10 03:11:38.922,1.14167,1.14176,1.00,1.00
2017.01.10 03:11:39.226,1.14162,1.14178,1.50,1.37
2017.01.10 03:11:40.809,1.14161,1.14177,1.12,1.12
2017.01.10 03:11:40.860,1.14157,1.14173,3.37,1.00
2017.01.10 03:11:41.165,1.14157,1.1417,1.00,1.00
2017.01.10 03:11:41.215,1.1416,1.14174,1.00,1.75
2017.01.10 03:11:41.367,1.14162,1.14174,1.00,1.00
2017.01.10 03:11:41.469,1.14162,1.14178,1.00,1.00
2017.01.10 03:11:41.621,1.14164,1.14183,1.00,2.25
2017.01.10 03:11:41.722,1.14164,1.14183,1.12,1.50
2017.01.10 03:11:42.239,1.14167,1.14183,1.00,1.50
2017.01.10 03:11:43.350,1.14165,1.14184,1.12,1.75
2017.01.10 03:11:43.452,1.14166,1.14184,1.12,1.00
2017.01.10 03:11:43.585,1.14169,1.14185,1.00,1.50
2017.01.10 03:11:43.737,1.14169,1.14186,1.00,1.50
2017.01.10 03:11:45.551,1.14169,1.14187,1.75,1.12
2017.01.10 03:11:46.388,1.14166,1.14182,2.25,1.00
2017.01.10 03:11:46.489,1.14166,1.14182,1.87,1.00
2017.01.10 03:11:46.681,1.14171,1.14186,1.00,1.50
2017.01.10 03:11:46.734,1.14171,1.14188,1.00,2.62
2017.01.10 03:11:47.242,1.14169,1.14186,1.50,1.12
2017.01.10 03:11:47.967,1.1417,1.14184,1.12,1.00
2017.01.10 03:11:48.170,1.14162,1.1418,2.62,1.12
2017.01.10 03:11:48.271,1.14167,1.1418,1.00,1.50
2017.01.10 03:11:48.423,1.14162,1.14179,1.00,1.00
2017.01.10 03:11:49.127,1.14163,1.14179,1.00,1.00
2017.01.10 03:11:49.210,1.14167,1.14179,1.00,1.50
2017.01.10 03:11:50.126,1.14167,1.14181,1.00,1.37
2017.01.10 03:11:51.075,1.14168,1.14182,1.00,1.50
2017.01.10 03:11:51.176,1.14168,1.14185,1.00,2.25
2017.01.10 03:11:51.278,1.14168,1.14185,1.00,1.12
2017.01.10 03:11:51.396,1.1417,1.14186,1.00,1.50
2017.01.10 03:11:51.973,1.1417,1.14186,1.50,1.12
2017.01.10 03:11:52.306,1.14174,1.14189,1.00,1.50
2017.01.10 03:11:52.695,1.14175,1.14191,1.00,1.50
2017.01.10 03:11:53.194,1.14177,1.14191,1.00,1.00
2017.01.10 03:11:53.969,1.14176,1.1419,1.00,1.00
2017.01.10 03:11:54.695,1.14175,1.14189,1.00,1.00
2017.01.10 03:11:55.113,1.14175,1.14191,1.50,1.00
2017.01.10 03:11:55.164,1.14179,1.14193,1.00,2.25
2017.01.10 03:11:55.541,1.14175,1.1419,1.37,1.00
2017.01.10 03:11:55.687,1.14176,1.14192,1.00,1.75
2017.01.10 03:11:55.839,1.14172,1.14191,1.87,1.50
2017.01.10 03:11:57.445,1.14173,1.1419,1.12,1.00
2017.01.10 03:11:58.934,1.14175,1.14189,1.00,1.00
2017.01.10 03:11:59.086,1.14173,1.14188,1.00,1.00
2017.01.10 03:11:59.900,1.14174,1.1419,1.00,1.12
2017.01.10 03:11:59.951,1.14177,1.1419,1.00,1.12
2017.01.10 03:12:00.002,1.14174,1.1419,1.00,1.12
2017.01.10 03:12:00.898,1.14174,1.14189,1.00,1.00
2017.01.10 03:12:01.914,1.14174,1.14188,1.00,1.00
2017.01.10 03:12:04.743,1.14172,1.14189,1.50,1.00
2017.01.10 03:12:05.850,1.14173,1.14187,1.00,1.00
2017.01.10 03:12:06.379,1.14174,1.1419,1.00,1.75
2017.01.10 03:12:06.582,1.14174,1.1419,1.00,1.00
2017.01.10 03:12:06.734,1.14177,1.14192,1.00,1.00
2017.01.10 03:12:07.525,1.14177,1.14191,1.00,1.00
2017.01.10 03:12:09.764,1.14177,1.14192,1.12,1.00
2017.01.10 03:12:10.188,1.14178,1.14194,1.37,1.00
2017.01.10 03:12:11.638,1.14177,1.14193,1.75,1.00
2017.01.10 03:12:11.791,1.14176,1.14193,2.62,1.00
2017.01.10 03:12:12.095,1.14176,1.14191,1.50,1.00
2017.01.10 03:12:12.399,1.14183,1.14197,1.00,1.75
2017.01.10 03:12:12.501,1.14183,1.14197,1.00,1.12
2017.01.10 03:12:13.406,1.14183,1.14198,1.00,1.00
2017.01.10 03:12:13.716,1.14186,1.142,1.00,1.50
2017.01.10 03:12:13.843,1.14184,1.142,1.00,1.00
2017.01.10 03:12:13.895,1.14184,1.14201,1.75,1.00
2017.01.10 03:12:14.200,1.14188,1.14205,1.00,1.12
2017.01.10 03:12:14.251,1.14186,1.14202,1.50,1.00
2017.01.10 03:12:14.757,1.14186,1.14202,1.12,1.12
2017.01.10 03:12:15.060,1.14183,1.14201,1.50,1.50
2017.01.10 03:12:15.422,1.14183,1.14197,1.50,1.00
2017.01.10 03:12:16.302,1.14182,1.14199,2.25,1.00
2017.01.10 03:12:16.995,1.14184,1.14201,1.12,1.50
2017.01.10 03:12:17.098,1.14186,1.14201,1.00,1.50
2017.01.10 03:12:17.401,1.14185,1.14198,1.00,1.00
2017.01.10 03:12:17.917,1.14183,1.14198,1.00,1.00
2017.01.10 03:12:18.929,1.14183,1.14197,1.00,1.00
2017.01.10 03:12:19.943,1.14183,1.14198,1.00,1.00
2017.01.10 03:12:23.521,1.14183,1.142,1.50,1.00
2017.01.10 03:12:23.733,1.14183,1.14198,1.00,1.00
2017.01.10 03:12:24.043,1.14181,1.14198,1.00,1.00
2017.01.10 03:12:24.725,1.14183,1.14197,1.00,1.00
2017.01.10 03:12:27.643,1.14184,1.14199,1.00,1.12
2017.01.10 03:12:27.694,1.14186,1.142,1.00,1.00
2017.01.10 03:12:27.860,1.14187,1.14203,1.00,1.00
2017.01.10 03:12:27.999,1.14189,1.14202,1.00,1.00
2017.01.10 03:12:28.100,1.14189,1.14204,1.00,1.50
2017.01.10 03:12:28.252,1.1419,1.14206,1.00,1.50
2017.01.10 03:12:28.709,1.14192,1.14207,1.00,1.12
2017.01.10 03:12:31.828,1.14188,1.14205,2.25,1.00
2017.01.10 03:12:31.955,1.14188,1.14205,1.37,1.12
2017.01.10 03:12:32.101,1.14187,1.142,1.50,1.00
2017.01.10 03:12:32.191,1.14187,1.142,1.12,1.00
2017.01.10 03:12:32.700,1.14186,1.142,1.00,1.50
2017.01.10 03:12:33.148,1.14184,1.14201,1.00,1.87
2017.01.10 03:12:34.803,1.14185,1.14199,1.00,1.12
2017.01.10 03:12:36.577,1.14184,1.14199,1.00,1.12
2017.01.10 03:12:36.779,1.14181,1.14198,1.37,1.12
2017.01.10 03:12:36.881,1.14181,1.14195,1.00,1.00
2017.01.10 03:12:37.835,1.1418,1.14196,1.00,1.00
2017.01.10 03:12:38.939,1.14178,1.14193,1.12,1.00
2017.01.10 03:12:39.242,1.14175,1.14189,1.00,1.12
2017.01.10 03:12:39.756,1.14175,1.14188,1.00,1.00
2017.01.10 03:12:39.876,1.14172,1.14186,1.00,1.00
2017.01.10 03:12:40.294,1.14171,1.14185,1.00,1.37
2017.01.10 03:12:41.095,1.1417,1.14184,1.00,1.50
2017.01.10 03:12:41.740,1.14168,1.14185,1.00,1.87
2017.01.10 03:12:42.278,1.14168,1.14185,1.00,1.87
2017.01.10 03:12:42.821,1.14166,1.14182,1.00,1.12
2017.01.10 03:12:42.922,1.14166,1.1418,1.00,1.00
2017.01.10 03:12:42.973,1.14164,1.1418,1.12,1.00
2017.01.10 03:12:43.517,1.14164,1.1418,1.00,1.37
2017.01.10 03:12:43.921,1.14163,1.14177,1.00,1.00
2017.01.10 03:12:44.276,1.14165,1.14176,1.00,1.00
2017.01.10 03:12:44.326,1.14165,1.14179,1.00,1.00
2017.01.10 03:12:44.377,1.14162,1.14178,1.12,1.00
2017.01.10 03:12:44.886,1.14162,1.14178,1.00,1.50
2017.01.10 03:12:45.149,1.14164,1.14178,1.00,1.50
2017.01.10 03:12:47.505,1.14163,1.1418,1.00,1.75
2017.01.10 03:12:49.573,1.14176,1.14183,1.00,1.75
2017.01.10 03:12:49.895,1.14183,1.1419,1.00,1.75
2017.01.10 03:12:49.947,1.14184,1.1419,1.00,1.12
2017.01.10 03:12:50.463,1.14185,1.14193,1.00,1.50
2017.01.10 03:12:50.977,1.14185,1.14193,1.00,1.00
2017.01.10 03:12:51.179,1.14186,1.14193,1.00,1.00
2017.01.10 03:12:51.332,1.14184,1.14191,1.00,1.00
2017.01.10 03:12:51.484,1.14182,1.14189,1.00,1.00
2017.01.10 03:12:52.005,1.14181,1.14189,1.00,1.00
2017.01.10 03:12:52.511,1.1418,1.14189,1.00,1.00
2017.01.10 03:12:55.166,1.14178,1.14186,1.00,1.00
2017.01.10 03:12:55.368,1.1418,1.14189,1.00,1.00
2017.01.10 03:12:55.420,1.1418,1.14192,1.00,1.50
2017.01.10 03:12:55.470,1.14182,1.14192,1.00,1.50
2017.01.10 03:12:55.774,1.14185,1.14194,1.00,1.50
2017.01.10 03:12:55.825,1.14186,1.14194,1.00,1.12
2017.01.10 03:12:55.976,1.14184,1.14194,1.00,1.00
2017.01.10 03:12:56.402,1.14187,1.14196,1.00,1.12
2017.01.10 03:12:56.774,1.14189,1.14198,1.00,1.12
2017.01.10 03:12:58.439,1.14184,1.14195,1.00,1.00
2017.01.10 03:12:58.591,1.14184,1.14192,1.00,1.00
2017.01.10 03:12:59.184,1.14183,1.14192,1.00,1.12
2017.01.10 03:13:00.024,1.14182,1.14192,1.00,1.12
2017.01.10 03:13:00.554,1.14182,1.14189,1.00,1.00
2017.01.10 03:13:01.163,1.14181,1.14189,1.00,1.00
2017.01.10 03:13:01.651,1.14179,1.14188,1.00,1.00
2017.01.10 03:13:01.904,1.14181,1.1419,1.00,1.00
2017.01.10 03:13:02.006,1.14182,1.14192,1.00,1.12
2017.01.10 03:13:02.108,1.14185,1.14192,1.00,1.12
2017.01.10 03:13:02.159,1.14185,1.14195,1.00,1.00
2017.01.10 03:13:02.335,1.14188,1.14197,1.00,1.00
2017.01.10 03:13:02.617,1.14192,1.14204,1.00,1.50
2017.01.10 03:13:02.668,1.14195,1.14204,1.00,1.50
2017.01.10 03:13:03.169,1.14194,1.14204,1.00,1.00
2017.01.10 03:13:03.841,1.14195,1.14204,1.00,1.00
2017.01.10 03:13:04.370,1.14194,1.14204,1.00,1.00
2017.01.10 03:13:04.853,1.14194,1.14207,1.00,1.87
2017.01.10 03:13:05.105,1.14193,1.14204,1.12,1.00
2017.01.10 03:13:05.675,1.14192,1.14204,1.00,1.00
2017.01.10 03:13:06.267,1.14191,1.14204,1.00,1.00
2017.01.10 03:13:07.018,1.14191,1.14203,1.00,1.00
2017.01.10 03:13:08.418,1.14191,1.14202,1.00,1.00
2017.01.10 03:13:09.402,1.14191,1.14201,1.00,1.00
2017.01.10 03:13:10.008,1.14192,1.14201,1.00,1.00
2017.01.10 03:13:10.059,1.14193,1.14204,1.00,1.50
2017.01.10 03:13:10.210,1.14191,1.14201,1.00,1.00
2017.01.10 03:13:10.463,1.14188,1.14199,1.00,1.00
2017.01.10 03:13:10.691,1.14191,1.14203,1.00,1.12
2017.01.10 03:13:11.221,1.14192,1.14204,1.00,1.00
2017.01.10 03:13:11.796,1.14192,1.14206,1.00,1.00
2017.01.10 03:13:11.937,1.14192,1.14204,1.00,1.00
2017.01.10 03:13:12.489,1.14193,1.14204,1.00,1.00
2017.01.10 03:13:12.992,1.14193,1.14205,1.00,1.00
2017.01.10 03:13:13.670,1.1419,1.14204,1.50,1.00
2017.01.10 03:13:14.174,1.14191,1.14204,1.00,1.00
2017.01.10 03:13:14.376,1.14193,1.14204,1.00,1.00
2017.01.10 03:13:15.043,1.14193,1.14203,1.00,1.00
2017.01.10 03:13:19.266,1.14192,1.14203,1.00,1.00
2017.01.10 03:13:20.011,1.1419,1.14202,1.50,1.00
2017.01.10 03:13:20.062,1.1419,1.14199,1.50,1.00
2017.01.10 03:13:20.604,1.14188,1.14199,1.50,1.00
2017.01.10 03:13:21.126,1.14186,1.14201,1.75,1.00
2017.01.10 03:13:23.487,1.14186,1.14201,1.12,1.00
2017.01.10 03:13:24.536,1.14183,1.14198,2.25,1.00
2017.01.10 03:13:24.689,1.14181,1.14196,1.75,1.00
2017.01.10 03:13:24.788,1.14182,1.14199,1.00,1.50
2017.01.10 03:13:24.838,1.14184,1.14201,1.00,1.87
2017.01.10 03:13:25.294,1.14183,1.14196,1.00,1.00
2017.01.10 03:13:25.820,1.14183,1.14198,1.00,1.37
2017.01.10 03:13:25.979,1.14179,1.14196,1.50,1.00
2017.01.10 03:13:26.545,1.1418,1.14195,1.00,1.00
2017.01.10 03:13:26.989,1.14178,1.14194,1.00,1.00
2017.01.10 03:13:27.403,1.14178,1.14192,1.00,1.00
2017.01.10 03:13:28.022,1.14176,1.14193,1.00,1.50
2017.01.10 03:13:28.123,1.14181,1.14193,1.00,1.00
2017.01.10 03:13:28.325,1.14181,1.14195,1.00,1.00
2017.01.10 03:13:28.945,1.14182,1.14197,1.00,1.37
2017.01.10 03:13:29.542,1.14183,1.14197,1.00,1.37
2017.01.10 03:13:31.242,1.14184,1.14198,1.00,1.50
2017.01.10 03:13:31.619,1.14186,1.14201,1.00,1.50
2017.01.10 03:13:31.721,1.14186,1.14203,1.12,1.37
2017.01.10 03:13:32.554,1.14188,1.14203,1.00,1.37
2017.01.10 03:13:34.061,1.14186,1.14201,1.12,1.00
2017.01.10 03:13:34.162,1.14185,1.14199,1.37,1.00
2017.01.10 03:13:34.704,1.14185,1.14199,1.00,1.12
2017.01.10 03:13:34.924,1.14182,1.142,1.50,1.50
2017.01.10 03:13:39.687,1.14185,1.14199,1.00,1.12
2017.01.10 03:13:39.951,1.14187,1.14203,1.00,1.50
2017.01.10 03:13:40.473,1.14186,1.14202,1.00,1.12
2017.01.10 03:13:40.524,1.14185,1.142,1.00,1.00
2017.01.10 03:13:41.520,1.14184,1.142,1.00,1.50
2017.01.10 03:13:42.051,1.14183,1.14199,1.00,1.12
2017.01.10 03:13:42.557,1.14183,1.14198,1.00,1.00
2017.01.10 03:13:43.371,1.14183,1.14199,1.00,1.12
2017.01.10 03:13:46.449,1.14182,1.14199,1.00,1.12
2017.01.10 03:13:46.760,1.14184,1.14199,1.00,1.75
2017.01.10 03:13:47.442,1.14182,1.14199,1.00,1.75
2017.01.10 03:13:49.595,1.14181,1.14198,1.00,1.50
2017.01.10 03:13:49.850,1.14179,1.14194,1.12,1.00
2017.01.10 03:13:50.631,1.14178,1.14194,1.00,1.12
2017.01.10 03:13:51.961,1.14178,1.14193,1.00,1.00
2017.01.10 03:13:53.146,1.1418,1.14195,1.00,1.50
2017.01.10 03:13:53.298,1.14177,1.14194,1.00,1.12
2017.01.10 03:13:53.995,1.14175,1.14192,1.50,1.00
2017.01.10 03:13:54.502,1.14177,1.14193,1.00,1.00
2017.01.10 03:13:54.814,1.14179,1.14194,1.00,1.00
2017.01.10 03:13:56.019,1.14179,1.14195,1.00,1.00
2017.01.10 03:13:56.591,1.14179,1.14194,1.00,1.00
2017.01.10 03:13:57.171,1.14176,1.14193,1.75,1.00
2017.01.10 03:13:58.172,1.14177,1.14192,1.87,1.00
2017.01.10 03:13:59.128,1.14178,1.14192,1.00,1.00
2017.01.10 03:13:59.709,1.14176,1.14191,1.50,1.00
2017.01.10 03:13:59.887,1.14173,1.14188,1.00,1.00
2017.01.10 03:14:00.089,1.1417,1.14187,1.50,1.12
2017.01.10 03:14:00.190,1.1417,1.14187,1.00,1.87
2017.01.10 03:14:01.117,1.14169,1.14186,1.12,1.50
2017.01.10 03:14:01.426,1.14171,1.14188,1.00,1.75
2017.01.10 03:14:01.578,1.14172,1.14189,1.12,2.25
2017.01.10 03:14:01.780,1.14171,1.14186,1.37,1.00
2017.01.10 03:14:01.932,1.14173,1.14188,1.00,1.12
2017.01.10 03:14:02.033,1.14175,1.14189,1.00,1.37
2017.01.10 03:14:02.566,1.14175,1.14189,1.50,1.00
2017.01.10 03:14:02.618,1.14176,1.14191,1.00,1.00
2017.01.10 03:14:04.257,1.14179,1.14196,1.00,2.62
2017.01.10 03:14:04.560,1.14183,1.14196,1.00,1.00
2017.01.10 03:14:05.126,1.14183,1.14198,1.00,1.37
2017.01.10 03:14:07.474,1.14182,1.14199,1.50,1.12
2017.01.10 03:14:07.576,1.14183,1.14198,1.00,1.37
2017.01.10 03:14:07.879,1.14177,1.1419,1.75,1.00
2017.01.10 03:14:08.102,1.14172,1.14189,1.00,1.87
2017.01.10 03:14:08.153,1.14166,1.14185,1.75,1.37
2017.01.10 03:14:08.459,1.14158,1.14176,2.62,1.50
2017.01.10 03:14:08.510,1.14158,1.14177,2.62,1.37
2017.01.10 03:14:08.561,1.14158,1.14175,2.62,1.37
2017.01.10 03:14:08.710,1.14151,1.14171,2.25,1.37
2017.01.10 03:14:08.761,1.14156,1.1417,1.00,1.00
2017.01.10 03:14:09.078,1.14156,1.1417,1.00,1.75
2017.01.10 03:14:09.129,1.14152,1.1417,1.00,1.75
2017.01.10 03:14:09.702,1.14151,1.14169,1.00,1.37
2017.01.10 03:14:10.280,1.14151,1.14168,1.00,1.50
2017.01.10 03:14:10.331,1.14151,1.14165,1.00,1.50
2017.01.10 03:14:10.382,1.14145,1.14162,1.50,1.00
2017.01.10 03:14:10.433,1.14142,1.1416,1.75,1.50
2017.01.10 03:14:10.736,1.14137,1.14153,1.75,1.00
2017.01.10 03:14:10.934,1.14137,1.14153,1.00,1.00
2017.01.10 03:14:10.985,1.14141,1.14157,1.00,1.75
2017.01.10 03:14:11.166,1.14141,1.1416,1.00,1.87
2017.01.10 03:14:11.216,1.14141,1.14156,1.00,1.00
2017.01.10 03:14:11.267,1.14138,1.14156,1.00,1.00
2017.01.10 03:14:11.335,1.1414,1.14156,1.00,1.00
2017.01.10 03:14:11.638,1.14142,1.14161,1.00,1.37
2017.01.10 03:14:11.934,1.14144,1.14164,1.00,1.75
2017.01.10 03:14:12.137,1.14149,1.14167,1.00,1.00
2017.01.10 03:14:12.345,1.14151,1.14169,1.00,1.50
2017.01.10 03:14:12.648,1.14152,1.14166,1.00,1.00
2017.01.10 03:14:12.901,1.14146,1.14166,2.62,1.12
2017.01.10 03:14:12.952,1.14145,1.14166,1.87,2.25
2017.01.10 03:14:13.463,1.14147,1.14165,1.00,1.50
2017.01.10 03:14:13.514,1.14144,1.14165,1.37,2.25
2017.01.10 03:14:16.317,1.14144,1.14163,1.37,1.00
2017.01.10 03:14:16.820,1.14144,1.14163,1.00,1.00
2017.01.10 03:14:17.077,1.14148,1.14165,1.00,1.37
2017.01.10 03:14:17.229,1.14152,1.1417,1.00,1.37
2017.01.10 03:14:17.280,1.14157,1.14171,1.00,1.87
2017.01.10 03:14:17.381,1.14152,1.14171,1.00,1.87
2017.01.10 03:14:17.546,1.14152,1.14171,1.12,1.12
2017.01.10 03:14:18.090,1.14153,1.14172,1.00,1.37
2017.01.10 03:14:18.801,1.14157,1.14173,1.00,1.50
2017.01.10 03:14:18.852,1.14153,1.14173,1.50,1.87
2017.01.10 03:14:18.903,1.14155,1.14173,1.00,1.50
2017.01.10 03:14:19.206,1.14149,1.14168,1.37,1.87
2017.01.10 03:14:19.257,1.14149,1.14168,1.00,1.87
2017.01.10 03:14:19.618,1.14147,1.14166,1.12,1.00
2017.01.10 03:14:20.559,1.14148,1.14166,1.00,1.00
2017.01.10 03:14:21.071,1.14149,1.14167,1.00,1.12
2017.01.10 03:14:21.559,1.14149,1.14165,1.00,1.00
2017.01.10 03:14:22.558,1.14149,1.14166,1.00,1.00
2017.01.10 03:14:23.137,1.1415,1.14167,1.50,1.00
2017.01.10 03:14:23.345,1.14148,1.14167,1.87,1.37
2017.01.10 03:14:23.859,1.14149,1.14167,1.12,1.37
2017.01.10 03:14:24.052,1.14151,1.14168,1.00,1.00
2017.01.10 03:14:24.655,1.14152,1.14168,1.50,1.00
2017.01.10 03:14:27.136,1.1415,1.14168,1.50,1.50
2017.01.10 03:14:27.771,1.14151,1.14167,1.00,1.00
2017.01.10 03:14:27.991,1.14151,1.14165,1.00,1.12
2017.01.10 03:14:28.295,1.14147,1.14159,1.00,1.12
2017.01.10 03:14:28.496,1.14142,1.14159,1.00,1.75
2017.01.10 03:14:28.547,1.14142,1.14159,1.12,1.12
2017.01.10 03:14:29.172,1.14142,1.14157,1.12,1.00
2017.01.10 03:14:29.964,1.14143,1.14159,1.50,1.12
2017.01.10 03:14:30.325,1.14143,1.14159,1.00,1.75
2017.01.10 03:14:35.969,1.14143,1.14159,1.00,1.00
2017.01.10 03:14:37.397,1.14143,1.14157,1.00,1.00
2017.01.10 03:14:38.031,1.14142,1.14157,1.50,1.12
2017.01.10 03:14:39.477,1.14144,1.14157,1.00,1.12
2017.01.10 03:14:41.010,1.14143,1.14158,1.00,1.37
2017.01.10 03:14:41.353,1.14141,1.14156,1.50,1.00
2017.01.10 03:14:41.571,1.14138,1.14153,1.00,1.00
2017.01.10 03:14:41.875,1.14134,1.1415,1.00,1.00
2017.01.10 03:14:42.177,1.14137,1.14152,1.50,1.75
2017.01.10 03:14:42.291,1.14139,1.14156,1.50,1.37
2017.01.10 03:14:42.494,1.14141,1.14156,1.00,1.37
2017.01.10 03:14:43.012,1.14141,1.14156,1.00,1.00
2017.01.10 03:14:43.548,1.14141,1.14155,1.00,1.00
2017.01.10 03:14:44.070,1.1414,1.14154,1.00,1.00
2017.01.10 03:14:44.877,1.14138,1.14155,1.00,1.12
2017.01.10 03:14:45.387,1.14137,1.14154,1.87,1.00
2017.01.10 03:14:48.135,1.14138,1.14155,1.00,1.50
2017.01.10 03:14:48.664,1.14139,1.14155,1.00,1.12
2017.01.10 03:14:50.110,1.14139,1.14153,1.00,1.00
2017.01.10 03:14:50.475,1.14137,1.14151,1.00,1.00
2017.01.10 03:14:50.577,1.14135,1.14151,1.50,1.00
2017.01.10 03:14:50.685,1.14138,1.14153,1.00,1.12
2017.01.10 03:14:50.989,1.14146,1.14161,1.00,1.00
2017.01.10 03:14:51.421,1.14148,1.14163,1.00,1.00
2017.01.10 03:14:51.729,1.14145,1.14161,1.50,1.00
2017.01.10 03:14:52.235,1.14145,1.14161,1.00,1.00
2017.01.10 03:14:52.567,1.14143,1.14159,1.00,1.00
2017.01.10 03:14:52.872,1.14145,1.14161,1.00,1.12
2017.01.10 03:14:53.179,1.14147,1.14162,1.50,1.00
2017.01.10 03:14:53.681,1.14147,1.14162,1.50,1.00
2017.01.10 03:14:54.645,1.14148,1.14162,1.00,1.00
2017.01.10 03:14:54.746,1.14149,1.14165,1.00,1.37
2017.01.10 03:14:54.908,1.14151,1.14166,1.00,1.50
2017.01.10 03:14:55.009,1.14151,1.14166,1.12,1.00
2017.01.10 03:14:55.696,1.14152,1.14168,1.00,1.00
2017.01.10 03:14:55.903,1.14154,1.14169,1.00,1.00
2017.01.10 03:14:56.418,1.14154,1.14169,1.87,1.00
2017.01.10 03:15:00.640,1.14156,1.14172,1.00,1.50
2017.01.10 03:15:00.691,1.14154,1.14171,2.25,1.00
2017.01.10 03:15:00.945,1.14156,1.14172,1.00,1.50
2017.01.10 03:15:01.509,1.14155,1.14172,1.50,1.50
2017.01.10 03:15:01.909,1.14157,1.14172,2.62,1.00
2017.01.10 03:15:02.501,1.14156,1.14172,1.00,1.00
2017.01.10 03:15:03.286,1.14157,1.14172,1.00,1.00
2017.01.10 03:15:04.892,1.14158,1.14172,1.00,1.00
2017.01.10 03:15:05.287,1.1416,1.14174,1.00,1.37
2017.01.10 03:15:05.489,1.14161,1.14177,1.87,1.00
2017.01.10 03:15:06.026,1.14159,1.14176,1.50,1.00
2017.01.10 03:15:06.795,1.14161,1.14175,1.00,1.00
2017.01.10 03:15:09.602,1.14161,1.14177,1.00,1.00
2017.01.10 03:15:09.754,1.14162,1.14179,1.00,1.00
2017.01.10 03:15:12.220,1.14163,1.1418,1.00,1.12
2017.01.10 03:15:13.260,1.14165,1.1418,1.00,1.12
2017.01.10 03:15:14.245,1.14164,1.14179,1.37,1.00
2017.01.10 03:15:15.032,1.14163,1.14179,1.00,1.00
2017.01.10 03:15:15.133,1.14162,1.14177,2.62,1.00
2017.01.10 03:15:15.638,1.14163,1.14178,1.00,1.00
2017.01.10 03:15:16.039,1.14166,1.14182,1.00,1.50
2017.01.10 03:15:16.141,1.14167,1.14182,1.50,1.00
2017.01.10 03:15:16.303,1.14168,1.14184,1.00,1.12
2017.01.10 03:15:16.833,1.14169,1.14184,1.00,1.00
2017.01.10 03:15:17.056,1.14169,1.14186,1.87,1.00
2017.01.10 03:15:17.616,1.1417,1.14186,1.00,1.00
2017.01.10 03:15:19.551,1.14174,1.1419,1.00,1.00
2017.01.10 03:15:19.856,1.1417,1.14188,1.00,1.00
2017.01.10 03:15:19.908,1.14172,1.1419,1.00,1.37
2017.01.10 03:15:20.495,1.14172,1.1419,1.00,1.12
2017.01.10 03:15:21.076,1.14173,1.1419,1.00,1.00
2017.01.10 03:15:21.675,1.14174,1.14192,1.00,1.37
2017.01.10 03:15:22.202,1.14173,1.14191,1.50,1.12
2017.01.10 03:15:23.736,1.14175,1.1419,1.00,1.00
2017.01.10 03:15:24.882,1.14175,1.14192,1.00,1.12
2017.01.10 03:15:26.236,1.14174,1.14191,1.00,1.00
2017.01.10 03:15:26.972,1.14175,1.14192,1.00,1.12
2017.01.10 03:15:27.500,1.14175,1.14192,1.00,1.37
2017.01.10 03:15:28.624,1.14175,1.14192,1.00,1.12
2017.01.10 03:15:28.675,1.14177,1.14192,1.00,1.12
2017.01.10 03:15:30.342,1.14181,1.14195,1.00,1.50
2017.01.10 03:15:30.393,1.14181,1.14195,1.00,1.12
2017.01.10 03:15:30.596,1.14182,1.14198,1.00,1.00
2017.01.10 03:15:30.646,1.14184,1.142,1.00,1.37
2017.01.10 03:15:30.748,1.14182,1.14198,1.00,1.00
2017.01.10 03:15:30.798,1.14185,1.14201,1.00,1.12
2017.01.10 03:15:30.900,1.14184,1.14203,1.87,1.12
2017.01.10 03:15:31.051,1.14182,1.14202,1.37,1.87
2017.01.10 03:15:31.256,1.14178,1.14197,1.00,1.87
2017.01.10 03:15:31.458,1.14177,1.14193,1.00,1.12
2017.01.10 03:15:31.761,1.14176,1.1419,1.00,1.87
2017.01.10 03:15:32.297,1.14176,1.1419,1.00,1.87
2017.01.10 03:15:32.380,1.14172,1.1419,1.00,1.87
2017.01.10 03:15:32.431,1.14171,1.14186,1.00,1.00
2017.01.10 03:15:33.033,1.14172,1.14188,1.00,1.87
2017.01.10 03:15:34.600,1.1417,1.14188,1.00,1.50
2017.01.10 03:15:34.751,1.14169,1.14186,1.12,1.37
2017.01.10 03:15:35.440,1.14168,1.14184,1.00,1.00
2017.01.10 03:15:35.892,1.14168,1.14187,1.87,1.50
2017.01.10 03:15:36.220,1.14171,1.1419,3.00,1.50
2017.01.10 03:15:36.733,1.14174,1.1419,1.00,1.50
2017.01.10 03:15:38.132,1.14173,1.1419,1.00,1.50
2017.01.10 03:15:38.636,1.14173,1.1419,1.37,1.50
2017.01.10 03:15:39.160,1.14176,1.14194,1.50,1.37
2017.01.10 03:15:39.463,1.14177,1.14195,1.75,1.37
2017.01.10 03:15:39.615,1.14177,1.14195,1.37,1.37
2017.01.10 03:15:39.766,1.1418,1.14197,1.00,1.37
2017.01.10 03:15:40.070,1.14183,1.14194,1.00,1.00
2017.01.10 03:15:40.378,1.14185,1.14194,1.00,1.00
2017.01.10 03:15:40.886,1.14185,1.14195,1.00,1.12
2017.01.10 03:15:41.410,1.14184,1.14195,1.00,1.12
2017.01.10 03:15:42.064,1.14185,1.14198,1.00,1.12
2017.01.10 03:15:42.182,1.14188,1.14199,1.00,1.00
2017.01.10 03:15:42.341,1.14184,1.14198,1.37,1.00
2017.01.10 03:15:42.392,1.14186,1.14195,1.00,1.00
2017.01.10 03:15:42.443,1.14188,1.14198,1.00,1.12
2017.01.10 03:15:42.582,1.14186,1.14198,1.00,1.37
2017.01.10 03:15:42.690,1.14188,1.14198,1.00,1.00
2017.01.10 03:15:42.791,1.14188,1.142,1.00,1.12
2017.01.10 03:15:43.544,1.14184,1.14195,1.37,1.37
2017.01.10 03:15:43.595,1.14183,1.14198,1.12,1.37
2017.01.10 03:15:44.278,1.14182,1.14196,1.00,1.37
2017.01.10 03:15:44.380,1.14184,1.14196,1.00,1.00
2017.01.10 03:15:44.669,1.14187,1.142,1.00,1.00
2017.01.10 03:15:45.212,1.14186,1.14201,1.00,1.12
2017.01.10 03:15:46.131,1.14187,1.14201,1.00,1.37
2017.01.10 03:15:46.182,1.14185,1.14198,1.12,1.12
2017.01.10 03:15:46.607,1.14183,1.142,1.12,1.37
2017.01.10 03:15:46.809,1.14186,1.14202,1.00,2.62
2017.01.10 03:15:46.860,1.14184,1.14199,1.12,1.12
2017.01.10 03:15:46.910,1.14183,1.14199,1.75,1.00
2017.01.10 03:15:47.012,1.14182,1.14199,1.50,1.12
2017.01.10 03:15:47.113,1.1418,1.14197,1.50,1.37
2017.01.10 03:15:47.417,1.14173,1.14192,2.25,1.12
2017.01.10 03:15:47.468,1.14173,1.14189,1.50,1.00
2017.01.10 03:15:47.771,1.14176,1.14193,1.00,1.75
2017.01.10 03:15:47.905,1.14176,1.14195,1.75,1.87
2017.01.10 03:15:48.999,1.1418,1.14197,1.00,1.75
2017.01.10 03:15:49.115,1.14181,1.14201,1.87,1.75
2017.01.10 03:15:49.267,1.14183,1.14201,1.12,1.50
2017.01.10 03:15:49.318,1.14185,1.14201,1.00,1.00
2017.01.10 03:15:49.520,1.14186,1.14203,1.37,1.12
2017.01.10 03:15:49.823,1.14183,1.14201,2.62,1.12
2017.01.10 03:15:50.209,1.14181,1.142,3.37,1.50
2017.01.10 03:15:50.836,1.14183,1.14198,1.12,1.00
2017.01.10 03:15:52.222,1.14183,1.142,1.12,1.50
2017.01.10 03:15:52.766,1.14186,1.14202,1.37,1.37
2017.01.10 03:15:52.844,1.14187,1.14203,2.25,1.00
2017.01.10 03:15:53.715,1.14187,1.14205,2.25,1.50
2017.01.10 03:15:54.936,1.14188,1.14205,1.00,1.00
2017.01.10 03:15:55.655,1.1419,1.14205,1.50,1.00
2017.01.10 03:15:56.178,1.14185,1.14203,1.75,1.12
2017.01.10 03:15:56.330,1.14184,1.14201,1.50,1.00
2017.01.10 03:15:56.694,1.14183,1.14199,1.00,1.00
2017.01.10 03:15:56.998,1.14182,1.14197,1.00,1.00
2017.01.10 03:15:57.506,1.14181,1.14197,1.00,1.00
2017.01.10 03:15:58.453,1.14182,1.14199,1.12,1.50
2017.01.10 03:15:58.504,1.14182,1.14199,1.87,1.00
2017.01.10 03:15:58.860,1.14187,1.14203,1.12,1.12
2017.01.10 03:16:00.456,1.14187,1.14202,1.00,1.50
2017.01.10 03:16:00.969,1.14186,1.14202,1.00,1.50
2017.01.10 03:16:01.500,1.14182,1.14199,2.62,1.00
2017.01.10 03:16:01.607,1.14182,1.14198,1.37,1.00
2017.01.10 03:16:02.047,1.14187,1.14203,1.00,1.50
2017.01.10 03:16:02.148,1.14187,1.14203,1.00,1.00
2017.01.10 03:16:03.322,1.14187,1.14204,1.00,1.00
2017.01.10 03:16:03.372,1.14189,1.14204,1.00,1.00
2017.01.10 03:16:03.675,1.14189,1.14206,1.50,1.00
2017.01.10 03:16:04.205,1.14192,1.14209,1.00,1.50
2017.01.10 03:16:04.738,1.14191,1.14207,1.50,1.12
2017.01.10 03:16:05.840,1.14194,1.14209,1.00,1.37
2017.01.10 03:16:05.942,1.14194,1.1421,1.50,1.00
2017.01.10 03:16:06.059,1.14194,1.14212,1.50,1.00
2017.01.10 03:16:06.160,1.14194,1.14213,1.87,1.00
2017.01.10 03:16:06.951,1.14195,1.14211,1.50,1.00
2017.01.10 03:16:07.252,1.14194,1.1421,1.00,1.50
2017.01.10 03:16:07.874,1.14196,1.1421,1.00,1.50
2017.01.10 03:16:08.333,1.14195,1.14213,1.50,1.00
2017.01.10 03:16:08.535,1.14195,1.14213,1.87,1.00
2017.01.10 03:16:08.767,1.14201,1.14217,1.12,1.12
2017.01.10 03:16:09.224,1.14201,1.14215,1.12,1.00
2017.01.10 03:16:09.275,1.14201,1.14218,1.12,1.37
2017.01.10 03:16:09.396,1.14201,1.14218,1.50,1.37
2017.01.10 03:16:09.447,1.14203,1.14219,1.50,1.00
2017.01.10 03:16:09.956,1.14203,1.14219,1.00,1.00
2017.01.10 03:16:10.095,1.14205,1.1422,1.00,1.00
2017.01.10 03:16:10.247,1.14208,1.14224,1.12,1.12
2017.01.10 03:16:10.298,1.14211,1.14224,1.00,1.12
2017.01.10 03:16:10.602,1.14212,1.1422,1.00,1.00
2017.01.10 03:16:10.699,1.14204,1.14222,1.00,1.50
2017.01.10 03:16:10.851,1.14204,1.14219,1.00,1.00
2017.01.10 03:16:11.216,1.14207,1.14221,1.00,1.50
2017.01.10 03:16:11.520,1.14201,1.14218,1.50,1.00
2017.01.10 03:16:11.571,1.14201,1.14218,1.50,1.00
2017.01.10 03:16:11.773,1.14203,1.1422,1.87,1.00
2017.01.10 03:16:12.076,1.14207,1.14222,1.12,1.00
2017.01.10 03:16:12.205,1.14208,1.14226,1.00,1.12
2017.01.10 03:16:12.298,1.14214,1.14226,1.00,1.12
2017.01.10 03:16:12.400,1.14209,1.14226,1.37,1.12
2017.01.10 03:16:12.451,1.14209,1.14226,1.37,1.00
2017.01.10 03:16:12.552,1.1421,1.14228,2.25,1.00
2017.01.10 03:16:13.455,1.14206,1.14222,1.12,1.00
2017.01.10 03:16:13.659,1.14207,1.14223,1.37,1.50
2017.01.10 03:16:13.710,1.14204,1.14223,1.00,1.87
2017.01.10 03:16:14.553,1.14204,1.14222,1.00,1.00
2017.01.10 03:16:15.051,1.14202,1.1422,2.25,1.00
2017.01.10 03:16:15.384,1.14202,1.1422,1.12,1.87
2017.01.10 03:16:15.687,1.14209,1.14227,1.37,1.50
