2018.04.18 11:00:00.158,1.10732,1.10747,3.07,1.19
2018.04.18 11:00:00.642,1.10732,1.10747,2.32,1.44
2018.04.18 11:00:01.182,1.10732,1.10747,3.07,1.44
2018.04.18 11:00:05.277,1.10732,1.10747,1.76,1.19
2018.04.18 11:00:05.670,1.10736,1.10749,1.00,1.69
2018.04.18 11:00:05.723,1.10737,1.10749,1.00,1.00
2018.04.18 11:00:05.827,1.10735,1.10748,1.32,1.19
2018.04.18 11:00:05.880,1.10732,1.10748,4.20,1.44
2018.04.18 11:00:06.432,1.10732,1.10749,2.51,2.62
2018.04.18 11:00:07.552,1.10734,1.10751,1.12,1.76
2018.04.18 11:00:07.937,1.10734,1.10751,1.45,1.95
2018.04.18 11:00:08.448,1.10734,1.1075,1.95,1.19
2018.04.18 11:00:09.179,1.10735,1.1075,1.26,1.19
2018.04.18 11:00:09.733,1.10735,1.1075,1.57,1.19
2018.04.18 11:00:10.108,1.10735,1.10752,1.57,1.76
2018.04.18 11:00:10.724,1.10735,1.10752,2.32,1.87
2018.04.18 11:00:11.159,1.10735,1.1075,2.32,1.19
2018.04.18 11:00:11.485,1.10738,1.10752,1.19,1.19
2018.04.18 11:00:11.626,1.10739,1.10755,1.25,1.51
2018.04.18 11:00:12.148,1.1074,1.10755,1.00,1.44
2018.04.18 11:00:13.161,1.10739,1.10754,1.69,1.37
2018.04.18 11:00:13.266,1.10737,1.10752,1.57,1.19
2018.04.18 11:00:13.319,1.10737,1.10752,1.76,1.37
2018.04.18 11:00:14.870,1.10739,1.10753,1.69,1.19
2018.04.18 11:00:14.979,1.1074,1.10753,1.00,1.25
2018.04.18 11:00:15.031,1.10739,1.10754,2.32,1.19
2018.04.18 11:00:15.236,1.1074,1.10757,1.76,1.47
2018.04.18 11:00:16.114,1.1074,1.10755,1.76,1.44
2018.04.18 11:00:17.596,1.10742,1.10757,1.00,1.29
2018.04.18 11:00:17.806,1.10739,1.10755,2.32,3.19
2018.04.18 11:00:17.910,1.10739,1.10755,1.69,1.20
2018.04.18 11:00:18.916,1.10739,1.10755,1.01,1.20
2018.04.18 11:00:19.575,1.10739,1.10755,1.29,1.20
2018.04.18 11:00:19.951,1.1074,1.10756,1.50,1.12
2018.04.18 11:00:20.003,1.10739,1.10756,1.76,2.70
2018.04.18 11:00:20.367,1.10739,1.10754,1.50,1.47
2018.04.18 11:00:20.878,1.10739,1.10755,1.00,1.45
2018.04.18 11:00:21.383,1.10739,1.10754,1.69,1.37
2018.04.18 11:00:21.913,1.10739,1.10754,1.69,1.37
2018.04.18 11:00:22.461,1.10739,1.10753,1.25,1.37
2018.04.18 11:00:22.917,1.10736,1.1075,1.69,1.19
2018.04.18 11:00:23.342,1.10733,1.1075,2.51,2.70
2018.04.18 11:00:23.989,1.10733,1.10748,4.01,1.19
2018.04.18 11:00:24.519,1.10734,1.10748,1.10,1.19
2018.04.18 11:00:25.971,1.10733,1.10747,2.51,1.19
2018.04.18 11:00:26.576,1.10734,1.10748,1.01,1.19
2018.04.18 11:00:28.037,1.10734,1.10748,1.19,1.44
2018.04.18 11:00:28.089,1.10734,1.10749,1.19,1.37
2018.04.18 11:00:28.630,1.10734,1.10749,1.29,1.37
2018.04.18 11:00:28.893,1.10733,1.10746,1.76,1.19
2018.04.18 11:00:28.946,1.10733,1.10745,1.00,1.19
2018.04.18 11:00:28.999,1.1073,1.10746,1.32,1.44
2018.04.18 11:00:29.051,1.10728,1.10743,3.45,1.19
2018.04.18 11:00:29.157,1.10728,1.10743,1.76,1.19
2018.04.18 11:00:29.534,1.1073,1.10744,1.00,1.19
2018.04.18 11:00:30.145,1.10728,1.10743,1.29,1.19
2018.04.18 11:00:31.261,1.10726,1.10742,1.32,1.44
2018.04.18 11:00:31.420,1.10725,1.1074,2.51,2.44
2018.04.18 11:00:31.937,1.10726,1.10741,1.19,1.12
2018.04.18 11:00:32.418,1.10725,1.1074,2.51,1.19
2018.04.18 11:00:32.575,1.10722,1.10737,1.69,1.87
2018.04.18 11:00:33.110,1.10719,1.10735,5.32,1.69
2018.04.18 11:00:33.776,1.10719,1.10735,4.01,1.69
2018.04.18 11:00:33.992,1.10722,1.10737,1.19,1.44
2018.04.18 11:00:34.716,1.10722,1.10737,1.69,1.87
2018.04.18 11:00:34.956,1.10722,1.10737,2.44,1.25
2018.04.18 11:00:35.500,1.10722,1.10739,2.44,1.95
2018.04.18 11:00:36.150,1.10722,1.10739,1.69,1.51
2018.04.18 11:00:36.202,1.10722,1.10735,3.00,1.19
2018.04.18 11:00:36.308,1.10719,1.10734,1.76,1.69
2018.04.18 11:00:37.028,1.10719,1.10734,1.76,1.50
2018.04.18 11:00:37.242,1.10723,1.10738,1.00,1.45
2018.04.18 11:00:37.296,1.10724,1.10739,1.69,1.19
2018.04.18 11:00:37.813,1.10724,1.1074,3.26,2.62
2018.04.18 11:00:38.059,1.10727,1.10741,1.25,1.87
2018.04.18 11:00:38.164,1.10727,1.10744,1.69,1.95
2018.04.18 11:00:38.678,1.10727,1.10743,2.51,1.87
2018.04.18 11:00:40.940,1.10727,1.10743,2.44,1.87
2018.04.18 11:00:43.620,1.10727,1.10743,2.51,1.87
2018.04.18 11:00:44.147,1.10727,1.10743,2.51,1.87
2018.04.18 11:00:44.655,1.10727,1.10743,1.69,1.37
2018.04.18 11:00:45.267,1.10727,1.10743,1.29,1.47
2018.04.18 11:00:46.368,1.10728,1.10743,1.29,2.70
2018.04.18 11:00:47.192,1.10728,1.10744,1.29,2.51
2018.04.18 11:00:47.716,1.10727,1.10742,1.54,1.87
2018.04.18 11:00:50.974,1.10726,1.10741,1.80,1.69
2018.04.18 11:00:51.290,1.10727,1.1074,1.00,1.44
2018.04.18 11:00:52.289,1.10726,1.1074,1.50,1.44
2018.04.18 11:00:53.437,1.10726,1.1074,1.50,1.87
2018.04.18 11:00:53.964,1.10726,1.10741,1.69,1.47
2018.04.18 11:00:54.676,1.10726,1.10739,1.69,1.19
2018.04.18 11:00:55.281,1.10724,1.1074,3.26,1.95
2018.04.18 11:00:55.769,1.10723,1.10738,1.26,1.69
2018.04.18 11:00:55.821,1.10723,1.10739,1.26,1.25
2018.04.18 11:00:55.934,1.10723,1.10738,1.76,1.87
2018.04.18 11:00:56.355,1.10723,1.10738,1.69,1.19
2018.04.18 11:00:56.931,1.10724,1.10738,1.00,1.19
2018.04.18 11:00:57.825,1.10723,1.10736,1.01,1.19
2018.04.18 11:00:57.876,1.10723,1.10738,1.01,1.25
2018.04.18 11:00:57.927,1.10723,1.10737,1.10,1.44
2018.04.18 11:00:58.137,1.1072,1.10736,1.76,2.25
2018.04.18 11:00:58.660,1.10721,1.10735,1.25,1.44
2018.04.18 11:00:58.970,1.10718,1.10732,3.82,1.19
2018.04.18 11:00:59.180,1.10718,1.10735,3.82,1.37
2018.04.18 11:00:59.644,1.10721,1.10738,4.01,1.95
2018.04.18 11:01:00.206,1.10722,1.1074,1.76,3.00
2018.04.18 11:01:00.725,1.10722,1.10736,1.00,1.37
2018.04.18 11:01:01.304,1.10721,1.10737,1.01,1.87
2018.04.18 11:01:01.656,1.1072,1.10736,1.76,2.70
2018.04.18 11:01:02.158,1.1072,1.10735,1.25,1.37
2018.04.18 11:01:03.148,1.1072,1.10734,1.00,1.44
2018.04.18 11:01:04.860,1.1072,1.10735,1.00,1.87
2018.04.18 11:01:06.050,1.1072,1.10735,1.00,1.87
2018.04.18 11:01:06.586,1.10719,1.10735,1.25,1.75
2018.04.18 11:01:10.372,1.10718,1.10735,4.01,1.20
2018.04.18 11:01:11.135,1.10719,1.10734,1.00,1.44
2018.04.18 11:01:11.956,1.10719,1.10735,1.10,1.47
2018.04.18 11:01:12.663,1.10719,1.10735,1.57,1.20
2018.04.18 11:01:13.835,1.1072,1.10733,1.19,1.19
2018.04.18 11:01:14.215,1.10718,1.10733,4.01,1.44
2018.04.18 11:01:14.321,1.10719,1.10735,1.69,1.95
2018.04.18 11:01:14.478,1.10721,1.10737,1.25,2.62
2018.04.18 11:01:14.993,1.10721,1.10737,1.19,2.70
2018.04.18 11:01:18.535,1.1072,1.10737,1.76,1.95
2018.04.18 11:01:19.302,1.1072,1.10738,2.51,2.62
2018.04.18 11:01:19.932,1.1072,1.10738,3.82,2.70
2018.04.18 11:01:20.614,1.10721,1.10738,1.95,1.95
2018.04.18 11:01:21.104,1.10721,1.10737,1.76,1.44
2018.04.18 11:01:21.155,1.10721,1.10738,1.76,1.44
2018.04.18 11:01:21.406,1.10721,1.10737,1.76,1.44
2018.04.18 11:01:21.671,1.10721,1.10737,1.95,1.12
2018.04.18 11:01:21.778,1.10721,1.10737,1.76,1.19
2018.04.18 11:01:21.830,1.10721,1.10738,1.76,1.95
2018.04.18 11:01:22.582,1.10722,1.10738,1.01,1.20
2018.04.18 11:01:22.999,1.10722,1.10738,1.01,1.20
2018.04.18 11:01:23.430,1.10722,1.10737,1.29,1.19
2018.04.18 11:01:23.813,1.10722,1.10738,1.29,1.20
2018.04.18 11:01:25.019,1.10722,1.10737,1.29,1.19
2018.04.18 11:01:25.563,1.10722,1.10737,1.01,1.37
2018.04.18 11:01:26.066,1.10722,1.10738,1.01,1.95
2018.04.18 11:01:26.262,1.10724,1.10739,1.25,1.32
2018.04.18 11:01:26.624,1.10726,1.10736,1.00,1.19
2018.04.18 11:01:26.781,1.10722,1.10736,1.00,1.29
2018.04.18 11:01:27.318,1.10721,1.10736,1.00,1.69
2018.04.18 11:01:27.844,1.1072,1.10735,3.94,1.29
2018.04.18 11:01:29.939,1.1072,1.10735,2.44,2.70
2018.04.18 11:01:30.448,1.1072,1.10735,3.19,1.95
2018.04.18 11:01:30.500,1.1072,1.10735,3.19,1.20
2018.04.18 11:01:30.603,1.1072,1.10735,3.19,1.44
2018.04.18 11:01:31.092,1.1072,1.10735,3.56,1.12
2018.04.18 11:01:31.145,1.1072,1.10731,3.37,1.19
2018.04.18 11:01:31.302,1.10718,1.10731,1.00,1.19
2018.04.18 11:01:31.892,1.10717,1.10731,2.44,1.19
2018.04.18 11:01:32.402,1.10717,1.10731,3.19,1.19
2018.04.18 11:01:34.664,1.10718,1.10731,1.25,1.25
2018.04.18 11:01:35.170,1.10717,1.10733,3.19,2.70
2018.04.18 11:01:36.247,1.10718,1.10733,1.25,2.70
2018.04.18 11:01:36.761,1.10717,1.10732,3.26,1.69
2018.04.18 11:01:37.464,1.10718,1.10732,1.00,1.29
2018.04.18 11:01:38.039,1.10718,1.10733,1.25,1.95
2018.04.18 11:01:40.211,1.10716,1.10731,1.69,1.47
2018.04.18 11:01:40.316,1.10716,1.10732,1.69,2.70
2018.04.18 11:01:41.663,1.10716,1.10733,1.29,2.70
2018.04.18 11:01:41.766,1.10716,1.10733,1.26,1.87
2018.04.18 11:01:41.818,1.10716,1.10732,1.26,1.19
2018.04.18 11:01:42.075,1.10717,1.10733,1.76,1.12
2018.04.18 11:01:42.723,1.10717,1.10733,2.51,1.44
2018.04.18 11:01:43.875,1.10717,1.10733,2.51,1.44
2018.04.18 11:01:45.997,1.10717,1.10734,2.51,2.70
2018.04.18 11:01:46.447,1.1072,1.10733,1.00,1.19
2018.04.18 11:01:48.493,1.1072,1.10734,1.00,1.95
2018.04.18 11:01:48.823,1.10718,1.1073,1.25,1.19
2018.04.18 11:01:48.890,1.10718,1.1073,1.25,1.25
2018.04.18 11:01:49.146,1.10718,1.10732,1.25,1.44
2018.04.18 11:01:49.198,1.10718,1.10732,1.25,1.87
2018.04.18 11:01:49.832,1.10718,1.10732,1.00,1.12
2018.04.18 11:01:49.884,1.10718,1.10731,1.00,1.19
2018.04.18 11:01:50.406,1.10718,1.10732,1.00,1.44
2018.04.18 11:01:50.728,1.10718,1.10732,1.19,1.19
2018.04.18 11:01:51.026,1.10718,1.10732,1.25,1.19
2018.04.18 11:01:52.188,1.10718,1.10732,1.19,1.19
2018.04.18 11:01:52.951,1.10718,1.10734,1.19,2.51
2018.04.18 11:01:54.328,1.10718,1.10734,1.50,1.95
2018.04.18 11:01:55.650,1.10718,1.10734,1.19,2.51
2018.04.18 11:01:56.531,1.10718,1.10733,1.19,1.19
2018.04.18 11:01:58.633,1.10717,1.10733,3.75,1.19
2018.04.18 11:01:59.285,1.10717,1.10733,2.25,1.44
2018.04.18 11:01:59.982,1.10717,1.10732,2.25,1.19
2018.04.18 11:02:00.514,1.10717,1.10733,2.25,2.70
2018.04.18 11:02:01.345,1.10717,1.10733,2.25,2.70
2018.04.18 11:02:01.786,1.10717,1.10732,1.25,1.87
2018.04.18 11:02:02.147,1.10715,1.10732,1.19,3.45
2018.04.18 11:02:02.199,1.10715,1.10732,1.19,3.45
2018.04.18 11:02:02.353,1.10715,1.10729,1.19,1.19
2018.04.18 11:02:02.405,1.10715,1.10729,1.10,1.19
2018.04.18 11:02:02.457,1.10715,1.1073,2.32,1.19
2018.04.18 11:02:02.813,1.10715,1.10731,4.01,1.12
2018.04.18 11:02:03.126,1.10719,1.10734,1.00,2.70
2018.04.18 11:02:03.822,1.10717,1.10733,1.69,1.19
2018.04.18 11:02:04.483,1.10718,1.10734,1.19,2.51
2018.04.18 11:02:05.151,1.10718,1.10734,1.19,1.76
2018.04.18 11:02:05.460,1.10718,1.10733,1.19,1.19
2018.04.18 11:02:06.182,1.10716,1.10732,4.57,1.19
2018.04.18 11:02:06.687,1.10716,1.10732,4.57,1.19
2018.04.18 11:02:07.133,1.10716,1.10733,5.32,1.19
2018.04.18 11:02:07.328,1.10716,1.10731,4.57,1.19
2018.04.18 11:02:07.833,1.10716,1.10732,5.32,1.19
2018.04.18 11:02:08.565,1.10716,1.10733,4.57,1.44
2018.04.18 11:02:09.027,1.10716,1.10732,5.32,1.19
2018.04.18 11:02:09.670,1.10716,1.10732,4.57,1.19
2018.04.18 11:02:09.986,1.10719,1.10736,3.00,3.82
2018.04.18 11:02:10.038,1.10722,1.10733,1.25,1.19
2018.04.18 11:02:10.090,1.10722,1.10735,1.25,1.19
2018.04.18 11:02:10.141,1.10721,1.10733,2.44,1.19
2018.04.18 11:02:10.674,1.10721,1.10734,1.69,1.29
2018.04.18 11:02:10.982,1.10719,1.10734,2.44,1.47
2018.04.18 11:02:11.527,1.10719,1.10734,3.00,1.19
2018.04.18 11:02:13.268,1.10719,1.10732,2.25,1.19
2018.04.18 11:02:13.522,1.10719,1.10734,1.76,1.19
2018.04.18 11:02:14.687,1.1072,1.10736,1.01,1.47
2018.04.18 11:02:14.741,1.1072,1.10736,2.32,1.69
2018.04.18 11:02:15.265,1.10721,1.10736,1.26,1.19
2018.04.18 11:02:15.574,1.10721,1.10738,1.26,1.20
2018.04.18 11:02:15.962,1.1072,1.10738,3.07,1.29
2018.04.18 11:02:17.033,1.1072,1.10738,3.07,1.76
2018.04.18 11:02:18.037,1.10724,1.10739,1.69,1.95
2018.04.18 11:02:18.569,1.10723,1.10738,1.19,1.19
2018.04.18 11:02:19.714,1.10723,1.10738,1.57,1.19
2018.04.18 11:02:20.263,1.10723,1.10738,1.19,1.19
2018.04.18 11:02:23.298,1.10722,1.10737,1.29,1.19
2018.04.18 11:02:23.837,1.10724,1.10737,1.19,1.19
2018.04.18 11:02:26.301,1.10724,1.10738,1.29,1.19
2018.04.18 11:02:26.835,1.10724,1.10739,1.29,1.87
2018.04.18 11:02:27.232,1.10724,1.10737,1.19,1.19
2018.04.18 11:02:28.042,1.10723,1.10736,1.57,1.19
2018.04.18 11:02:28.626,1.10722,1.10735,2.32,1.19
2018.04.18 11:02:28.678,1.10723,1.10737,1.29,1.19
2018.04.18 11:02:29.239,1.10723,1.10736,1.19,1.19
2018.04.18 11:02:29.875,1.10723,1.10736,1.25,1.19
2018.04.18 11:02:31.128,1.10723,1.10737,1.25,1.19
2018.04.18 11:02:31.506,1.10723,1.10738,1.25,1.95
2018.04.18 11:02:32.423,1.10723,1.10738,1.25,1.20
2018.04.18 11:02:32.524,1.10722,1.10739,2.25,1.76
2018.04.18 11:02:32.785,1.10724,1.1074,1.44,2.25
2018.04.18 11:02:33.292,1.10725,1.1074,1.35,1.10
2018.04.18 11:02:33.697,1.10728,1.10742,1.75,1.07
2018.04.18 11:02:33.802,1.10727,1.10742,1.50,1.76
2018.04.18 11:02:34.401,1.10725,1.1074,3.75,1.25
2018.04.18 11:02:35.153,1.10725,1.1074,3.00,1.25
2018.04.18 11:02:37.449,1.10725,1.1074,3.00,1.25
2018.04.18 11:02:37.791,1.10726,1.10742,2.44,2.51
2018.04.18 11:02:37.897,1.10728,1.10743,1.37,1.50
2018.04.18 11:02:38.056,1.10738,1.10751,1.29,1.25
2018.04.18 11:02:38.421,1.10742,1.10757,1.85,1.00
2018.04.18 11:02:38.760,1.10744,1.1076,3.00,1.69
2018.04.18 11:02:38.812,1.10744,1.10761,3.00,1.29
2018.04.18 11:02:39.073,1.10744,1.1076,2.25,1.69
2018.04.18 11:02:39.332,1.10746,1.10763,2.51,1.76
2018.04.18 11:02:39.542,1.1075,1.10766,1.75,1.00
2018.04.18 11:02:39.595,1.10751,1.10768,3.19,1.07
2018.04.18 11:02:39.840,1.10751,1.10766,3.00,1.19
2018.04.18 11:02:39.893,1.10751,1.10763,2.25,1.69
2018.04.18 11:02:39.946,1.10749,1.10762,3.19,1.69
2018.04.18 11:02:41.305,1.10747,1.10762,1.19,1.69
2018.04.18 11:02:41.845,1.10747,1.10761,1.50,1.69
2018.04.18 11:02:41.998,1.10747,1.10762,2.32,1.25
2018.04.18 11:02:42.531,1.10746,1.10762,3.07,1.69
2018.04.18 11:02:43.081,1.10746,1.10762,3.07,1.76
2018.04.18 11:02:43.710,1.10749,1.10763,1.25,1.10
2018.04.18 11:02:44.258,1.10749,1.10764,1.25,1.10
2018.04.18 11:02:45.292,1.10746,1.10765,2.51,2.14
2018.04.18 11:02:45.808,1.10746,1.10764,4.01,1.29
2018.04.18 11:02:47.303,1.10746,1.10765,2.32,3.07
2018.04.18 11:02:47.846,1.10747,1.10763,1.26,1.37
2018.04.18 11:02:51.099,1.10745,1.10762,1.50,1.57
2018.04.18 11:02:51.427,1.1074,1.10757,3.26,1.62
2018.04.18 11:02:51.843,1.10743,1.10759,2.44,3.26
2018.04.18 11:02:51.947,1.10747,1.10759,1.44,1.00
2018.04.18 11:02:51.999,1.10747,1.10762,2.44,1.95
2018.04.18 11:02:52.267,1.10748,1.10764,1.87,2.06
2018.04.18 11:02:52.803,1.10748,1.10764,1.87,2.06
2018.04.18 11:02:54.746,1.10748,1.10764,1.95,1.95
2018.04.18 11:02:55.274,1.10748,1.10763,1.87,1.25
2018.04.18 11:02:57.213,1.10747,1.10764,1.47,3.00
2018.04.18 11:02:57.637,1.1075,1.10765,1.19,3.07
2018.04.18 11:02:58.160,1.10749,1.10765,1.57,3.82
2018.04.18 11:02:58.669,1.10749,1.10765,1.20,3.45
2018.04.18 11:02:59.226,1.10749,1.10765,1.76,3.45
2018.04.18 11:02:59.882,1.10748,1.10764,1.19,1.87
2018.04.18 11:03:01.442,1.10749,1.10765,1.19,6.64
2018.04.18 11:03:02.497,1.10749,1.10764,1.19,1.20
2018.04.18 11:03:03.086,1.10749,1.10764,1.25,1.20
2018.04.18 11:03:03.323,1.10751,1.10764,1.44,1.12
2018.04.18 11:03:03.427,1.10753,1.10768,1.50,1.57
2018.04.18 11:03:03.996,1.10754,1.10769,1.19,1.39
2018.04.18 11:03:04.529,1.10754,1.10769,1.25,1.39
2018.04.18 11:03:04.633,1.10754,1.10769,1.50,1.31
2018.04.18 11:03:04.963,1.10756,1.10771,1.50,1.12
2018.04.18 11:03:05.122,1.10751,1.10767,3.00,1.12
2018.04.18 11:03:05.665,1.10752,1.10767,1.19,1.47
2018.04.18 11:03:06.221,1.10752,1.10768,2.00,1.07
2018.04.18 11:03:06.325,1.10753,1.1077,1.95,1.57
2018.04.18 11:03:06.458,1.10756,1.1077,1.25,1.00
2018.04.18 11:03:07.118,1.10755,1.1077,1.76,1.00
2018.04.18 11:03:08.378,1.10755,1.10771,2.51,1.00
2018.04.18 11:03:08.795,1.10758,1.10773,1.44,1.95
2018.04.18 11:03:08.848,1.10755,1.10771,2.70,1.01
2018.04.18 11:03:08.900,1.10755,1.10771,1.95,2.14
2018.04.18 11:03:09.743,1.10753,1.10769,1.32,1.50
2018.04.18 11:03:10.246,1.10752,1.10769,1.95,1.50
2018.04.18 11:03:10.862,1.10752,1.10769,1.95,1.19
2018.04.18 11:03:11.354,1.10751,1.10766,1.32,1.19
2018.04.18 11:03:11.456,1.1075,1.10766,1.25,1.81
2018.04.18 11:03:11.561,1.10751,1.10767,1.44,1.37
2018.04.18 11:03:11.767,1.10753,1.1077,1.47,2.62
2018.04.18 11:03:12.371,1.10754,1.1077,2.44,1.31
2018.04.18 11:03:12.525,1.10756,1.10772,1.47,1.01
2018.04.18 11:03:12.628,1.10757,1.10773,1.20,1.56
2018.04.18 11:03:13.223,1.10755,1.10772,1.76,1.44
2018.04.18 11:03:13.377,1.10756,1.10774,1.37,2.32
2018.04.18 11:03:13.429,1.10755,1.10771,1.51,1.25
2018.04.18 11:03:13.668,1.10756,1.10772,1.51,1.87
2018.04.18 11:03:14.170,1.10756,1.10773,1.95,1.87
2018.04.18 11:03:14.700,1.10755,1.10772,2.32,1.39
2018.04.18 11:03:15.118,1.10756,1.10773,1.51,1.20
2018.04.18 11:03:15.709,1.10758,1.10774,1.10,2.32
2018.04.18 11:03:16.109,1.10758,1.10772,1.57,1.00
2018.04.18 11:03:16.263,1.10757,1.10773,1.95,1.31
2018.04.18 11:03:16.877,1.10757,1.10773,1.01,1.57
2018.04.18 11:03:17.395,1.10756,1.10773,1.95,2.25
2018.04.18 11:03:17.752,1.10758,1.10774,1.19,3.07
2018.04.18 11:03:18.151,1.10758,1.10774,1.76,2.89
2018.04.18 11:03:18.694,1.10758,1.10774,2.00,2.89
2018.04.18 11:03:18.849,1.10758,1.10773,1.12,1.62
2018.04.18 11:03:19.387,1.10759,1.10774,1.10,2.25
2018.04.18 11:03:19.904,1.10758,1.10773,1.95,1.19
2018.04.18 11:03:20.002,1.10759,1.10774,1.29,2.06
2018.04.18 11:03:20.800,1.10759,1.10775,1.76,1.31
2018.04.18 11:03:20.904,1.1076,1.10776,1.50,2.14
2018.04.18 11:03:21.489,1.10759,1.10776,1.76,2.06
2018.04.18 11:03:21.839,1.10758,1.10773,2.51,1.37
2018.04.18 11:03:22.049,1.10762,1.10775,1.44,1.10
2018.04.18 11:03:22.101,1.10764,1.10774,1.19,1.00
2018.04.18 11:03:22.153,1.10763,1.10779,1.76,1.00
2018.04.18 11:03:22.206,1.10766,1.10781,1.19,2.89
2018.04.18 11:03:22.338,1.10762,1.10779,1.57,2.06
2018.04.18 11:03:22.650,1.10761,1.10779,2.32,2.14
2018.04.18 11:03:22.959,1.10762,1.10777,1.19,1.31
2018.04.18 11:03:23.114,1.10761,1.10777,1.50,1.62
2018.04.18 11:03:23.651,1.1076,1.10776,1.69,1.37
2018.04.18 11:03:24.569,1.1076,1.10778,1.45,1.57
2018.04.18 11:03:24.936,1.10761,1.10777,2.51,1.12
2018.04.18 11:03:25.376,1.1076,1.10777,1.57,2.14
2018.04.18 11:03:25.433,1.10759,1.10776,1.76,2.81
2018.04.18 11:03:25.783,1.10761,1.10777,2.51,1.20
2018.04.18 11:03:27.158,1.10762,1.10777,2.25,1.12
2018.04.18 11:03:27.906,1.10763,1.10777,1.69,1.12
2018.04.18 11:03:28.241,1.10765,1.10781,2.44,1.20
2018.04.18 11:03:28.301,1.10763,1.1078,1.80,1.31
2018.04.18 11:03:28.567,1.10766,1.10783,1.47,4.01
2018.04.18 11:03:28.894,1.10768,1.10785,1.39,3.00
2018.04.18 11:03:29.256,1.10767,1.10782,2.70,1.19
2018.04.18 11:03:29.502,1.10763,1.10778,2.14,1.00
2018.04.18 11:03:29.554,1.10763,1.10779,1.76,1.25
2018.04.18 11:03:29.658,1.10764,1.1078,1.82,1.00
2018.04.18 11:03:29.973,1.10768,1.10785,1.57,2.06
2018.04.18 11:03:30.401,1.10767,1.10782,1.51,1.00
2018.04.18 11:03:30.555,1.10767,1.10784,1.95,2.25
2018.04.18 11:03:31.585,1.10767,1.10782,2.14,1.00
2018.04.18 11:03:31.943,1.10764,1.1078,1.51,1.62
2018.04.18 11:03:32.147,1.10762,1.10777,1.45,1.12
2018.04.18 11:03:32.359,1.10764,1.10779,1.50,1.87
2018.04.18 11:03:32.411,1.10764,1.10781,1.50,3.82
2018.04.18 11:03:32.513,1.10767,1.10781,2.51,1.00
2018.04.18 11:03:32.565,1.10768,1.10784,1.95,1.69
2018.04.18 11:03:33.130,1.10769,1.10785,2.14,1.87
2018.04.18 11:03:33.511,1.10768,1.10785,1.20,1.87
2018.04.18 11:03:33.981,1.10765,1.10781,1.80,1.00
2018.04.18 11:03:34.633,1.10765,1.1078,1.95,1.00
2018.04.18 11:03:35.418,1.10765,1.10782,1.95,3.75
2018.04.18 11:03:37.258,1.10765,1.10782,2.89,2.81
2018.04.18 11:03:37.669,1.10764,1.1078,2.32,1.25
2018.04.18 11:03:38.216,1.10763,1.10779,2.17,1.87
2018.04.18 11:03:38.269,1.10762,1.10777,3.67,1.00
2018.04.18 11:03:39.067,1.10762,1.10777,1.20,1.12
2018.04.18 11:03:39.633,1.1076,1.10777,3.07,1.12
2018.04.18 11:03:40.160,1.1076,1.10777,2.70,1.12
2018.04.18 11:03:40.684,1.10763,1.10778,1.26,1.69
2018.04.18 11:03:41.192,1.10764,1.10778,1.00,1.19
2018.04.18 11:03:41.298,1.10764,1.10779,1.01,1.00
2018.04.18 11:03:41.936,1.10764,1.10779,1.20,1.25
2018.04.18 11:03:43.182,1.10765,1.1078,1.19,1.44
2018.04.18 11:03:44.184,1.10763,1.10778,1.51,1.00
2018.04.18 11:03:45.270,1.10764,1.10779,1.20,1.87
2018.04.18 11:03:46.260,1.10763,1.10779,1.01,2.06
2018.04.18 11:03:46.710,1.10761,1.10776,2.17,1.00
2018.04.18 11:03:46.966,1.10762,1.10779,1.76,3.07
2018.04.18 11:03:47.070,1.10765,1.10779,1.50,1.25
2018.04.18 11:03:47.589,1.10765,1.10779,1.44,1.25
2018.04.18 11:03:47.641,1.10765,1.10781,1.76,1.50
2018.04.18 11:03:48.594,1.10765,1.10781,1.57,2.14
2018.04.18 11:03:48.699,1.10763,1.10778,2.07,1.25
2018.04.18 11:03:48.751,1.10762,1.10778,1.95,1.12
2018.04.18 11:03:49.288,1.10764,1.10779,1.29,3.56
2018.04.18 11:03:49.458,1.10763,1.10778,1.32,1.19
2018.04.18 11:03:50.074,1.10763,1.10779,1.57,3.37
2018.04.18 11:03:50.675,1.10764,1.10779,1.29,2.44
2018.04.18 11:03:50.971,1.10762,1.10777,1.76,1.00
2018.04.18 11:03:51.478,1.10759,1.10774,1.76,1.25
2018.04.18 11:03:51.592,1.10757,1.10773,1.57,1.00
2018.04.18 11:03:52.117,1.10757,1.10772,1.19,1.50
2018.04.18 11:03:52.712,1.10756,1.10772,1.29,1.50
2018.04.18 11:03:53.262,1.10756,1.10771,1.76,1.00
2018.04.18 11:03:53.774,1.10757,1.10772,1.19,1.69
2018.04.18 11:03:54.282,1.10756,1.1077,1.39,1.00
2018.04.18 11:03:54.386,1.10755,1.10772,3.64,2.06
2018.04.18 11:03:54.918,1.10756,1.10772,2.17,1.50
2018.04.18 11:03:56.420,1.10759,1.10772,2.14,1.00
2018.04.18 11:03:57.479,1.10759,1.10774,1.39,1.12
2018.04.18 11:03:57.684,1.10761,1.10776,1.57,1.69
2018.04.18 11:03:58.062,1.10758,1.10773,3.30,1.25
2018.04.18 11:03:58.583,1.10759,1.10774,2.14,1.00
2018.04.18 11:03:58.979,1.1076,1.10776,5.14,1.00
2018.04.18 11:03:59.512,1.10761,1.10776,1.82,1.00
2018.04.18 11:03:59.957,1.1076,1.10774,1.39,1.00
2018.04.18 11:04:00.598,1.1076,1.10775,1.07,1.00
2018.04.18 11:04:00.935,1.10759,1.10772,1.57,1.00
2018.04.18 11:04:01.886,1.10757,1.10772,3.49,1.00
2018.04.18 11:04:02.424,1.10757,1.10773,3.49,1.25
2018.04.18 11:04:03.225,1.10759,1.10774,1.51,1.25
2018.04.18 11:04:03.756,1.10759,1.10774,1.89,1.25
2018.04.18 11:04:04.319,1.10759,1.10774,1.51,1.25
2018.04.18 11:04:04.527,1.10759,1.10775,1.57,1.44
2018.04.18 11:04:04.631,1.10761,1.10776,1.20,1.12
2018.04.18 11:04:04.683,1.10758,1.10775,5.74,1.19
2018.04.18 11:04:05.242,1.1076,1.10777,3.26,1.19
2018.04.18 11:04:05.565,1.1076,1.10778,3.26,1.87
2018.04.18 11:04:06.091,1.10762,1.10778,1.26,1.87
2018.04.18 11:04:06.631,1.10761,1.10777,1.95,1.19
2018.04.18 11:04:07.199,1.10761,1.10778,1.39,1.87
2018.04.18 11:04:07.842,1.10762,1.10778,1.57,1.50
2018.04.18 11:04:07.895,1.10762,1.10778,1.64,1.69
2018.04.18 11:04:07.999,1.10762,1.10776,1.26,1.00
2018.04.18 11:04:08.738,1.10762,1.10778,1.26,1.69
2018.04.18 11:04:08.894,1.10763,1.10778,1.95,1.50
2018.04.18 11:04:09.206,1.10761,1.10777,1.64,1.19
2018.04.18 11:04:09.898,1.10761,1.10776,2.14,1.50
2018.04.18 11:04:10.418,1.10761,1.10776,2.14,1.25
2018.04.18 11:04:13.006,1.10761,1.10778,1.95,1.87
2018.04.18 11:04:13.867,1.10761,1.10778,1.64,2.62
2018.04.18 11:04:14.388,1.10761,1.10775,1.39,1.25
2018.04.18 11:04:15.556,1.10762,1.10777,1.20,1.00
2018.04.18 11:04:16.001,1.1076,1.10775,1.95,1.25
2018.04.18 11:04:16.133,1.1076,1.10773,1.10,1.25
2018.04.18 11:04:16.660,1.1076,1.10774,1.25,1.00
2018.04.18 11:04:16.714,1.1076,1.10775,1.50,1.76
2018.04.18 11:04:17.261,1.10759,1.10775,1.51,1.87
2018.04.18 11:04:18.998,1.10759,1.10775,1.64,1.87
2018.04.18 11:04:19.311,1.10757,1.10774,3.64,1.19
2018.04.18 11:04:19.363,1.10757,1.10774,2.89,1.19
2018.04.18 11:04:19.880,1.10757,1.10774,2.14,1.31
2018.04.18 11:04:20.389,1.10757,1.10773,1.64,1.12
2018.04.18 11:04:20.905,1.10757,1.10773,2.32,1.44
2018.04.18 11:04:21.443,1.10758,1.10773,2.14,1.31
2018.04.18 11:04:22.136,1.10758,1.10773,1.70,1.19
2018.04.18 11:04:22.686,1.10759,1.10773,1.07,1.25
2018.04.18 11:04:23.273,1.10759,1.10774,1.20,1.50
2018.04.18 11:04:23.808,1.10759,1.10774,1.57,1.50
2018.04.18 11:04:23.860,1.10758,1.10775,1.57,3.56
2018.04.18 11:04:23.912,1.10757,1.10772,1.89,1.69
2018.04.18 11:04:24.517,1.10756,1.10772,1.95,1.87
2018.04.18 11:04:25.493,1.10756,1.10771,1.32,2.06
2018.04.18 11:04:25.972,1.10758,1.10772,1.70,1.25
2018.04.18 11:04:26.499,1.10758,1.10772,2.14,1.00
2018.04.18 11:04:27.168,1.10758,1.10772,1.64,1.00
2018.04.18 11:04:27.510,1.10758,1.10774,1.51,1.37
2018.04.18 11:04:29.093,1.10757,1.10774,2.36,1.69
2018.04.18 11:04:29.793,1.10756,1.10774,4.39,2.25
2018.04.18 11:04:30.426,1.10759,1.10774,1.44,1.69
2018.04.18 11:04:30.871,1.10758,1.10775,2.32,2.44
2018.04.18 11:04:30.923,1.10758,1.10774,1.76,1.47
2018.04.18 11:04:31.502,1.10758,1.10773,1.20,1.25
2018.04.18 11:04:32.010,1.10758,1.10772,1.01,1.19
2018.04.18 11:04:32.239,1.10758,1.10774,1.95,1.57
2018.04.18 11:04:32.345,1.1076,1.10775,1.19,2.14
2018.04.18 11:04:32.600,1.10753,1.10769,3.07,1.62
2018.04.18 11:04:32.857,1.10756,1.1077,2.25,1.01
2018.04.18 11:04:32.909,1.10756,1.10772,3.64,1.00
2018.04.18 11:04:32.961,1.10761,1.10774,1.19,1.19
2018.04.18 11:04:33.486,1.1076,1.10774,1.19,1.25
2018.04.18 11:04:34.379,1.10761,1.10774,1.50,1.00
2018.04.18 11:04:34.814,1.1076,1.10774,1.44,1.00
2018.04.18 11:04:35.517,1.10761,1.10774,1.25,1.00
2018.04.18 11:04:36.036,1.10761,1.10774,1.19,1.00
2018.04.18 11:04:36.742,1.10761,1.10774,1.50,1.00
2018.04.18 11:04:37.290,1.10759,1.10774,2.51,1.00
2018.04.18 11:04:37.345,1.10759,1.10777,2.51,3.07
2018.04.18 11:04:38.650,1.10763,1.10777,1.25,1.76
2018.04.18 11:04:40.088,1.10763,1.10777,1.00,1.19
2018.04.18 11:04:40.603,1.10762,1.10777,1.75,1.00
2018.04.18 11:04:41.187,1.10763,1.10777,1.19,1.25
2018.04.18 11:04:42.070,1.10763,1.10777,1.19,1.25
2018.04.18 11:04:43.137,1.10762,1.10777,2.51,1.25
2018.04.18 11:04:43.434,1.10761,1.10777,1.29,1.29
2018.04.18 11:04:44.188,1.10761,1.10777,1.51,1.19
2018.04.18 11:04:44.738,1.10761,1.10777,1.57,1.19
2018.04.18 11:04:45.348,1.10761,1.10776,1.50,1.19
2018.04.18 11:04:45.401,1.1076,1.10775,1.19,1.25
2018.04.18 11:04:45.973,1.10759,1.10775,1.76,1.76
2018.04.18 11:04:46.513,1.10759,1.10774,1.19,1.00
2018.04.18 11:04:47.058,1.10759,1.10774,1.19,1.19
2018.04.18 11:04:47.616,1.10759,1.10774,1.44,1.25
2018.04.18 11:04:48.151,1.10759,1.10774,1.25,1.50
2018.04.18 11:04:48.899,1.10759,1.10774,1.12,1.69
2018.04.18 11:04:49.017,1.10759,1.10774,1.19,1.50
2018.04.18 11:04:49.613,1.1076,1.10775,1.39,1.69
2018.04.18 11:04:50.109,1.10761,1.10776,1.29,1.19
2018.04.18 11:04:50.656,1.1076,1.10776,1.26,1.19
2018.04.18 11:04:51.166,1.10761,1.10776,1.29,1.19
2018.04.18 11:04:51.906,1.10762,1.10776,1.44,1.12
2018.04.18 11:04:52.217,1.1076,1.10772,1.00,4.57
2018.04.18 11:04:52.502,1.10755,1.10771,2.25,2.51
2018.04.18 11:04:52.553,1.10755,1.10771,1.19,2.51
2018.04.18 11:04:52.605,1.10753,1.1077,2.32,2.14
2018.04.18 11:04:53.065,1.10752,1.10767,2.32,1.56
2018.04.18 11:04:53.401,1.10752,1.10767,2.25,1.62
2018.04.18 11:04:53.922,1.1075,1.10765,6.82,1.00
2018.04.18 11:04:54.463,1.1075,1.10765,5.32,1.19
2018.04.18 11:04:54.793,1.10752,1.10767,1.50,1.69
2018.04.18 11:04:55.315,1.10753,1.10768,1.19,1.56
2018.04.18 11:04:55.494,1.10752,1.10765,1.19,1.25
2018.04.18 11:04:55.547,1.1075,1.10762,1.87,1.00
2018.04.18 11:04:56.066,1.10748,1.10761,1.44,1.00
2018.04.18 11:04:56.511,1.1075,1.10763,1.19,1.10
2018.04.18 11:04:56.819,1.1075,1.10765,2.07,1.00
2018.04.18 11:04:57.201,1.10751,1.10766,1.95,1.50
2018.04.18 11:04:57.305,1.10751,1.10766,1.51,1.50
2018.04.18 11:04:57.812,1.10751,1.10766,1.20,1.50
2018.04.18 11:04:58.124,1.10751,1.10764,1.82,1.00
2018.04.18 11:04:58.503,1.1075,1.10764,2.89,1.00
2018.04.18 11:04:59.144,1.1075,1.10766,1.39,2.44
2018.04.18 11:04:59.403,1.10749,1.10763,3.45,1.00
2018.04.18 11:05:00.372,1.1075,1.10764,1.85,1.19
2018.04.18 11:05:00.840,1.10748,1.10764,1.51,1.44
2018.04.18 11:05:00.943,1.1075,1.10764,1.51,1.00
2018.04.18 11:05:01.973,1.10751,1.10765,1.57,1.25
2018.04.18 11:05:02.130,1.10751,1.10765,1.01,1.25
2018.04.18 11:05:02.666,1.10748,1.10763,3.64,1.19
2018.04.18 11:05:02.719,1.10748,1.10763,2.70,1.00
2018.04.18 11:05:02.772,1.10748,1.10762,2.32,1.00
2018.04.18 11:05:03.331,1.10748,1.10762,1.20,1.00
2018.04.18 11:05:04.135,1.10748,1.10763,1.39,1.69
2018.04.18 11:05:04.700,1.10748,1.10763,1.39,1.00
2018.04.18 11:05:05.287,1.10747,1.10763,2.14,1.19
2018.04.18 11:05:05.816,1.10748,1.10763,1.26,1.25
2018.04.18 11:05:06.473,1.10747,1.10763,2.14,1.25
2018.04.18 11:05:06.630,1.10747,1.10761,1.95,1.00
2018.04.18 11:05:07.435,1.10747,1.10761,2.32,1.19
2018.04.18 11:05:07.998,1.10746,1.10761,2.89,1.69
2018.04.18 11:05:08.531,1.10745,1.10759,1.95,1.00
2018.04.18 11:05:09.421,1.10744,1.1076,3.26,1.00
2018.04.18 11:05:09.979,1.10746,1.1076,1.82,1.25
2018.04.18 11:05:10.485,1.10746,1.10761,1.64,1.25
2018.04.18 11:05:12.299,1.10746,1.10759,1.51,2.06
2018.04.18 11:05:12.351,1.10744,1.10759,1.57,2.06
2018.04.18 11:05:12.455,1.10743,1.10759,3.64,2.25
2018.04.18 11:05:13.332,1.10743,1.10759,3.64,2.06
2018.04.18 11:05:13.889,1.10745,1.10759,1.26,2.06
2018.04.18 11:05:14.421,1.10744,1.10759,2.14,1.87
2018.04.18 11:05:15.542,1.10744,1.10757,1.95,1.00
2018.04.18 11:05:16.060,1.10743,1.10758,2.14,1.31
2018.04.18 11:05:16.599,1.10742,1.10757,1.20,1.19
2018.04.18 11:05:17.060,1.10742,1.10757,1.51,1.81
2018.04.18 11:05:17.258,1.10741,1.10751,1.51,1.00
2018.04.18 11:05:17.310,1.10737,1.10753,1.95,1.56
2018.04.18 11:05:17.362,1.10737,1.10752,1.39,1.19
2018.04.18 11:05:18.509,1.10736,1.10751,1.95,1.31
2018.04.18 11:05:19.877,1.10738,1.10751,1.07,1.31
2018.04.18 11:05:20.425,1.10736,1.10751,1.95,1.31
2018.04.18 11:05:21.354,1.10734,1.10751,3.45,1.69
2018.04.18 11:05:21.876,1.10733,1.10748,1.39,1.44
2018.04.18 11:05:23.168,1.10733,1.10748,2.14,1.25
2018.04.18 11:05:23.220,1.10733,1.10748,1.95,1.19
2018.04.18 11:05:23.641,1.10733,1.1075,1.51,2.62
2018.04.18 11:05:24.188,1.10733,1.1075,1.39,2.62
2018.04.18 11:05:24.724,1.10734,1.1075,2.32,2.44
2018.04.18 11:05:25.232,1.10734,1.10749,1.26,1.87
2018.04.18 11:05:25.592,1.10734,1.10748,1.95,1.25
2018.04.18 11:05:26.192,1.10734,1.10749,1.95,1.50
2018.04.18 11:05:26.612,1.10734,1.10749,1.26,1.50
2018.04.18 11:05:27.870,1.10734,1.10749,1.57,1.50
2018.04.18 11:05:29.325,1.10734,1.10749,1.39,1.19
2018.04.18 11:05:30.056,1.10734,1.10751,1.20,1.95
2018.04.18 11:05:30.591,1.10735,1.10751,1.50,1.19
2018.04.18 11:05:31.373,1.10735,1.10751,1.50,1.44
2018.04.18 11:05:34.052,1.10735,1.1075,1.50,1.25
2018.04.18 11:05:34.214,1.10735,1.10751,1.50,1.87
2018.04.18 11:05:35.310,1.10736,1.1075,1.19,1.25
2018.04.18 11:05:36.300,1.10734,1.10749,1.45,1.00
2018.04.18 11:05:38.753,1.10734,1.10749,1.51,1.25
2018.04.18 11:05:38.910,1.10736,1.10751,3.26,1.69
2018.04.18 11:05:39.065,1.10735,1.10751,1.95,1.37
2018.04.18 11:05:40.074,1.10736,1.1075,1.57,1.19
2018.04.18 11:05:40.595,1.10735,1.10749,1.19,1.69
2018.04.18 11:05:41.361,1.10734,1.10749,2.32,1.19
2018.04.18 11:05:41.888,1.10734,1.10748,1.76,1.25
2018.04.18 11:05:42.538,1.10732,1.10746,1.76,1.25
2018.04.18 11:05:43.222,1.10732,1.10746,1.76,1.69
2018.04.18 11:05:45.838,1.10732,1.10745,1.25,1.25
2018.04.18 11:05:47.608,1.10732,1.10745,1.19,1.25
2018.04.18 11:05:48.142,1.10728,1.10742,2.51,1.50
2018.04.18 11:05:48.690,1.10727,1.10743,2.51,1.00
2018.04.18 11:05:49.005,1.10732,1.10747,1.26,1.37
2018.04.18 11:05:50.645,1.10732,1.10747,1.57,1.44
2018.04.18 11:05:52.794,1.10731,1.10748,4.57,3.37
2018.04.18 11:05:53.203,1.10731,1.10748,4.57,3.37
2018.04.18 11:05:56.447,1.10732,1.10746,1.57,1.25
2018.04.18 11:05:57.060,1.10732,1.10746,1.57,1.19
2018.04.18 11:05:59.065,1.10732,1.10746,1.29,1.19
2018.04.18 11:05:59.314,1.10731,1.10747,1.57,1.12
2018.04.18 11:05:59.366,1.10731,1.10747,1.57,1.44
2018.04.18 11:05:59.886,1.10732,1.10747,1.29,1.44
2018.04.18 11:06:00.115,1.10732,1.10747,1.20,1.12
2018.04.18 11:06:00.222,1.10735,1.10749,1.44,1.00
2018.04.18 11:06:00.330,1.10737,1.10752,1.47,2.44
2018.04.18 11:06:01.339,1.10737,1.10752,2.32,1.00
2018.04.18 11:06:02.031,1.10737,1.10752,1.76,1.00
2018.04.18 11:06:04.495,1.10736,1.10751,2.32,1.25
2018.04.18 11:06:04.548,1.10735,1.10751,3.82,1.31
2018.04.18 11:06:05.053,1.10736,1.10751,1.19,1.31
2018.04.18 11:06:05.748,1.10736,1.10751,1.50,1.31
2018.04.18 11:06:06.287,1.10737,1.10751,1.19,1.31
2018.04.18 11:06:06.513,1.10734,1.10749,1.82,1.31
2018.04.18 11:06:06.668,1.10735,1.10749,1.50,1.20
2018.04.18 11:06:07.511,1.10735,1.10748,1.19,1.00
2018.04.18 11:06:07.768,1.10735,1.1075,1.44,1.00
2018.04.18 11:06:12.931,1.10734,1.10749,1.50,2.14
2018.04.18 11:06:13.500,1.10732,1.10748,1.76,1.19
2018.04.18 11:06:26.355,1.10732,1.10747,1.20,1.00
2018.04.18 11:06:27.392,1.10732,1.10747,1.47,1.00
2018.04.18 11:06:27.918,1.10732,1.10747,1.47,1.00
2018.04.18 11:06:29.014,1.10732,1.10749,1.47,2.62
2018.04.18 11:06:29.509,1.10732,1.10748,1.47,1.00
2018.04.18 11:06:29.738,1.10732,1.10748,1.47,1.00
2018.04.18 11:06:30.166,1.10731,1.10747,1.76,1.69
2018.04.18 11:06:31.122,1.10732,1.10746,1.75,1.66
2018.04.18 11:06:31.683,1.10731,1.10746,1.75,1.66
2018.04.18 11:06:32.436,1.10731,1.10746,2.25,2.14
2018.04.18 11:06:33.771,1.10733,1.10745,1.19,1.12
2018.04.18 11:06:33.823,1.10731,1.10745,1.76,1.12
2018.04.18 11:06:34.133,1.10731,1.10745,1.50,1.31
2018.04.18 11:06:34.647,1.1073,1.10745,2.32,2.06
2018.04.18 11:06:35.374,1.1073,1.10745,2.51,2.06
2018.04.18 11:06:35.477,1.10729,1.10744,1.57,1.19
2018.04.18 11:06:35.951,1.10729,1.10744,1.76,1.00
2018.04.18 11:06:36.075,1.10729,1.10745,1.57,2.06
2018.04.18 11:06:36.475,1.10729,1.10745,1.76,2.06
2018.04.18 11:06:36.846,1.10728,1.10743,1.57,3.56
2018.04.18 11:06:36.950,1.10723,1.10739,2.14,3.19
2018.04.18 11:06:37.002,1.10723,1.10739,1.20,2.70
2018.04.18 11:06:37.106,1.10724,1.10739,2.51,3.94
2018.04.18 11:06:37.414,1.10723,1.10737,2.04,1.50
2018.04.18 11:06:38.242,1.10722,1.10737,3.26,1.50
2018.04.18 11:06:38.750,1.10722,1.10736,2.51,1.50
2018.04.18 11:06:39.375,1.10722,1.10736,1.51,1.50
2018.04.18 11:06:39.893,1.10722,1.10736,1.69,1.50
2018.04.18 11:06:40.420,1.10722,1.10736,1.69,1.69
2018.04.18 11:06:41.013,1.10722,1.10736,1.44,1.69
2018.04.18 11:06:41.634,1.10719,1.10734,1.45,1.00
2018.04.18 11:06:41.689,1.10719,1.10733,1.95,1.19
2018.04.18 11:06:42.084,1.10719,1.10734,1.47,1.50
2018.04.18 11:06:42.610,1.1072,1.10735,1.51,1.50
2018.04.18 11:06:43.258,1.1072,1.10735,1.76,1.50
2018.04.18 11:06:44.366,1.1072,1.10735,1.45,1.50
2018.04.18 11:06:44.917,1.10719,1.10734,1.57,1.12
2018.04.18 11:06:45.613,1.1072,1.10735,1.19,1.50
2018.04.18 11:06:46.843,1.10722,1.10736,1.00,1.69
2018.04.18 11:06:46.895,1.10723,1.10736,1.19,1.50
2018.04.18 11:06:47.888,1.10721,1.10736,1.57,1.25
2018.04.18 11:06:49.101,1.10722,1.10736,1.69,1.50
2018.04.18 11:06:49.612,1.10722,1.10737,1.69,1.00
2018.04.18 11:06:50.811,1.10722,1.10737,1.19,1.25
2018.04.18 11:06:52.127,1.10722,1.10738,2.44,1.87
2018.04.18 11:06:52.708,1.10722,1.10738,2.25,2.62
2018.04.18 11:06:53.425,1.10722,1.10738,2.25,2.44
2018.04.18 11:06:53.962,1.10722,1.10738,2.25,1.69
2018.04.18 11:06:54.167,1.10722,1.10738,1.19,1.00
2018.04.18 11:06:54.675,1.10724,1.10738,1.25,1.00
2018.04.18 11:06:55.480,1.10724,1.10738,1.50,1.00
2018.04.18 11:06:55.991,1.10724,1.10739,1.50,2.81
2018.04.18 11:06:56.635,1.10724,1.10739,1.50,2.89
2018.04.18 11:07:00.214,1.10725,1.10739,1.19,1.25
2018.04.18 11:07:00.852,1.10724,1.10741,2.25,3.07
2018.04.18 11:07:01.193,1.10724,1.10737,1.50,1.25
2018.04.18 11:07:02.566,1.10724,1.10738,1.50,1.31
2018.04.18 11:07:02.793,1.10723,1.10738,1.75,1.31
2018.04.18 11:07:03.817,1.10724,1.10739,2.25,2.51
2018.04.18 11:07:04.342,1.10725,1.1074,2.32,1.00
2018.04.18 11:07:04.654,1.10727,1.1074,1.29,1.00
2018.04.18 11:07:05.545,1.10728,1.1074,1.19,1.00
2018.04.18 11:07:07.939,1.10727,1.1074,3.00,1.00
2018.04.18 11:07:10.362,1.10726,1.1074,1.57,1.00
2018.04.18 11:07:11.048,1.10723,1.10738,1.20,1.19
2018.04.18 11:07:11.205,1.1072,1.10735,1.26,3.00
2018.04.18 11:07:11.537,1.1072,1.10735,1.19,3.82
2018.04.18 11:07:11.644,1.10718,1.10733,1.19,2.32
2018.04.18 11:07:11.748,1.10717,1.10731,2.25,1.00
2018.04.18 11:07:12.781,1.10717,1.1073,1.19,1.00
2018.04.18 11:07:13.395,1.10717,1.10731,1.19,2.51
2018.04.18 11:07:13.915,1.10717,1.10731,1.50,1.00
2018.04.18 11:07:15.714,1.10718,1.10732,1.19,1.87
2018.04.18 11:07:16.575,1.10718,1.10732,1.50,1.69
2018.04.18 11:07:21.405,1.10716,1.10732,1.19,2.62
2018.04.18 11:07:22.173,1.10718,1.10732,1.19,1.25
2018.04.18 11:07:24.232,1.10718,1.10732,1.44,1.20
2018.04.18 11:07:25.110,1.10717,1.10734,1.69,2.89
2018.04.18 11:07:25.747,1.10719,1.10734,1.19,2.14
2018.04.18 11:07:26.052,1.10719,1.10734,1.19,1.69
2018.04.18 11:07:26.578,1.10719,1.10734,1.76,1.69
2018.04.18 11:07:32.117,1.10718,1.10732,1.85,1.00
2018.04.18 11:07:32.169,1.10717,1.10733,2.32,1.44
2018.04.18 11:07:33.072,1.10717,1.10732,1.50,1.25
2018.04.18 11:07:33.642,1.10717,1.10731,1.50,1.00
2018.04.18 11:07:34.303,1.10717,1.10732,1.50,2.81
2018.04.18 11:07:35.103,1.10717,1.10731,1.50,1.00
2018.04.18 11:07:35.363,1.10715,1.10731,1.47,1.50
2018.04.18 11:07:36.154,1.10715,1.1073,1.47,1.00
2018.04.18 11:07:36.756,1.10715,1.10731,1.47,1.00
2018.04.18 11:07:37.915,1.10716,1.10731,1.19,1.25
2018.04.18 11:07:41.125,1.10717,1.10731,1.75,1.00
2018.04.18 11:07:41.232,1.10719,1.10733,1.75,1.00
2018.04.18 11:07:42.074,1.10719,1.10734,1.75,2.06
2018.04.18 11:07:46.265,1.10718,1.10733,1.75,1.00
2018.04.18 11:07:46.633,1.10718,1.10733,1.75,1.39
2018.04.18 11:07:46.892,1.10717,1.1073,1.50,1.00
2018.04.18 11:07:48.792,1.10715,1.1073,1.50,2.51
2018.04.18 11:07:49.386,1.10716,1.1073,1.50,2.51
2018.04.18 11:07:49.491,1.10715,1.1073,1.42,1.69
2018.04.18 11:07:49.543,1.10713,1.10729,1.10,1.69
2018.04.18 11:07:49.677,1.10713,1.10729,1.10,1.57
2018.04.18 11:07:49.945,1.10712,1.10728,1.00,2.06
2018.04.18 11:07:50.473,1.10711,1.10727,1.50,1.95
2018.04.18 11:07:50.886,1.10711,1.10725,1.50,1.00
2018.04.18 11:07:52.130,1.10711,1.10726,1.50,1.50
2018.04.18 11:07:53.102,1.10711,1.10725,1.37,1.00
2018.04.18 11:07:53.413,1.10715,1.1073,1.50,1.69
2018.04.18 11:07:55.591,1.10714,1.10729,2.51,1.19
2018.04.18 11:07:56.151,1.10714,1.1073,2.32,1.69
2018.04.18 11:07:56.652,1.10714,1.1073,2.51,1.69
2018.04.18 11:07:57.662,1.10717,1.10732,1.75,3.26
2018.04.18 11:07:58.183,1.10717,1.1073,1.75,1.19
2018.04.18 11:07:58.841,1.10715,1.1073,3.26,1.19
2018.04.18 11:07:59.353,1.10715,1.1073,2.51,1.19
2018.04.18 11:08:02.420,1.10713,1.10729,2.32,3.56
2018.04.18 11:08:02.524,1.10712,1.10727,2.07,1.00
2018.04.18 11:08:03.195,1.10712,1.10728,2.07,3.56
2018.04.18 11:08:03.734,1.10712,1.10727,1.26,1.00
2018.04.18 11:08:04.254,1.10711,1.10726,1.31,1.00
2018.04.18 11:08:04.859,1.1071,1.10725,1.01,1.00
2018.04.18 11:08:07.281,1.10711,1.10725,1.19,1.50
2018.04.18 11:08:08.430,1.10709,1.10725,2.32,1.50
2018.04.18 11:08:09.438,1.10709,1.10724,2.25,1.25
2018.04.18 11:08:10.036,1.10709,1.10725,1.57,2.44
2018.04.18 11:08:10.588,1.10709,1.10725,1.76,2.32
2018.04.18 11:08:11.130,1.10709,1.10725,2.51,2.32
2018.04.18 11:08:12.253,1.10713,1.10727,1.50,1.50
2018.04.18 11:08:12.487,1.10713,1.10729,2.44,3.19
2018.04.18 11:08:13.545,1.10714,1.10729,1.76,1.00
2018.04.18 11:08:14.314,1.10713,1.10729,2.51,1.12
2018.04.18 11:08:18.943,1.10711,1.10726,1.47,2.44
2018.04.18 11:08:19.454,1.10711,1.10725,1.29,1.00
2018.04.18 11:08:19.827,1.10711,1.10726,1.76,1.50
2018.04.18 11:08:20.141,1.10713,1.10728,2.14,1.00
2018.04.18 11:08:20.765,1.10714,1.1073,1.26,1.25
2018.04.18 11:08:20.869,1.10716,1.10731,1.85,1.00
2018.04.18 11:08:23.637,1.10716,1.10732,3.07,1.87
2018.04.18 11:08:24.463,1.10716,1.10732,1.69,2.44
2018.04.18 11:08:24.680,1.10716,1.10729,1.10,2.25
2018.04.18 11:08:24.737,1.10711,1.10726,1.07,1.19
2018.04.18 11:08:24.945,1.1071,1.10727,1.76,3.00
2018.04.18 11:08:25.692,1.1071,1.10727,1.76,3.00
2018.04.18 11:08:26.212,1.1071,1.10725,1.20,1.25
2018.04.18 11:08:28.172,1.10709,1.10725,1.45,1.25
2018.04.18 11:08:28.693,1.10708,1.10724,2.32,1.50
2018.04.18 11:08:29.164,1.10709,1.10725,1.95,1.69
2018.04.18 11:08:29.622,1.10708,1.10725,3.07,1.69
2018.04.18 11:08:29.675,1.10709,1.10725,2.32,1.69
2018.04.18 11:08:30.957,1.1071,1.10725,1.45,1.25
2018.04.18 11:08:31.570,1.10708,1.10725,2.51,1.25
2018.04.18 11:08:34.202,1.1071,1.10725,1.95,1.50
2018.04.18 11:08:34.738,1.1071,1.10725,1.26,1.50
2018.04.18 11:08:35.756,1.10709,1.10725,1.39,1.50
2018.04.18 11:08:36.956,1.1071,1.10725,3.45,1.00
2018.04.18 11:08:37.111,1.1071,1.10727,5.32,1.25
2018.04.18 11:08:37.163,1.1071,1.10727,2.70,4.12
2018.04.18 11:08:39.415,1.1071,1.10727,3.07,2.25
2018.04.18 11:08:39.923,1.10711,1.10727,1.95,1.19
2018.04.18 11:08:40.588,1.1071,1.10727,2.32,3.00
2018.04.18 11:08:40.992,1.1071,1.10727,4.57,1.69
2018.04.18 11:08:41.303,1.10712,1.10727,1.39,2.25
2018.04.18 11:08:41.952,1.10712,1.10727,1.57,1.50
2018.04.18 11:08:42.480,1.10712,1.10727,1.57,1.00
2018.04.18 11:08:42.994,1.10712,1.10727,1.57,1.00
2018.04.18 11:08:44.844,1.1071,1.10727,2.70,1.69
2018.04.18 11:08:45.959,1.1071,1.10726,1.76,1.19
2018.04.18 11:08:46.468,1.1071,1.10727,1.95,2.25
2018.04.18 11:08:47.182,1.10711,1.10727,1.45,1.69
2018.04.18 11:08:49.262,1.1071,1.10727,4.20,1.25
2018.04.18 11:08:49.366,1.10712,1.10727,1.45,1.25
2018.04.18 11:08:49.885,1.1071,1.10726,2.32,1.25
2018.04.18 11:08:50.449,1.1071,1.10726,1.76,1.50
2018.04.18 11:08:50.955,1.10709,1.10726,3.07,1.50
2018.04.18 11:08:52.223,1.10709,1.10726,3.07,2.25
2018.04.18 11:08:52.865,1.10709,1.10726,2.32,2.44
2018.04.18 11:08:52.968,1.10708,1.10724,1.26,1.19
2018.04.18 11:08:53.400,1.10708,1.10724,1.26,1.69
2018.04.18 11:08:53.950,1.10708,1.10724,1.26,1.69
2018.04.18 11:08:54.193,1.10708,1.10723,1.01,1.19
2018.04.18 11:08:54.245,1.10706,1.10721,1.29,1.44
2018.04.18 11:08:54.297,1.10705,1.1072,1.20,1.19
2018.04.18 11:08:54.855,1.10704,1.1072,1.57,1.19
2018.04.18 11:08:55.609,1.10705,1.1072,1.76,1.50
2018.04.18 11:08:55.661,1.10707,1.1072,1.26,1.00
2018.04.18 11:08:56.214,1.10707,1.1072,1.26,1.00
2018.04.18 11:08:56.493,1.10708,1.10723,1.32,1.25
2018.04.18 11:08:58.577,1.10707,1.10723,1.32,1.12
2018.04.18 11:08:58.632,1.10705,1.10721,2.32,1.19
2018.04.18 11:08:59.220,1.10705,1.10722,1.95,3.19
2018.04.18 11:08:59.938,1.10705,1.10722,1.95,4.50
2018.04.18 11:09:00.720,1.10705,1.1072,1.26,1.50
2018.04.18 11:09:00.823,1.10705,1.1072,1.01,1.69
2018.04.18 11:09:01.082,1.10705,1.1072,1.32,1.12
2018.04.18 11:09:01.836,1.10705,1.1072,1.01,2.44
2018.04.18 11:09:02.428,1.10705,1.1072,1.01,2.44
2018.04.18 11:09:03.179,1.10705,1.1072,1.29,2.25
2018.04.18 11:09:03.302,1.10705,1.1072,1.29,1.25
2018.04.18 11:09:04.070,1.10707,1.10722,1.19,5.89
2018.04.18 11:09:04.391,1.10707,1.10725,2.32,3.75
2018.04.18 11:09:04.724,1.10709,1.10725,1.26,2.25
2018.04.18 11:09:05.365,1.10709,1.10726,1.76,1.19
2018.04.18 11:09:05.870,1.1071,1.10726,1.26,1.50
2018.04.18 11:09:06.855,1.10709,1.10725,1.51,1.19
2018.04.18 11:09:07.633,1.10709,1.10725,1.26,1.25
2018.04.18 11:09:08.153,1.10709,1.10725,1.45,1.19
2018.04.18 11:09:08.652,1.10708,1.10725,3.82,1.44
2018.04.18 11:09:08.704,1.10708,1.10725,2.32,1.69
2018.04.18 11:09:09.805,1.10708,1.10725,3.26,2.44
2018.04.18 11:09:10.116,1.10708,1.1072,2.14,1.00
2018.04.18 11:09:13.438,1.10708,1.1072,2.14,1.00
2018.04.18 11:09:14.740,1.10708,1.1072,1.26,1.00
2018.04.18 11:09:15.416,1.10707,1.1072,2.89,1.00
2018.04.18 11:09:15.930,1.10707,1.1072,3.07,1.00
2018.04.18 11:09:16.604,1.10707,1.1072,4.20,1.00
2018.04.18 11:09:17.544,1.10709,1.1072,1.26,1.00
2018.04.18 11:09:17.647,1.10712,1.10726,3.26,1.00
2018.04.18 11:09:17.805,1.10711,1.10728,1.20,1.69
2018.04.18 11:09:17.910,1.10711,1.10723,2.14,1.00
2018.04.18 11:09:18.245,1.10716,1.10727,1.95,1.00
2018.04.18 11:09:18.501,1.10715,1.10727,1.26,1.00
2018.04.18 11:09:18.706,1.10717,1.10727,1.20,1.00
2018.04.18 11:09:19.207,1.10716,1.10728,1.45,1.00
2018.04.18 11:09:20.898,1.1072,1.10732,1.57,1.00
2018.04.18 11:09:21.124,1.1072,1.10735,1.95,1.00
2018.04.18 11:09:22.542,1.10719,1.10732,2.51,1.00
2018.04.18 11:09:22.594,1.10718,1.10732,3.07,1.00
2018.04.18 11:09:22.752,1.10717,1.1073,1.51,1.00
2018.04.18 11:09:23.770,1.10717,1.1073,1.29,1.19
2018.04.18 11:09:23.822,1.10716,1.1073,1.95,1.19
2018.04.18 11:09:23.874,1.10716,1.10727,1.20,1.00
2018.04.18 11:09:24.323,1.10715,1.10727,2.32,1.00
2018.04.18 11:09:24.427,1.10716,1.10729,1.82,1.00
2018.04.18 11:09:24.480,1.10718,1.10729,1.56,1.00
2018.04.18 11:09:26.231,1.10718,1.10729,1.64,1.00
2018.04.18 11:09:26.547,1.10719,1.10732,1.89,1.00
2018.04.18 11:09:26.889,1.1072,1.10733,2.32,1.00
2018.04.18 11:09:27.393,1.10721,1.10733,1.39,1.00
2018.04.18 11:09:27.699,1.10721,1.10733,2.14,1.00
2018.04.18 11:09:28.301,1.10721,1.10733,1.39,1.00
2018.04.18 11:09:28.821,1.10721,1.10733,1.39,1.00
2018.04.18 11:09:29.341,1.10721,1.10733,1.39,1.00
2018.04.18 11:09:29.864,1.10719,1.10733,1.95,1.00
2018.04.18 11:09:30.407,1.10719,1.10733,1.64,1.00
2018.04.18 11:09:30.667,1.10721,1.10733,1.29,1.00
2018.04.18 11:09:30.978,1.10725,1.10736,1.47,1.00
2018.04.18 11:09:31.233,1.10722,1.10736,2.70,1.00
2018.04.18 11:09:31.789,1.10722,1.10735,2.32,1.00
2018.04.18 11:09:31.842,1.10722,1.10737,1.76,1.00
2018.04.18 11:09:31.898,1.10725,1.10739,1.66,1.50
2018.04.18 11:09:31.951,1.10726,1.10739,1.39,1.00
2018.04.18 11:09:32.029,1.10725,1.1074,1.64,1.00
2018.04.18 11:09:32.188,1.10724,1.10738,3.26,1.00
2018.04.18 11:09:32.706,1.10726,1.10737,1.20,1.00
2018.04.18 11:09:33.056,1.10722,1.10735,1.76,1.00
2018.04.18 11:09:33.161,1.10722,1.10735,1.51,1.00
2018.04.18 11:09:33.656,1.10724,1.10735,1.51,1.00
2018.04.18 11:09:33.992,1.10724,1.10737,1.26,1.00
2018.04.18 11:09:34.523,1.10725,1.10737,2.17,1.00
2018.04.18 11:09:34.790,1.10726,1.10741,1.75,1.00
2018.04.18 11:09:35.205,1.10725,1.10737,1.51,1.00
2018.04.18 11:09:35.734,1.10724,1.10737,2.70,1.00
2018.04.18 11:09:37.269,1.10727,1.1074,1.26,1.69
2018.04.18 11:09:37.427,1.10726,1.10743,1.19,1.95
2018.04.18 11:09:37.532,1.10727,1.10744,1.89,3.07
2018.04.18 11:09:37.893,1.10732,1.10746,1.76,1.25
2018.04.18 11:09:38.214,1.10734,1.10748,3.45,1.69
2018.04.18 11:09:38.319,1.10739,1.10752,1.12,1.00
2018.04.18 11:09:38.829,1.1074,1.10752,1.10,1.00
2018.04.18 11:09:39.420,1.10739,1.10752,2.89,1.00
2018.04.18 11:09:39.933,1.10738,1.10752,1.00,1.19
2018.04.18 11:09:40.482,1.10739,1.10752,1.00,1.19
2018.04.18 11:09:40.534,1.10738,1.10754,1.76,1.76
2018.04.18 11:09:40.586,1.1074,1.10755,1.00,2.06
2018.04.18 11:09:40.895,1.1074,1.10752,1.70,1.00
2018.04.18 11:09:41.447,1.1074,1.10752,1.45,1.00
2018.04.18 11:09:42.041,1.10739,1.10752,1.45,1.19
2018.04.18 11:09:42.093,1.10739,1.10753,1.45,1.00
2018.04.18 11:09:42.607,1.10739,1.10753,2.14,1.00
2018.04.18 11:09:42.680,1.10739,1.10753,1.64,1.00
2018.04.18 11:09:43.193,1.10745,1.10753,1.00,1.00
2018.04.18 11:09:43.298,1.10738,1.10753,2.14,1.50
2018.04.18 11:09:43.403,1.10738,1.10753,1.29,1.50
2018.04.18 11:09:43.629,1.10736,1.10753,2.51,3.75
2018.04.18 11:09:43.783,1.10736,1.10753,2.51,1.50
2018.04.18 11:09:44.322,1.10736,1.10753,1.76,3.00
2018.04.18 11:09:44.676,1.10736,1.10752,1.26,1.75
2018.04.18 11:09:45.371,1.10736,1.10751,1.76,1.50
2018.04.18 11:09:45.878,1.10733,1.10748,1.39,3.00
2018.04.18 11:09:45.930,1.10733,1.10748,1.29,3.00
2018.04.18 11:09:46.989,1.10734,1.10748,1.25,1.00
2018.04.18 11:09:47.092,1.10734,1.10748,1.19,1.00
2018.04.18 11:09:47.641,1.10734,1.10749,1.19,1.00
2018.04.18 11:09:48.043,1.10734,1.10748,1.19,1.00
2018.04.18 11:09:48.405,1.10733,1.10748,1.25,1.29
2018.04.18 11:09:48.922,1.10732,1.10748,1.19,4.20
2018.04.18 11:09:49.026,1.10732,1.10748,1.19,3.82
2018.04.18 11:09:49.408,1.10732,1.10746,1.19,1.00
2018.04.18 11:09:50.714,1.10731,1.10746,1.26,1.25
2018.04.18 11:09:51.261,1.10731,1.10745,1.26,1.00
2018.04.18 11:09:52.163,1.10727,1.1074,1.95,1.00
2018.04.18 11:09:52.482,1.10727,1.10742,2.70,1.00
2018.04.18 11:09:52.637,1.10728,1.10744,1.45,1.25
2018.04.18 11:09:53.064,1.10729,1.10745,1.95,1.50
2018.04.18 11:09:53.637,1.10729,1.10744,1.95,1.00
2018.04.18 11:09:53.941,1.10729,1.10742,1.45,1.00
2018.04.18 11:09:54.651,1.10731,1.10744,1.57,1.00
2018.04.18 11:09:54.703,1.10734,1.10749,1.29,1.00
2018.04.18 11:09:54.810,1.10741,1.10751,1.00,1.00
2018.04.18 11:09:54.864,1.10739,1.1075,1.69,1.50
2018.04.18 11:09:54.970,1.10739,1.10754,1.69,1.69
2018.04.18 11:09:55.351,1.10739,1.10756,2.70,3.94
2018.04.18 11:09:55.714,1.10737,1.10752,1.76,1.25
2018.04.18 11:09:55.945,1.10736,1.10751,1.44,1.29
2018.04.18 11:09:56.273,1.10734,1.10749,1.25,1.44
2018.04.18 11:09:56.325,1.10733,1.10749,4.12,1.26
2018.04.18 11:09:56.430,1.10732,1.10749,1.25,2.89
2018.04.18 11:09:56.482,1.10732,1.10749,1.69,2.89
2018.04.18 11:09:56.805,1.10735,1.10749,1.19,1.10
2018.04.18 11:09:57.014,1.10738,1.10751,1.00,1.25
2018.04.18 11:09:57.066,1.10741,1.10752,1.00,1.25
2018.04.18 11:09:57.172,1.10742,1.10757,1.25,4.39
2018.04.18 11:09:57.661,1.1074,1.10756,1.01,1.69
2018.04.18 11:09:57.818,1.1074,1.10755,1.01,2.25
2018.04.18 11:09:58.134,1.10739,1.10755,1.26,1.50
2018.04.18 11:09:58.237,1.10745,1.10758,1.00,2.44
2018.04.18 11:09:58.290,1.10743,1.10756,1.25,1.50
2018.04.18 11:09:58.342,1.10746,1.1076,1.00,1.20
2018.04.18 11:09:58.395,1.10749,1.1076,1.00,1.25
2018.04.18 11:09:58.735,1.10747,1.10759,1.19,2.25
2018.04.18 11:09:58.787,1.10747,1.10761,1.25,1.50
2018.04.18 11:09:58.839,1.1075,1.10761,1.00,1.25
2018.04.18 11:09:58.891,1.10751,1.10765,1.00,3.26
2018.04.18 11:09:59.035,1.10749,1.10763,1.00,1.50
2018.04.18 11:09:59.386,1.10752,1.10764,1.00,1.25
2018.04.18 11:09:59.493,1.1075,1.10765,1.01,1.19
2018.04.18 11:09:59.547,1.10752,1.10765,1.10,1.19
2018.04.18 11:09:59.756,1.1075,1.10765,1.01,1.19
2018.04.18 11:09:59.994,1.1075,1.10764,1.07,2.25
2018.04.18 11:10:00.164,1.10748,1.10763,1.32,1.19
2018.04.18 11:10:00.798,1.10751,1.10764,1.00,2.25
2018.04.18 11:10:00.866,1.10751,1.10764,1.00,1.25
2018.04.18 11:10:00.919,1.10749,1.10764,1.26,2.25
2018.04.18 11:10:00.971,1.1075,1.10765,1.10,3.00
2018.04.18 11:10:01.024,1.10751,1.10765,1.19,1.25
2018.04.18 11:10:01.132,1.10752,1.10767,1.07,1.00
2018.04.18 11:10:01.331,1.10753,1.10768,1.00,3.26
2018.04.18 11:10:01.598,1.10742,1.10757,3.45,1.25
2018.04.18 11:10:01.702,1.10739,1.10754,1.25,2.44
2018.04.18 11:10:01.937,1.10737,1.10751,1.25,1.25
2018.04.18 11:10:01.989,1.10737,1.10743,1.47,1.00
2018.04.18 11:10:02.093,1.10737,1.10752,1.47,1.69
2018.04.18 11:10:02.506,1.10737,1.10752,1.51,2.44
2018.04.18 11:10:02.559,1.10735,1.10751,1.57,1.50
2018.04.18 11:10:02.611,1.10735,1.1075,1.51,1.19
2018.04.18 11:10:02.747,1.10735,1.1075,1.51,1.19
2018.04.18 11:10:03.064,1.10737,1.10752,1.20,3.56
2018.04.18 11:10:03.603,1.10738,1.10752,1.20,1.00
2018.04.18 11:10:03.655,1.10736,1.1075,1.51,1.25
2018.04.18 11:10:03.991,1.10732,1.10747,1.29,3.00
2018.04.18 11:10:04.145,1.10731,1.10744,1.10,1.19
2018.04.18 11:10:04.692,1.10729,1.10743,1.32,1.69
2018.04.18 11:10:04.744,1.10737,1.10745,1.60,1.12
2018.04.18 11:10:04.797,1.10738,1.10748,1.00,1.50
2018.04.18 11:10:04.849,1.10745,1.10749,1.00,1.00
2018.04.18 11:10:04.902,1.10742,1.10755,1.10,1.19
2018.04.18 11:10:05.057,1.1074,1.10754,1.25,1.69
2018.04.18 11:10:05.468,1.10739,1.10754,1.10,2.62
2018.04.18 11:10:05.982,1.10737,1.10751,1.20,1.25
2018.04.18 11:10:06.618,1.10736,1.10751,1.70,1.69
2018.04.18 11:10:06.826,1.10736,1.10752,1.07,1.19
2018.04.18 11:10:06.877,1.10735,1.10751,1.07,1.69
2018.04.18 11:10:07.033,1.10737,1.10752,1.10,1.69
2018.04.18 11:10:07.136,1.10736,1.10751,1.07,2.44
2018.04.18 11:10:07.245,1.10736,1.10751,1.07,1.19
2018.04.18 11:10:07.349,1.10734,1.10749,1.20,1.75
2018.04.18 11:10:07.452,1.10734,1.10749,1.07,2.00
2018.04.18 11:10:07.608,1.1073,1.10745,1.32,1.19
2018.04.18 11:10:07.869,1.10728,1.10745,1.61,1.12
2018.04.18 11:10:08.834,1.10728,1.10745,1.80,1.19
2018.04.18 11:10:09.453,1.10729,1.10745,1.32,2.44
2018.04.18 11:10:09.768,1.10729,1.10746,1.39,1.87
2018.04.18 11:10:10.080,1.10734,1.10748,1.76,1.00
2018.04.18 11:10:10.641,1.10736,1.10748,1.75,1.00
2018.04.18 11:10:10.951,1.10745,1.10758,1.75,3.00
2018.04.18 11:10:11.003,1.10745,1.10758,1.57,1.50
2018.04.18 11:10:11.107,1.10742,1.10757,1.76,1.69
2018.04.18 11:10:11.159,1.10742,1.10756,1.10,1.19
2018.04.18 11:10:11.215,1.10739,1.10756,2.32,1.12
2018.04.18 11:10:11.268,1.10743,1.10757,3.07,1.19
2018.04.18 11:10:11.594,1.10745,1.10759,1.75,1.69
2018.04.18 11:10:11.646,1.10745,1.10759,1.75,1.19
2018.04.18 11:10:11.801,1.10745,1.10759,1.75,1.19
2018.04.18 11:10:11.852,1.10745,1.10759,1.75,1.19
2018.04.18 11:10:12.383,1.10745,1.10759,1.75,1.25
2018.04.18 11:10:12.760,1.10744,1.10759,1.57,1.25
2018.04.18 11:10:12.813,1.10743,1.10761,2.32,2.51
2018.04.18 11:10:12.970,1.10745,1.10761,1.01,1.20
2018.04.18 11:10:13.022,1.10744,1.1076,1.19,1.69
2018.04.18 11:10:13.188,1.10743,1.1076,1.76,1.00
2018.04.18 11:10:13.682,1.10742,1.10759,1.51,1.87
2018.04.18 11:10:14.214,1.10742,1.10758,2.32,1.25
2018.04.18 11:10:14.266,1.10741,1.10759,3.82,1.29
2018.04.18 11:10:14.578,1.1074,1.10756,1.76,1.19
2018.04.18 11:10:15.108,1.1074,1.10756,1.76,1.19
2018.04.18 11:10:15.644,1.1074,1.10757,1.76,2.62
2018.04.18 11:10:15.966,1.10741,1.10758,2.32,1.87
2018.04.18 11:10:16.730,1.10744,1.10761,2.51,1.44
2018.04.18 11:10:16.834,1.10745,1.10761,1.01,1.25
2018.04.18 11:10:16.886,1.10744,1.10762,1.39,3.37
2018.04.18 11:10:17.058,1.10743,1.10762,3.07,3.37
2018.04.18 11:10:17.500,1.10743,1.1076,1.26,1.44
2018.04.18 11:10:17.814,1.10744,1.1076,1.32,1.25
2018.04.18 11:10:17.867,1.10743,1.1076,2.14,1.87
2018.04.18 11:10:17.920,1.10743,1.1076,1.26,1.87
2018.04.18 11:10:18.339,1.10744,1.10761,3.07,2.70
2018.04.18 11:10:18.983,1.10746,1.10761,1.76,1.25
2018.04.18 11:10:19.489,1.10748,1.10763,1.00,1.69
2018.04.18 11:10:19.749,1.10747,1.10764,1.26,2.70
2018.04.18 11:10:20.359,1.10747,1.10763,1.29,1.47
2018.04.18 11:10:20.465,1.10745,1.10761,3.07,1.69
2018.04.18 11:10:20.518,1.10745,1.10761,1.76,1.87
2018.04.18 11:10:20.777,1.10743,1.1076,3.07,1.12
2018.04.18 11:10:21.305,1.10743,1.1076,4.57,1.44
2018.04.18 11:10:21.969,1.10744,1.10761,1.57,1.20
2018.04.18 11:10:23.012,1.10745,1.10761,2.32,1.12
2018.04.18 11:10:24.450,1.10745,1.10761,2.32,1.25
2018.04.18 11:10:24.607,1.10745,1.10762,1.76,1.19
2018.04.18 11:10:25.153,1.10745,1.10762,2.51,1.25
2018.04.18 11:10:25.679,1.10745,1.10762,2.51,1.19
2018.04.18 11:10:26.266,1.10746,1.10763,1.57,1.95
2018.04.18 11:10:26.793,1.10748,1.10765,1.76,2.44
2018.04.18 11:10:27.324,1.10748,1.10765,2.32,2.62
2018.04.18 11:10:28.080,1.10748,1.10765,1.76,2.62
2018.04.18 11:10:28.605,1.10748,1.10765,2.32,2.62
2018.04.18 11:10:28.953,1.10752,1.10768,3.07,1.69
2018.04.18 11:10:29.625,1.10752,1.10768,2.51,1.19
2018.04.18 11:10:30.875,1.10751,1.10767,1.32,1.87
2018.04.18 11:10:31.399,1.1075,1.10766,1.29,1.29
2018.04.18 11:10:31.670,1.1075,1.10767,1.29,1.51
2018.04.18 11:10:32.386,1.1075,1.10767,1.57,1.45
2018.04.18 11:10:32.506,1.1075,1.10767,1.57,1.95
2018.04.18 11:10:32.688,1.10749,1.10765,2.70,1.19
2018.04.18 11:10:33.227,1.10749,1.10765,3.45,1.44
2018.04.18 11:10:33.831,1.10748,1.10764,1.26,1.37
2018.04.18 11:10:34.887,1.1075,1.10764,1.29,1.25
2018.04.18 11:10:35.437,1.10751,1.10765,1.25,1.25
2018.04.18 11:10:36.355,1.1075,1.10765,1.00,1.87
2018.04.18 11:10:36.570,1.10746,1.10761,1.39,1.50
2018.04.18 11:10:36.677,1.10744,1.10758,2.14,1.00
2018.04.18 11:10:36.740,1.10744,1.1076,2.14,1.25
2018.04.18 11:10:36.792,1.10743,1.10759,1.76,1.44
2018.04.18 11:10:36.844,1.10743,1.10759,1.76,1.44
2018.04.18 11:10:38.232,1.10742,1.10757,4.01,1.00
2018.04.18 11:10:38.496,1.10743,1.10757,1.25,1.69
2018.04.18 11:10:38.809,1.10741,1.10756,1.26,1.12
2018.04.18 11:10:41.271,1.10742,1.10758,1.10,3.45
2018.04.18 11:10:41.821,1.1074,1.10756,2.51,1.19
2018.04.18 11:10:42.524,1.1074,1.10756,2.51,1.19
2018.04.18 11:10:42.832,1.1074,1.10755,1.29,1.44
2018.04.18 11:10:42.935,1.10739,1.10753,1.10,1.25
2018.04.18 11:10:43.082,1.10738,1.10751,1.25,1.69
2018.04.18 11:10:43.603,1.10738,1.10751,1.00,1.69
2018.04.18 11:10:44.412,1.10738,1.10751,1.00,1.69
2018.04.18 11:10:44.464,1.10737,1.10754,2.51,1.45
2018.04.18 11:10:44.873,1.10737,1.1075,1.26,1.25
2018.04.18 11:10:44.925,1.10736,1.10749,1.50,1.00
2018.04.18 11:10:45.941,1.10736,1.10749,1.19,1.25
2018.04.18 11:10:46.646,1.10736,1.10749,1.00,1.25
2018.04.18 11:10:47.463,1.10736,1.1075,1.00,1.25
2018.04.18 11:10:48.009,1.10735,1.10748,1.50,1.00
2018.04.18 11:10:48.265,1.10736,1.1075,1.00,1.87
2018.04.18 11:10:48.420,1.10738,1.10751,1.50,1.25
2018.04.18 11:10:48.729,1.10737,1.10751,1.01,1.19
2018.04.18 11:10:49.361,1.10735,1.1075,1.76,1.44
2018.04.18 11:10:49.674,1.10734,1.10748,1.00,1.37
2018.04.18 11:10:51.012,1.10734,1.10748,1.00,1.44
2018.04.18 11:10:51.633,1.10733,1.10748,1.10,1.44
2018.04.18 11:10:52.055,1.10736,1.10751,1.50,2.44
2018.04.18 11:10:52.107,1.10737,1.10751,1.76,1.25
2018.04.18 11:10:52.352,1.10737,1.10748,1.50,1.19
2018.04.18 11:10:52.455,1.10733,1.1075,2.32,1.87
2018.04.18 11:10:52.811,1.10733,1.10748,1.32,1.19
2018.04.18 11:10:53.473,1.10733,1.10747,1.01,1.19
2018.04.18 11:10:54.911,1.10733,1.10749,2.25,1.19
2018.04.18 11:10:55.017,1.10733,1.10749,1.76,2.62
2018.04.18 11:10:55.534,1.10733,1.10749,1.69,2.62
2018.04.18 11:10:55.680,1.10733,1.10748,1.69,1.44
2018.04.18 11:10:55.916,1.10733,1.10749,2.14,2.62
2018.04.18 11:10:56.019,1.10734,1.10749,1.57,1.19
2018.04.18 11:10:56.530,1.10734,1.1075,1.26,1.19
2018.04.18 11:10:57.304,1.10735,1.1075,3.26,1.00
2018.04.18 11:10:57.841,1.10735,1.1075,1.76,1.87
2018.04.18 11:10:58.362,1.10735,1.1075,2.51,1.87
2018.04.18 11:10:58.847,1.10736,1.1075,1.10,1.87
2018.04.18 11:10:59.170,1.10738,1.10751,1.00,1.95
2018.04.18 11:10:59.549,1.10738,1.10751,1.00,1.12
2018.04.18 11:11:00.068,1.10738,1.10752,2.06,2.44
2018.04.18 11:11:00.582,1.10738,1.10751,2.81,1.19
2018.04.18 11:11:00.898,1.10738,1.10752,2.14,1.25
2018.04.18 11:11:01.794,1.10738,1.10752,2.14,1.19
2018.04.18 11:11:03.538,1.10738,1.10752,2.06,1.00
2018.04.18 11:11:04.082,1.10738,1.10752,2.44,1.19
2018.04.18 11:11:04.289,1.1074,1.10754,1.50,1.29
2018.04.18 11:11:04.341,1.10741,1.10754,1.19,1.25
2018.04.18 11:11:06.462,1.10742,1.10757,1.19,1.87
2018.04.18 11:11:07.462,1.10742,1.10757,1.19,1.87
2018.04.18 11:11:08.037,1.10742,1.10757,1.25,1.87
2018.04.18 11:11:08.833,1.10741,1.10758,5.32,2.70
2018.04.18 11:11:09.343,1.10742,1.10758,1.26,2.62
2018.04.18 11:11:10.303,1.10742,1.10757,1.69,1.19
2018.04.18 11:11:10.354,1.10742,1.10757,1.69,1.47
2018.04.18 11:11:10.406,1.10742,1.10758,1.19,1.95
2018.04.18 11:11:10.924,1.10742,1.10758,2.51,1.87
2018.04.18 11:11:11.958,1.10742,1.10758,3.26,1.87
2018.04.18 11:11:12.097,1.10747,1.10763,1.76,2.44
2018.04.18 11:11:12.150,1.10749,1.10762,1.32,1.69
2018.04.18 11:11:12.464,1.10748,1.10761,1.00,1.19
2018.04.18 11:11:13.129,1.10747,1.10761,1.00,1.69
2018.04.18 11:11:13.282,1.10747,1.10759,1.50,1.87
2018.04.18 11:11:13.334,1.10747,1.10759,1.50,1.87
2018.04.18 11:11:13.912,1.10747,1.10759,1.00,1.87
2018.04.18 11:11:14.549,1.10747,1.10759,1.00,1.87
2018.04.18 11:11:16.471,1.10747,1.10759,1.50,1.25
2018.04.18 11:11:16.744,1.10747,1.10759,1.50,1.44
2018.04.18 11:11:16.847,1.10747,1.10759,1.50,1.12
2018.04.18 11:11:17.671,1.10747,1.10759,1.50,1.44
2018.04.18 11:11:18.228,1.10747,1.10759,1.50,1.12
2018.04.18 11:11:18.888,1.10747,1.10759,1.50,1.44
2018.04.18 11:11:19.462,1.10747,1.10759,1.50,1.12
2018.04.18 11:11:19.965,1.10747,1.10759,1.00,1.44
2018.04.18 11:11:20.474,1.10747,1.10761,1.00,2.51
2018.04.18 11:11:21.701,1.10745,1.10758,1.00,1.44
2018.04.18 11:11:22.250,1.10744,1.10758,1.00,1.87
2018.04.18 11:11:22.890,1.10743,1.10758,2.25,2.44
2018.04.18 11:11:23.222,1.1074,1.10753,1.10,1.19
2018.04.18 11:11:24.077,1.1074,1.10755,1.10,1.37
2018.04.18 11:11:24.355,1.1074,1.10755,1.29,1.19
2018.04.18 11:11:25.408,1.1074,1.10755,1.01,1.44
2018.04.18 11:11:25.837,1.10742,1.10756,2.25,1.37
2018.04.18 11:11:26.544,1.10743,1.10755,1.00,1.44
2018.04.18 11:11:27.108,1.10743,1.10756,1.00,1.19
2018.04.18 11:11:27.921,1.10743,1.10755,1.00,1.44
2018.04.18 11:11:28.444,1.10742,1.10756,2.25,1.37
2018.04.18 11:11:30.271,1.10742,1.10755,2.25,1.37
2018.04.18 11:11:30.477,1.1074,1.10755,1.00,1.44
2018.04.18 11:11:30.994,1.10739,1.10755,3.64,1.44
2018.04.18 11:11:31.499,1.1074,1.10755,1.00,1.20
2018.04.18 11:11:32.088,1.1074,1.10754,1.19,1.19
2018.04.18 11:11:34.256,1.10739,1.10752,1.57,1.00
2018.04.18 11:11:34.310,1.10738,1.1075,1.00,1.19
2018.04.18 11:11:34.364,1.10736,1.10749,1.57,1.19
2018.04.18 11:11:34.468,1.10737,1.10751,1.00,1.12
2018.04.18 11:11:34.573,1.10738,1.10751,1.00,1.44
2018.04.18 11:11:34.781,1.10736,1.10751,2.25,1.44
2018.04.18 11:11:35.139,1.10738,1.10753,1.00,2.51
2018.04.18 11:11:35.191,1.10738,1.10753,1.25,1.47
2018.04.18 11:11:36.102,1.1074,1.10754,2.25,1.69
2018.04.18 11:11:36.639,1.1074,1.10754,1.57,1.37
2018.04.18 11:11:37.087,1.1074,1.10754,1.50,1.37
2018.04.18 11:11:37.604,1.10738,1.10752,1.29,1.19
2018.04.18 11:11:37.810,1.1074,1.10754,1.25,1.87
2018.04.18 11:11:38.320,1.1074,1.10755,1.10,2.44
2018.04.18 11:11:40.704,1.10741,1.10755,1.00,1.69
2018.04.18 11:11:41.530,1.10741,1.10756,1.50,1.87
2018.04.18 11:11:41.910,1.10742,1.10755,1.00,1.12
2018.04.18 11:11:42.431,1.10743,1.10755,1.25,1.25
2018.04.18 11:11:42.707,1.10745,1.10758,1.00,1.19
2018.04.18 11:11:43.208,1.10745,1.10757,1.00,1.19
2018.04.18 11:11:43.468,1.10745,1.10759,2.25,1.19
2018.04.18 11:11:43.713,1.10745,1.10759,2.25,1.69
2018.04.18 11:11:44.248,1.10745,1.10759,2.44,1.69
2018.04.18 11:11:44.763,1.10745,1.10759,2.44,1.19
2018.04.18 11:11:45.376,1.10746,1.10759,1.00,1.44
2018.04.18 11:11:45.906,1.10745,1.10758,2.44,1.19
2018.04.18 11:11:47.439,1.10744,1.10758,1.00,1.37
2018.04.18 11:11:48.037,1.10744,1.10758,1.00,1.37
2018.04.18 11:11:48.545,1.10745,1.10758,1.00,1.37
2018.04.18 11:11:51.273,1.10745,1.10758,1.00,1.19
2018.04.18 11:11:51.896,1.10745,1.10757,1.00,1.19
2018.04.18 11:11:52.454,1.10744,1.10757,1.25,1.19
2018.04.18 11:11:53.684,1.10744,1.10757,1.19,1.19
2018.04.18 11:11:55.609,1.10743,1.10759,2.44,2.70
2018.04.18 11:11:57.060,1.10743,1.10759,2.51,1.95
2018.04.18 11:11:57.376,1.10743,1.10759,2.32,1.29
2018.04.18 11:11:57.739,1.10747,1.10761,1.25,1.20
2018.04.18 11:11:58.073,1.10748,1.10763,1.69,1.19
2018.04.18 11:11:59.666,1.10748,1.10763,1.69,1.19
2018.04.18 11:12:00.213,1.10745,1.10762,3.26,1.95
2018.04.18 11:12:00.267,1.10749,1.10764,1.50,2.51
2018.04.18 11:12:00.777,1.1075,1.10765,1.00,1.69
2018.04.18 11:12:02.117,1.10751,1.10766,1.00,1.69
2018.04.18 11:12:02.713,1.10752,1.10765,1.57,1.19
2018.04.18 11:12:03.247,1.10752,1.10765,1.00,1.19
2018.04.18 11:12:05.768,1.10752,1.10765,1.00,1.12
2018.04.18 11:12:06.358,1.10752,1.10765,1.00,1.44
2018.04.18 11:12:06.993,1.10752,1.10765,1.00,1.12
2018.04.18 11:12:07.495,1.10751,1.10765,1.69,1.44
2018.04.18 11:12:07.818,1.10753,1.10765,1.00,1.44
2018.04.18 11:12:08.374,1.10753,1.10765,1.00,1.25
2018.04.18 11:12:13.218,1.10748,1.10763,1.26,1.44
2018.04.18 11:12:13.426,1.10747,1.10761,1.25,1.44
2018.04.18 11:12:16.527,1.10745,1.10759,1.25,1.19
2018.04.18 11:12:16.580,1.10745,1.10759,1.25,1.69
2018.04.18 11:12:17.667,1.10745,1.10759,1.00,1.44
2018.04.18 11:12:18.348,1.10745,1.10759,1.00,1.44
2018.04.18 11:12:19.015,1.10745,1.10759,1.00,1.87
2018.04.18 11:12:19.508,1.10746,1.10759,1.10,1.12
2018.04.18 11:12:20.040,1.10745,1.10759,1.69,1.44
2018.04.18 11:12:20.581,1.10745,1.10759,1.69,1.19
2018.04.18 11:12:21.115,1.10745,1.10759,1.69,1.25
2018.04.18 11:12:22.044,1.10745,1.10759,1.76,1.19
2018.04.18 11:12:22.302,1.10743,1.1076,1.69,3.26
2018.04.18 11:12:22.426,1.10742,1.10756,1.25,1.44
2018.04.18 11:12:23.098,1.1074,1.10756,1.57,2.51
2018.04.18 11:12:23.920,1.1074,1.10756,1.57,2.51
2018.04.18 11:12:26.368,1.1074,1.10753,1.00,1.37
2018.04.18 11:12:27.628,1.1074,1.10753,1.00,1.12
2018.04.18 11:12:28.131,1.1074,1.10753,1.10,1.44
2018.04.18 11:12:28.609,1.10743,1.10755,1.00,1.25
2018.04.18 11:12:31.798,1.10742,1.10755,1.10,1.25
2018.04.18 11:12:32.717,1.10741,1.10758,1.69,3.45
2018.04.18 11:12:33.916,1.10742,1.10758,1.00,3.45
2018.04.18 11:12:35.867,1.10739,1.10755,1.76,1.37
2018.04.18 11:12:35.971,1.1074,1.10756,1.76,1.44
2018.04.18 11:12:36.023,1.10742,1.10758,1.19,1.95
2018.04.18 11:12:36.608,1.10742,1.10759,1.95,1.69
2018.04.18 11:12:37.190,1.10742,1.10758,1.95,1.12
2018.04.18 11:12:38.729,1.10744,1.1076,1.69,1.87
2018.04.18 11:12:38.835,1.10746,1.10761,1.01,1.25
2018.04.18 11:12:39.401,1.10747,1.10764,1.00,2.51
2018.04.18 11:12:39.455,1.10747,1.10764,1.76,1.20
2018.04.18 11:12:40.005,1.10747,1.10764,1.50,1.01
2018.04.18 11:12:40.522,1.10747,1.10764,1.57,1.01
2018.04.18 11:12:41.372,1.10747,1.10764,1.57,1.01
2018.04.18 11:12:41.981,1.10747,1.10764,1.57,1.01
2018.04.18 11:12:42.861,1.10747,1.10764,1.00,1.01
2018.04.18 11:12:43.016,1.10747,1.10762,1.00,1.44
2018.04.18 11:12:43.222,1.10746,1.10763,1.01,1.45
2018.04.18 11:12:45.356,1.10746,1.10763,1.29,2.44
2018.04.18 11:12:45.842,1.10748,1.10764,1.19,1.20
2018.04.18 11:12:46.424,1.10749,1.10766,2.51,1.01
2018.04.18 11:12:47.875,1.1075,1.10766,1.76,1.20
2018.04.18 11:12:48.828,1.10749,1.10765,1.00,1.37
2018.04.18 11:12:48.880,1.10749,1.10764,1.00,1.19
2018.04.18 11:12:49.191,1.10749,1.10764,1.07,1.19
2018.04.18 11:12:50.006,1.10748,1.10764,1.39,1.87
2018.04.18 11:12:51.507,1.10746,1.10764,3.07,1.87
2018.04.18 11:12:51.971,1.10746,1.10764,3.07,1.87
2018.04.18 11:12:52.504,1.10753,1.10766,1.07,1.25
2018.04.18 11:12:52.992,1.10753,1.10769,1.70,1.69
2018.04.18 11:12:54.517,1.10753,1.10769,1.57,1.69
2018.04.18 11:12:57.786,1.10753,1.10769,1.57,1.69
2018.04.18 11:12:59.341,1.10754,1.10769,1.45,1.12
2018.04.18 11:13:00.138,1.10754,1.10768,1.45,1.00
2018.04.18 11:13:00.692,1.10754,1.10768,1.45,1.19
2018.04.18 11:13:01.356,1.10754,1.10768,1.07,1.44
2018.04.18 11:13:01.887,1.10754,1.10768,1.95,1.25
2018.04.18 11:13:03.610,1.10754,1.10768,1.95,1.25
2018.04.18 11:13:04.150,1.10755,1.1077,1.07,1.44
2018.04.18 11:13:04.839,1.10754,1.1077,1.95,1.37
2018.04.18 11:13:05.344,1.10754,1.10769,1.95,2.00
2018.04.18 11:13:08.269,1.10754,1.10769,1.95,2.00
2018.04.18 11:13:08.739,1.10754,1.10768,1.07,1.69
2018.04.18 11:13:08.794,1.10752,1.10768,1.07,3.94
2018.04.18 11:13:09.316,1.1075,1.10766,1.76,1.37
2018.04.18 11:13:10.017,1.1075,1.10766,1.76,1.37
2018.04.18 11:13:10.945,1.1075,1.10766,1.76,1.19
2018.04.18 11:13:11.853,1.1075,1.10766,1.10,1.87
2018.04.18 11:13:12.211,1.1075,1.10766,1.07,1.87
2018.04.18 11:13:12.743,1.10751,1.10766,1.07,1.69
2018.04.18 11:13:13.443,1.10749,1.10766,1.95,1.87
2018.04.18 11:13:14.750,1.10748,1.10766,2.32,5.44
2018.04.18 11:13:15.301,1.10749,1.10766,1.26,4.12
2018.04.18 11:13:16.293,1.10749,1.10765,1.39,1.12
2018.04.18 11:13:17.751,1.1075,1.10766,1.57,1.44
2018.04.18 11:13:18.933,1.10751,1.10766,1.32,1.44
2018.04.18 11:13:21.197,1.1075,1.10766,1.95,1.44
2018.04.18 11:13:22.344,1.1075,1.10766,1.95,1.12
2018.04.18 11:13:22.681,1.10752,1.10766,1.00,1.12
2018.04.18 11:13:23.803,1.10752,1.10766,1.69,1.00
2018.04.18 11:13:23.855,1.10753,1.10768,1.95,1.00
2018.04.18 11:13:24.893,1.10753,1.10768,1.95,1.25
2018.04.18 11:13:26.060,1.10755,1.10768,1.00,1.12
2018.04.18 11:13:26.731,1.10754,1.10768,1.25,1.12
2018.04.18 11:13:26.880,1.10752,1.10768,1.50,1.95
2018.04.18 11:13:27.402,1.10751,1.10766,1.19,1.32
2018.04.18 11:13:28.106,1.10751,1.10766,1.25,1.32
2018.04.18 11:13:29.562,1.1075,1.10766,1.69,1.45
2018.04.18 11:13:35.069,1.10749,1.10766,2.44,2.70
2018.04.18 11:13:37.620,1.10752,1.10766,1.25,1.44
2018.04.18 11:13:37.726,1.10751,1.10768,1.76,1.87
2018.04.18 11:13:38.254,1.10751,1.10767,2.51,1.20
2018.04.18 11:13:38.978,1.10751,1.10766,1.00,1.19
2018.04.18 11:13:39.498,1.10751,1.10767,1.00,3.26
2018.04.18 11:13:43.999,1.10751,1.10766,1.50,1.19
2018.04.18 11:13:44.404,1.10751,1.10764,1.00,1.44
2018.04.18 11:13:44.903,1.10751,1.10766,1.00,2.70
2018.04.18 11:13:45.223,1.10754,1.10767,1.50,1.32
2018.04.18 11:13:45.616,1.10757,1.10769,1.00,2.51
2018.04.18 11:13:46.182,1.10756,1.10769,1.50,2.51
2018.04.18 11:13:46.635,1.10756,1.10769,1.50,1.12
2018.04.18 11:13:51.576,1.10757,1.10769,1.00,1.25
2018.04.18 11:13:52.269,1.10758,1.10772,1.00,1.87
2018.04.18 11:13:53.172,1.10758,1.10773,1.25,1.76
2018.04.18 11:13:53.368,1.10756,1.10772,3.19,1.44
2018.04.18 11:13:53.913,1.10756,1.10771,2.44,1.19
2018.04.18 11:13:54.464,1.10756,1.10771,2.44,1.44
2018.04.18 11:13:55.024,1.10756,1.10771,1.00,1.69
2018.04.18 11:13:56.173,1.10756,1.10771,1.25,1.25
2018.04.18 11:14:01.160,1.10756,1.10771,1.00,1.76
2018.04.18 11:14:02.619,1.10756,1.10771,1.00,1.20
2018.04.18 11:14:04.905,1.10756,1.10771,2.32,1.19
2018.04.18 11:14:05.065,1.10756,1.10771,1.07,1.87
2018.04.18 11:14:05.118,1.10756,1.1077,1.00,1.76
2018.04.18 11:14:05.172,1.10756,1.10771,1.00,1.51
2018.04.18 11:14:05.225,1.10756,1.10768,1.00,1.00
2018.04.18 11:14:05.278,1.10756,1.1077,1.00,1.00
2018.04.18 11:14:05.331,1.10757,1.1077,1.19,1.00
2018.04.18 11:14:05.843,1.10757,1.1077,1.25,1.00
2018.04.18 11:14:06.104,1.10755,1.1077,1.01,1.19
2018.04.18 11:14:06.629,1.10756,1.1077,1.00,1.25
2018.04.18 11:14:07.373,1.10755,1.1077,1.25,1.69
2018.04.18 11:14:07.763,1.10755,1.1077,1.00,3.19
2018.04.18 11:14:08.197,1.10753,1.10769,1.00,3.26
2018.04.18 11:14:08.249,1.1075,1.10766,4.76,1.50
2018.04.18 11:14:08.589,1.10751,1.10765,1.10,1.75
2018.04.18 11:14:08.873,1.10751,1.10767,1.00,5.44
2018.04.18 11:14:09.408,1.10752,1.10767,1.10,3.19
2018.04.18 11:14:09.999,1.1075,1.10767,4.76,1.69
2018.04.18 11:14:10.762,1.10752,1.10767,1.25,3.19
2018.04.18 11:14:11.319,1.10752,1.10766,1.00,1.87
2018.04.18 11:14:11.897,1.10751,1.10766,1.00,1.20
2018.04.18 11:14:13.033,1.10751,1.10766,1.00,1.76
2018.04.18 11:14:13.643,1.10747,1.10765,4.20,2.44
2018.04.18 11:14:13.851,1.10748,1.10765,1.01,1.69
2018.04.18 11:14:14.078,1.10748,1.10763,1.10,2.44
2018.04.18 11:14:14.597,1.10746,1.10763,3.26,2.44
2018.04.18 11:14:15.010,1.10739,1.10755,1.07,1.69
2018.04.18 11:14:16.001,1.1074,1.10754,1.00,1.19
2018.04.18 11:14:16.157,1.1074,1.10756,1.00,1.01
2018.04.18 11:14:16.723,1.1074,1.10758,1.76,2.70
2018.04.18 11:14:17.299,1.1074,1.10758,1.29,2.70
2018.04.18 11:14:19.056,1.10742,1.10758,1.00,1.95
2018.04.18 11:14:19.573,1.10742,1.1076,1.76,2.51
2018.04.18 11:14:21.176,1.10744,1.1076,1.00,3.26
2018.04.18 11:14:22.046,1.10743,1.10761,1.76,4.01
2018.04.18 11:14:22.260,1.10743,1.10758,1.76,1.00
2018.04.18 11:14:23.576,1.10742,1.10758,2.51,1.19
2018.04.18 11:14:24.687,1.10742,1.10758,2.51,1.00
2018.04.18 11:14:24.853,1.10746,1.1076,1.25,1.20
2018.04.18 11:14:24.904,1.10748,1.10761,1.00,1.45
2018.04.18 11:14:25.210,1.10745,1.1076,1.29,1.44
2018.04.18 11:14:25.363,1.10745,1.10761,1.69,1.37
2018.04.18 11:14:25.517,1.10746,1.10761,2.51,1.25
2018.04.18 11:14:26.601,1.10746,1.10762,2.51,1.44
2018.04.18 11:14:31.775,1.10746,1.10761,2.32,1.19
2018.04.18 11:14:32.080,1.10746,1.1076,1.57,1.50
2018.04.18 11:14:32.628,1.10745,1.10759,1.10,1.44
2018.04.18 11:14:34.107,1.10744,1.10758,1.57,1.69
2018.04.18 11:14:34.656,1.10743,1.10758,1.50,2.44
2018.04.18 11:14:35.196,1.10743,1.10757,1.57,1.69
2018.04.18 11:14:37.125,1.10743,1.10758,1.10,1.69
2018.04.18 11:14:37.475,1.10743,1.10757,1.10,1.69
2018.04.18 11:14:37.981,1.10741,1.10756,3.07,2.44
2018.04.18 11:14:38.175,1.10744,1.10758,1.50,1.87
2018.04.18 11:14:38.228,1.10746,1.10758,1.50,1.00
2018.04.18 11:14:38.544,1.10746,1.1076,3.07,2.25
2018.04.18 11:14:38.813,1.10746,1.1076,1.00,3.19
2018.04.18 11:14:40.212,1.10746,1.1076,1.00,1.69
2018.04.18 11:14:41.220,1.10746,1.1076,1.00,1.69
2018.04.18 11:14:41.696,1.10748,1.1076,1.00,1.00
2018.04.18 11:14:42.115,1.10748,1.10763,2.32,1.44
2018.04.18 11:14:42.644,1.10748,1.10763,1.57,1.12
2018.04.18 11:14:43.191,1.10749,1.10763,1.10,1.44
2018.04.18 11:14:43.553,1.10753,1.10765,1.50,1.19
2018.04.18 11:14:43.763,1.1075,1.10765,1.01,2.44
2018.04.18 11:14:44.377,1.1075,1.10765,1.00,2.62
2018.04.18 11:14:46.681,1.1075,1.10762,1.50,1.69
2018.04.18 11:14:46.786,1.10746,1.10759,1.10,1.37
2018.04.18 11:14:47.335,1.10746,1.10758,1.00,1.44
2018.04.18 11:14:47.618,1.10744,1.10758,1.00,1.44
2018.04.18 11:14:47.773,1.10742,1.10755,1.32,1.19
2018.04.18 11:14:47.825,1.10741,1.10756,1.00,1.19
2018.04.18 11:14:48.353,1.10741,1.10756,1.57,1.50
2018.04.18 11:14:48.877,1.10741,1.10756,1.57,1.50
2018.04.18 11:14:50.133,1.10741,1.10757,2.32,1.44
2018.04.18 11:14:53.833,1.1074,1.10757,2.32,3.45
2018.04.18 11:14:54.084,1.1074,1.10755,1.00,3.19
2018.04.18 11:14:55.473,1.1074,1.10755,1.10,1.87
2018.04.18 11:14:58.366,1.10743,1.10755,1.50,1.00
2018.04.18 11:14:59.691,1.10743,1.10757,1.50,1.50
2018.04.18 11:15:00.033,1.10745,1.10757,1.00,1.50
2018.04.18 11:15:01.888,1.10745,1.10757,1.00,1.00
2018.04.18 11:15:02.398,1.10743,1.10757,1.57,1.00
2018.04.18 11:15:02.785,1.10745,1.10759,1.00,1.44
2018.04.18 11:15:03.098,1.10747,1.10759,1.00,1.25
2018.04.18 11:15:03.727,1.10746,1.10759,1.00,1.25
2018.04.18 11:15:04.330,1.10747,1.10759,1.00,1.25
2018.04.18 11:15:05.775,1.10746,1.10759,1.50,1.25
2018.04.18 11:15:06.648,1.10745,1.10759,1.25,1.25
2018.04.18 11:15:07.318,1.10746,1.10759,1.00,1.25
2018.04.18 11:15:07.695,1.10744,1.10759,1.01,1.44
2018.04.18 11:15:07.818,1.10744,1.10758,1.10,1.37
2018.04.18 11:15:07.973,1.10744,1.10759,1.50,1.44
2018.04.18 11:15:08.907,1.10744,1.10759,1.10,1.44
2018.04.18 11:15:10.172,1.10744,1.10759,1.50,1.12
2018.04.18 11:15:14.393,1.10748,1.10762,1.50,1.20
2018.04.18 11:15:14.444,1.10749,1.10762,1.00,1.25
2018.04.18 11:15:14.497,1.10751,1.10765,1.00,1.47
2018.04.18 11:15:15.030,1.10751,1.10764,1.00,1.19
2018.04.18 11:15:15.617,1.10751,1.10763,1.00,1.95
2018.04.18 11:15:15.942,1.10749,1.10763,1.00,1.95
2018.04.18 11:15:17.180,1.10748,1.10762,1.00,1.44
2018.04.18 11:15:17.319,1.10748,1.10759,1.00,1.44
2018.04.18 11:15:17.474,1.10744,1.10758,1.00,2.44
2018.04.18 11:15:17.987,1.10745,1.10759,1.00,2.70
2018.04.18 11:15:18.583,1.10745,1.10759,1.00,1.95
2018.04.18 11:15:19.095,1.10745,1.10758,1.00,1.37
2018.04.18 11:15:19.665,1.10744,1.10758,1.00,1.87
2018.04.18 11:15:20.212,1.10743,1.10758,1.57,2.44
2018.04.18 11:15:20.762,1.10744,1.10758,1.76,1.44
2018.04.18 11:15:21.074,1.10749,1.10759,1.00,1.19
2018.04.18 11:15:21.127,1.10749,1.10763,1.10,2.62
2018.04.18 11:15:21.667,1.10749,1.10763,2.25,1.37
2018.04.18 11:15:22.559,1.10749,1.10763,1.57,2.44
2018.04.18 11:15:23.900,1.10746,1.1076,1.57,1.12
2018.04.18 11:15:24.004,1.10746,1.1076,1.10,1.12
2018.04.18 11:15:24.211,1.10746,1.10759,1.00,1.87
2018.04.18 11:15:24.734,1.10745,1.10759,1.00,1.44
2018.04.18 11:15:25.274,1.10744,1.10759,3.26,1.00
2018.04.18 11:15:25.583,1.10747,1.10761,1.00,1.87
2018.04.18 11:15:29.647,1.10747,1.10761,1.10,1.12
2018.04.18 11:15:30.208,1.10749,1.10761,1.00,1.25
2018.04.18 11:15:31.956,1.1075,1.10763,1.00,1.00
2018.04.18 11:15:32.062,1.10752,1.10766,1.00,1.37
2018.04.18 11:15:34.246,1.10753,1.10767,1.00,1.69
2018.04.18 11:15:34.455,1.10753,1.10766,1.00,1.44
2018.04.18 11:15:34.996,1.10752,1.10766,1.10,1.44
2018.04.18 11:15:38.158,1.10751,1.10766,1.50,1.87
2018.04.18 11:15:38.501,1.10748,1.10762,1.57,1.19
2018.04.18 11:15:39.036,1.10748,1.10762,1.69,1.00
2018.04.18 11:15:40.184,1.10747,1.10762,2.70,1.50
2018.04.18 11:15:41.246,1.10747,1.10762,1.20,1.00
2018.04.18 11:15:41.806,1.10748,1.10762,1.00,1.00
2018.04.18 11:15:42.398,1.10746,1.10762,4.95,1.44
2018.04.18 11:15:42.552,1.10749,1.10765,1.76,1.37
2018.04.18 11:15:44.838,1.1075,1.10764,1.00,1.44
2018.04.18 11:15:45.279,1.1075,1.10763,1.50,1.87
2018.04.18 11:15:45.332,1.10747,1.10761,2.32,1.25
2018.04.18 11:15:47.687,1.10746,1.10761,2.32,1.69
2018.04.18 11:15:47.988,1.10746,1.10761,2.32,2.25
2018.04.18 11:15:48.169,1.10744,1.10759,1.10,1.87
2018.04.18 11:15:48.687,1.10745,1.10758,1.00,1.44
2018.04.18 11:15:49.291,1.10744,1.10759,1.50,1.69
2018.04.18 11:15:50.250,1.10744,1.10759,1.69,1.44
2018.04.18 11:15:51.912,1.10746,1.10759,1.00,1.44
2018.04.18 11:15:52.015,1.10744,1.10757,1.25,1.00
2018.04.18 11:15:52.198,1.10743,1.10757,1.50,1.87
2018.04.18 11:15:53.068,1.10743,1.10757,1.00,1.50
2018.04.18 11:15:53.602,1.10742,1.10757,1.00,1.87
2018.04.18 11:15:54.203,1.10742,1.10757,1.00,1.87
2018.04.18 11:15:56.250,1.10744,1.10757,1.00,1.87
2018.04.18 11:15:56.755,1.10744,1.10758,1.00,1.37
2018.04.18 11:15:57.456,1.1074,1.10756,1.20,2.44
2018.04.18 11:15:58.246,1.10739,1.10754,2.70,1.50
2018.04.18 11:15:58.560,1.10741,1.10754,1.19,1.00
2018.04.18 11:15:59.133,1.10741,1.10755,1.26,1.00
2018.04.18 11:16:00.228,1.10741,1.10755,1.10,1.00
2018.04.18 11:16:01.212,1.1074,1.10755,1.76,1.00
2018.04.18 11:16:01.722,1.10741,1.10755,1.00,1.25
2018.04.18 11:16:02.817,1.10742,1.10755,1.00,1.00
2018.04.18 11:16:03.421,1.10741,1.10755,1.57,1.00
2018.04.18 11:16:03.930,1.10741,1.10755,1.57,1.00
2018.04.18 11:16:09.254,1.10745,1.10755,1.00,1.00
2018.04.18 11:16:09.306,1.10745,1.10758,1.00,1.95
2018.04.18 11:16:09.359,1.10743,1.10756,1.69,1.25
2018.04.18 11:16:09.412,1.10742,1.10754,1.01,1.19
2018.04.18 11:16:09.466,1.1074,1.10754,2.25,1.87
2018.04.18 11:16:09.612,1.10738,1.10752,2.25,1.37
2018.04.18 11:16:10.292,1.10739,1.10753,1.00,2.44
2018.04.18 11:16:10.811,1.1074,1.10753,1.00,1.37
2018.04.18 11:16:11.354,1.1074,1.10753,1.00,1.25
2018.04.18 11:16:12.632,1.10739,1.10753,1.50,1.25
2018.04.18 11:16:13.151,1.10739,1.10753,1.00,1.44
2018.04.18 11:16:13.710,1.10738,1.10753,1.69,1.44
2018.04.18 11:16:14.163,1.10738,1.10752,1.10,1.19
2018.04.18 11:16:14.724,1.10737,1.10752,1.20,1.44
2018.04.18 11:16:18.559,1.10738,1.10753,1.19,1.87
2018.04.18 11:16:19.138,1.10736,1.10751,1.32,1.19
2018.04.18 11:16:19.651,1.10736,1.10751,1.25,1.19
2018.04.18 11:16:20.108,1.10736,1.10752,1.01,1.69
2018.04.18 11:16:20.210,1.10735,1.10751,1.95,1.19
2018.04.18 11:16:22.021,1.10737,1.1075,1.00,1.19
2018.04.18 11:16:23.908,1.10737,1.10752,1.00,2.70
2018.04.18 11:16:24.070,1.10733,1.10748,1.50,1.20
2018.04.18 11:16:24.176,1.10731,1.10746,1.07,1.44
2018.04.18 11:16:24.723,1.1073,1.10745,1.07,2.25
2018.04.18 11:16:25.262,1.10729,1.10745,1.01,1.50
2018.04.18 11:16:25.918,1.10729,1.10745,1.01,1.00
2018.04.18 11:16:26.538,1.10731,1.10746,1.00,1.87
2018.04.18 11:16:27.045,1.1073,1.10746,1.00,2.62
2018.04.18 11:16:27.375,1.1073,1.10746,1.00,3.94
2018.04.18 11:16:28.557,1.1073,1.10746,1.20,1.69
2018.04.18 11:16:29.095,1.10731,1.10746,1.00,1.87
2018.04.18 11:16:29.642,1.1073,1.10746,1.01,1.44
2018.04.18 11:16:30.728,1.1073,1.10746,1.32,1.44
2018.04.18 11:16:31.343,1.10731,1.10746,2.25,1.44
2018.04.18 11:16:32.369,1.10731,1.10746,2.51,1.87
2018.04.18 11:16:32.578,1.10731,1.10748,2.70,1.87
2018.04.18 11:16:33.091,1.10731,1.10746,2.32,1.19
2018.04.18 11:16:33.547,1.10731,1.10746,2.25,2.25
2018.04.18 11:16:34.075,1.10731,1.10746,1.57,2.25
2018.04.18 11:16:34.725,1.10731,1.10746,1.57,1.50
2018.04.18 11:16:34.935,1.1073,1.10744,1.00,1.44
2018.04.18 11:16:35.471,1.10728,1.10743,1.19,1.87
2018.04.18 11:16:35.523,1.10728,1.10743,1.00,1.87
2018.04.18 11:16:36.073,1.10727,1.10743,1.29,1.87
2018.04.18 11:16:37.065,1.10728,1.10743,1.32,1.87
2018.04.18 11:16:37.596,1.1073,1.10743,1.25,1.00
2018.04.18 11:16:38.188,1.1073,1.10743,1.32,1.00
2018.04.18 11:16:38.697,1.1073,1.10743,1.10,1.37
2018.04.18 11:16:40.739,1.1073,1.10743,1.00,1.25
2018.04.18 11:16:41.896,1.1073,1.10743,1.69,1.00
2018.04.18 11:16:42.418,1.10731,1.10745,1.25,1.44
2018.04.18 11:16:42.716,1.10729,1.10745,1.01,3.19
2018.04.18 11:16:43.091,1.10729,1.10742,1.29,1.00
2018.04.18 11:16:43.247,1.10729,1.10742,1.25,1.00
2018.04.18 11:16:52.421,1.10727,1.10743,1.76,1.87
2018.04.18 11:16:52.575,1.10727,1.1074,1.76,1.19
2018.04.18 11:16:53.115,1.10726,1.10741,1.10,1.44
2018.04.18 11:16:53.218,1.10727,1.10742,1.00,2.62
2018.04.18 11:16:53.731,1.10726,1.10741,3.07,1.37
2018.04.18 11:16:54.287,1.10727,1.10742,1.29,2.62
2018.04.18 11:16:55.424,1.10727,1.10742,1.10,1.44
2018.04.18 11:16:56.572,1.10724,1.10739,2.14,1.19
2018.04.18 11:16:56.639,1.10723,1.10738,1.76,1.12
2018.04.18 11:16:57.170,1.10722,1.10737,1.00,1.44
2018.04.18 11:16:57.711,1.10722,1.10736,1.50,1.69
2018.04.18 11:16:58.035,1.1072,1.10735,4.69,1.87
2018.04.18 11:16:58.731,1.1072,1.10735,1.19,1.12
2018.04.18 11:16:58.783,1.1072,1.10735,1.00,1.69
2018.04.18 11:16:59.308,1.10718,1.10733,1.76,1.25
2018.04.18 11:17:00.770,1.10721,1.10736,1.00,1.44
2018.04.18 11:17:01.075,1.10721,1.10736,1.00,2.44
2018.04.18 11:17:01.394,1.10719,1.10734,1.76,1.37
2018.04.18 11:17:01.498,1.10716,1.10731,1.76,1.37
2018.04.18 11:17:01.932,1.10716,1.10733,3.07,2.51
2018.04.18 11:17:02.149,1.10716,1.10733,4.01,2.62
2018.04.18 11:17:02.463,1.10717,1.10732,1.00,2.44
2018.04.18 11:17:03.417,1.10717,1.10732,1.10,1.87
2018.04.18 11:17:04.332,1.10717,1.10732,1.10,2.44
2018.04.18 11:17:04.618,1.10718,1.10733,1.10,1.12
2018.04.18 11:17:05.509,1.10718,1.10733,1.07,1.12
2018.04.18 11:17:06.838,1.10721,1.10735,1.25,1.87
2018.04.18 11:17:07.474,1.10721,1.10736,1.69,1.76
2018.04.18 11:17:07.969,1.10721,1.10735,1.25,1.19
2018.04.18 11:17:08.673,1.10721,1.10736,1.25,1.76
2018.04.18 11:17:09.954,1.10719,1.10735,1.76,1.76
2018.04.18 11:17:10.275,1.10718,1.10732,1.00,1.19
2018.04.18 11:17:10.808,1.10717,1.10732,1.69,1.69
2018.04.18 11:17:11.130,1.10719,1.10733,1.00,1.44
2018.04.18 11:17:11.493,1.10726,1.10739,1.01,1.00
2018.04.18 11:17:12.161,1.10725,1.10739,1.10,1.69
2018.04.18 11:17:12.685,1.10724,1.10738,1.07,1.19
2018.04.18 11:17:13.355,1.10724,1.10737,1.07,1.19
2018.04.18 11:17:13.859,1.10724,1.10738,1.10,1.44
2018.04.18 11:17:21.378,1.10724,1.10739,1.29,1.44
2018.04.18 11:17:21.891,1.10724,1.10739,1.07,1.69
2018.04.18 11:17:22.655,1.10724,1.10739,1.32,1.87
2018.04.18 11:17:23.275,1.10725,1.10739,1.32,1.00
2018.04.18 11:17:23.815,1.10724,1.10739,1.51,1.19
2018.04.18 11:17:25.208,1.10724,1.10739,1.26,1.25
2018.04.18 11:17:25.744,1.10726,1.10739,1.07,1.25
2018.04.18 11:17:27.442,1.10726,1.10739,1.07,1.19
2018.04.18 11:17:28.411,1.10725,1.10739,1.32,1.19
2018.04.18 11:17:29.203,1.10725,1.10739,1.10,1.44
2018.04.18 11:17:29.513,1.10724,1.10739,1.07,2.44
2018.04.18 11:17:30.467,1.10723,1.10739,1.20,2.44
2018.04.18 11:17:32.538,1.10723,1.10739,1.51,1.25
2018.04.18 11:17:32.640,1.10724,1.10739,1.76,1.75
2018.04.18 11:17:33.141,1.10725,1.10739,1.32,1.19
2018.04.18 11:17:33.951,1.10725,1.10739,1.32,1.19
2018.04.18 11:17:35.334,1.10725,1.10739,1.01,1.19
2018.04.18 11:17:38.092,1.10722,1.10739,1.95,4.01
2018.04.18 11:17:38.144,1.10722,1.10737,1.32,1.87
2018.04.18 11:17:38.702,1.10721,1.10737,1.26,1.69
2018.04.18 11:17:39.994,1.10723,1.10737,1.00,1.44
2018.04.18 11:17:40.646,1.10722,1.10737,1.01,1.19
2018.04.18 11:17:41.182,1.10723,1.10737,1.00,1.19
2018.04.18 11:17:41.758,1.10723,1.10738,1.00,1.87
2018.04.18 11:17:41.984,1.10723,1.10737,1.00,1.19
2018.04.18 11:17:42.912,1.10722,1.10734,1.19,1.19
2018.04.18 11:17:43.660,1.10722,1.10736,1.19,1.19
2018.04.18 11:17:44.319,1.10722,1.10736,1.00,1.19
2018.04.18 11:17:46.036,1.10722,1.10737,1.00,2.62
2018.04.18 11:17:50.120,1.10722,1.10737,1.19,3.37
2018.04.18 11:17:51.316,1.10721,1.10737,1.10,3.37
2018.04.18 11:17:51.647,1.10721,1.10735,1.10,1.19
2018.04.18 11:17:51.975,1.10721,1.10737,1.10,3.37
2018.04.18 11:17:54.098,1.10721,1.10736,1.07,1.44
2018.04.18 11:17:54.626,1.10721,1.10736,1.10,1.44
2018.04.18 11:17:56.348,1.10722,1.10737,1.00,1.87
2018.04.18 11:17:56.957,1.10721,1.10737,1.07,1.12
2018.04.18 11:17:57.430,1.1072,1.10735,1.32,1.19
2018.04.18 11:17:59.013,1.1072,1.10735,1.10,1.44
2018.04.18 11:17:59.126,1.10718,1.10734,3.26,1.87
2018.04.18 11:17:59.488,1.10719,1.10734,1.32,1.37
2018.04.18 11:18:00.626,1.1072,1.10734,1.07,1.25
2018.04.18 11:18:04.009,1.10719,1.10734,1.01,1.19
2018.04.18 11:18:04.566,1.10718,1.10734,1.26,1.69
2018.04.18 11:18:06.098,1.10718,1.10734,1.26,2.62
2018.04.18 11:18:06.306,1.10721,1.10734,1.01,1.00
2018.04.18 11:18:06.432,1.10721,1.10733,1.01,1.19
2018.04.18 11:18:07.647,1.1072,1.10733,1.01,1.19
2018.04.18 11:18:08.879,1.1072,1.10734,1.07,1.87
2018.04.18 11:18:09.417,1.10721,1.10734,1.26,1.00
2018.04.18 11:18:09.529,1.10723,1.10737,1.25,1.25
2018.04.18 11:18:09.582,1.10726,1.1074,1.25,2.62
2018.04.18 11:18:09.780,1.10723,1.10737,1.25,1.25
2018.04.18 11:18:10.287,1.10723,1.10738,1.19,2.62
2018.04.18 11:18:10.797,1.10722,1.10738,1.95,2.62
2018.04.18 11:18:11.867,1.10721,1.10737,1.95,1.19
2018.04.18 11:18:12.761,1.10721,1.10737,1.26,1.69
2018.04.18 11:18:14.169,1.1072,1.10737,1.61,2.62
2018.04.18 11:18:18.130,1.1072,1.10737,1.61,2.62
2018.04.18 11:18:21.359,1.1072,1.10736,1.61,1.44
2018.04.18 11:18:25.433,1.10721,1.10736,1.00,3.19
2018.04.18 11:18:25.747,1.10721,1.10736,1.51,1.12
2018.04.18 11:18:28.672,1.10721,1.10738,1.95,1.69
2018.04.18 11:18:28.775,1.10721,1.10738,1.95,3.00
2018.04.18 11:18:29.297,1.10723,1.10738,1.00,3.00
2018.04.18 11:18:30.089,1.10722,1.10737,1.01,1.19
2018.04.18 11:18:32.344,1.10722,1.10737,1.01,1.69
2018.04.18 11:18:32.824,1.1072,1.10734,1.07,1.37
2018.04.18 11:18:32.927,1.10718,1.10734,1.51,1.44
2018.04.18 11:18:33.529,1.10718,1.10734,1.95,1.12
2018.04.18 11:18:33.581,1.10717,1.10734,1.95,2.51
2018.04.18 11:18:33.979,1.10717,1.10732,1.01,2.25
2018.04.18 11:18:34.859,1.10717,1.10732,1.01,1.69
2018.04.18 11:18:35.866,1.10713,1.1073,1.95,1.25
2018.04.18 11:18:36.229,1.10716,1.10729,1.51,1.00
2018.04.18 11:18:36.992,1.10716,1.10732,1.51,1.50
2018.04.18 11:18:37.535,1.10717,1.10732,1.01,1.00
2018.04.18 11:18:42.225,1.10717,1.10732,1.32,1.00
2018.04.18 11:18:45.942,1.10717,1.10732,1.51,1.00
2018.04.18 11:18:46.450,1.1072,1.10732,1.00,1.00
2018.04.18 11:18:51.279,1.1072,1.10733,1.10,1.00
2018.04.18 11:18:51.793,1.10719,1.10733,1.25,1.19
2018.04.18 11:18:52.637,1.10718,1.10733,1.01,1.19
2018.04.18 11:18:54.573,1.10718,1.10733,1.07,1.44
2018.04.18 11:18:57.108,1.10718,1.10733,1.26,1.12
2018.04.18 11:19:00.542,1.10718,1.10733,1.32,1.00
2018.04.18 11:19:11.256,1.10718,1.10732,1.26,1.00
2018.04.18 11:19:11.749,1.1072,1.10733,1.19,1.25
2018.04.18 11:19:11.995,1.10726,1.10739,1.10,1.00
2018.04.18 11:19:12.254,1.10728,1.10741,1.25,1.19
2018.04.18 11:19:12.358,1.10728,1.10742,1.01,1.87
2018.04.18 11:19:12.567,1.10728,1.10742,1.47,1.50
2018.04.18 11:19:13.725,1.1073,1.10742,1.20,1.00
2018.04.18 11:19:14.115,1.1073,1.10744,1.45,1.00
2018.04.18 11:19:14.779,1.1073,1.10746,1.45,1.87
2018.04.18 11:19:15.553,1.10731,1.10746,1.20,1.37
2018.04.18 11:19:15.784,1.10729,1.10745,1.32,1.44
2018.04.18 11:19:15.835,1.10729,1.10745,1.01,1.44
2018.04.18 11:19:15.937,1.10729,1.10745,1.20,1.87
2018.04.18 11:19:16.090,1.10728,1.10743,1.47,1.25
2018.04.18 11:19:16.434,1.10728,1.10743,1.19,3.94
2018.04.18 11:19:17.124,1.10728,1.10743,1.25,3.94
2018.04.18 11:19:17.692,1.10727,1.10742,1.00,1.69
2018.04.18 11:19:18.031,1.10725,1.1074,1.25,1.87
2018.04.18 11:19:18.662,1.10726,1.1074,1.00,1.44
2018.04.18 11:19:20.132,1.10726,1.1074,1.00,1.12
2018.04.18 11:19:23.490,1.10726,1.1074,1.00,1.44
2018.04.18 11:19:24.011,1.10724,1.1074,1.51,1.44
2018.04.18 11:19:24.513,1.10726,1.1074,1.10,1.44
2018.04.18 11:19:24.896,1.10726,1.1074,1.26,1.00
2018.04.18 11:19:25.419,1.10728,1.10743,1.07,3.37
2018.04.18 11:19:25.660,1.10729,1.10743,1.29,2.25
2018.04.18 11:19:27.273,1.10729,1.10743,1.10,1.50
2018.04.18 11:19:28.521,1.10728,1.10743,1.01,2.25
2018.04.18 11:19:29.594,1.10729,1.10743,1.00,1.00
2018.04.18 11:19:30.154,1.10726,1.10742,1.45,1.25
2018.04.18 11:19:30.603,1.10725,1.10741,1.26,1.19
2018.04.18 11:19:33.682,1.10726,1.10742,1.26,1.25
2018.04.18 11:19:34.206,1.1073,1.10744,1.00,1.50
2018.04.18 11:19:35.138,1.10729,1.10744,1.51,1.19
2018.04.18 11:19:35.661,1.10731,1.10746,1.10,3.19
2018.04.18 11:19:38.042,1.10729,1.10746,1.45,1.87
2018.04.18 11:19:39.411,1.10729,1.10746,2.32,2.44
2018.04.18 11:19:45.881,1.10733,1.10746,1.01,1.00
2018.04.18 11:19:46.401,1.1073,1.10746,2.51,1.00
2018.04.18 11:19:46.910,1.1073,1.10745,1.45,1.00
2018.04.18 11:19:48.639,1.1073,1.10745,1.26,1.69
2018.04.18 11:19:48.976,1.10728,1.10744,1.01,1.87
2018.04.18 11:19:53.367,1.10728,1.10743,1.25,2.44
2018.04.18 11:20:00.206,1.10726,1.10741,1.26,1.00
2018.04.18 11:20:00.258,1.10725,1.10741,1.76,1.19
2018.04.18 11:20:00.310,1.10725,1.1074,1.01,2.62
2018.04.18 11:20:04.731,1.10725,1.10738,1.69,1.00
2018.04.18 11:20:04.784,1.10725,1.10738,1.25,1.00
2018.04.18 11:20:04.839,1.10725,1.1074,1.19,1.25
2018.04.18 11:20:04.997,1.10723,1.10737,1.47,1.00
2018.04.18 11:20:06.034,1.10723,1.10737,1.20,1.00
2018.04.18 11:20:06.535,1.10725,1.10737,1.00,1.00
2018.04.18 11:20:07.068,1.10726,1.10741,1.44,1.25
2018.04.18 11:20:09.766,1.10726,1.10742,1.20,1.69
2018.04.18 11:20:09.975,1.10729,1.10742,1.00,1.00
2018.04.18 11:20:10.232,1.10727,1.10742,1.12,1.00
2018.04.18 11:20:10.761,1.10728,1.10742,1.10,1.00
2018.04.18 11:20:12.453,1.10729,1.10742,1.00,1.00
2018.04.18 11:20:13.340,1.1073,1.10742,1.00,1.00
2018.04.18 11:20:13.601,1.1073,1.10745,1.00,1.10
2018.04.18 11:20:14.142,1.10729,1.10745,1.44,2.44
2018.04.18 11:20:14.246,1.10729,1.10745,1.25,3.45
2018.04.18 11:20:14.869,1.10731,1.10745,1.00,1.01
2018.04.18 11:20:15.261,1.10731,1.10745,1.00,1.76
2018.04.18 11:20:15.313,1.10729,1.10745,1.01,1.76
2018.04.18 11:20:15.487,1.10729,1.10745,1.10,1.20
2018.04.18 11:20:15.699,1.10731,1.10744,1.00,1.00
2018.04.18 11:20:16.199,1.10729,1.10744,1.00,1.01
2018.04.18 11:20:16.938,1.1073,1.10745,1.25,1.69
2018.04.18 11:20:17.475,1.10731,1.10745,1.01,1.00
2018.04.18 11:20:17.527,1.10731,1.10745,1.32,1.50
2018.04.18 11:20:18.133,1.10731,1.10745,1.01,1.50
2018.04.18 11:20:18.741,1.10731,1.10745,1.25,1.19
2018.04.18 11:20:19.051,1.10732,1.10745,1.51,1.00
2018.04.18 11:20:19.429,1.10731,1.10745,1.47,1.00
2018.04.18 11:20:19.845,1.10733,1.10747,1.29,2.25
2018.04.18 11:20:21.310,1.10733,1.10747,1.29,1.19
2018.04.18 11:20:21.650,1.10731,1.10745,1.20,1.50
2018.04.18 11:20:21.753,1.10729,1.10745,1.32,1.69
2018.04.18 11:20:22.273,1.1073,1.10745,1.00,3.19
2018.04.18 11:20:23.322,1.1073,1.10745,1.00,3.19
2018.04.18 11:20:25.250,1.1073,1.10745,1.00,1.87
2018.04.18 11:20:26.435,1.1073,1.10744,1.10,1.75
2018.04.18 11:20:26.940,1.10729,1.10745,1.44,3.19
2018.04.18 11:20:27.488,1.10729,1.10745,1.19,2.44
2018.04.18 11:20:27.798,1.10729,1.10745,1.19,3.19
2018.04.18 11:20:28.587,1.10729,1.10744,1.19,1.19
2018.04.18 11:20:29.940,1.10728,1.10744,2.70,2.44
2018.04.18 11:20:31.075,1.10728,1.10744,1.76,1.76
2018.04.18 11:20:32.307,1.10728,1.10744,1.57,1.29
2018.04.18 11:20:32.952,1.10729,1.10744,1.00,1.20
2018.04.18 11:20:33.494,1.10728,1.10744,2.32,1.47
2018.04.18 11:20:33.975,1.10729,1.10744,1.19,1.20
2018.04.18 11:20:34.495,1.10729,1.10745,1.32,1.44
2018.04.18 11:20:35.008,1.10729,1.10745,1.10,1.47
2018.04.18 11:20:35.061,1.10729,1.10745,1.10,1.47
2018.04.18 11:20:35.668,1.10729,1.10745,1.76,1.47
2018.04.18 11:20:36.996,1.1073,1.10745,1.25,1.01
2018.04.18 11:20:37.339,1.10731,1.10746,1.19,1.76
2018.04.18 11:20:37.554,1.10728,1.10746,1.87,1.51
2018.04.18 11:20:37.866,1.10733,1.10747,1.00,1.00
2018.04.18 11:20:38.413,1.10732,1.10747,1.25,1.69
2018.04.18 11:20:39.024,1.10733,1.10747,1.50,1.00
2018.04.18 11:20:39.394,1.10732,1.10746,1.00,1.37
2018.04.18 11:20:39.447,1.1073,1.10746,1.76,1.69
2018.04.18 11:20:39.501,1.1073,1.10745,1.57,1.75
2018.04.18 11:20:40.051,1.10729,1.10745,2.25,1.75
2018.04.18 11:20:40.594,1.10729,1.10745,2.44,1.50
2018.04.18 11:20:42.740,1.1073,1.10745,1.25,1.19
2018.04.18 11:20:42.887,1.1073,1.10745,1.00,1.25
2018.04.18 11:20:44.062,1.1073,1.10745,1.69,1.29
2018.04.18 11:20:44.631,1.1073,1.10745,1.50,1.29
2018.04.18 11:20:46.701,1.10729,1.10745,2.32,1.75
2018.04.18 11:20:47.233,1.10728,1.10744,4.01,1.29
2018.04.18 11:20:48.084,1.10728,1.10744,1.76,1.76
2018.04.18 11:20:48.497,1.1073,1.10745,1.00,1.76
2018.04.18 11:20:49.026,1.1073,1.10745,1.00,1.76
2018.04.18 11:20:49.133,1.10734,1.10747,1.00,1.00
2018.04.18 11:20:49.555,1.10733,1.10747,1.25,1.50
2018.04.18 11:20:49.714,1.10734,1.10748,1.00,1.01
2018.04.18 11:20:49.818,1.10733,1.10748,1.50,3.19
2018.04.18 11:20:50.079,1.10732,1.10748,1.25,2.51
2018.04.18 11:20:51.189,1.10732,1.10748,3.00,1.12
2018.04.18 11:20:51.399,1.10734,1.10748,1.69,1.25
2018.04.18 11:20:51.949,1.10733,1.10748,1.76,1.25
2018.04.18 11:20:52.465,1.10734,1.10748,1.76,1.00
2018.04.18 11:20:52.998,1.10733,1.10747,1.25,1.12
2018.04.18 11:20:53.154,1.10731,1.10747,1.01,1.44
2018.04.18 11:20:53.206,1.10731,1.10747,1.01,2.44
2018.04.18 11:20:54.175,1.1073,1.10745,1.00,1.44
2018.04.18 11:20:54.676,1.10728,1.10743,1.76,1.12
2018.04.18 11:20:55.242,1.10728,1.10743,1.29,2.00
2018.04.18 11:20:55.745,1.10728,1.10744,1.50,2.51
2018.04.18 11:20:57.664,1.10728,1.10744,1.19,3.26
2018.04.18 11:20:57.820,1.1073,1.10744,1.00,1.10
2018.04.18 11:20:58.754,1.1073,1.10744,1.00,1.29
2018.04.18 11:20:59.258,1.1073,1.10744,1.00,2.32
2018.04.18 11:21:01.384,1.10728,1.10744,1.69,2.32
2018.04.18 11:21:03.115,1.10728,1.10744,1.69,2.32
2018.04.18 11:21:03.855,1.10729,1.10744,1.00,2.32
2018.04.18 11:21:04.845,1.10729,1.10744,1.00,1.01
2018.04.18 11:21:05.298,1.1073,1.10745,1.76,1.50
2018.04.18 11:21:05.607,1.10733,1.10747,1.00,1.76
2018.04.18 11:21:06.374,1.10733,1.10747,1.00,1.29
2018.04.18 11:21:06.918,1.10733,1.10748,1.69,2.51
2018.04.18 11:21:07.465,1.10733,1.10747,1.00,1.20
2018.04.18 11:21:09.113,1.10735,1.10748,1.00,1.69
2018.04.18 11:21:09.167,1.10736,1.10749,1.00,1.19
2018.04.18 11:21:09.327,1.10738,1.10749,1.25,1.00
2018.04.18 11:21:09.865,1.10737,1.10749,1.00,1.00
2018.04.18 11:21:10.404,1.10736,1.10749,1.25,1.00
2018.04.18 11:21:10.598,1.10734,1.10749,1.87,1.87
2018.04.18 11:21:11.013,1.10734,1.10745,1.50,1.50
2018.04.18 11:21:11.354,1.10732,1.10746,1.25,2.25
2018.04.18 11:21:12.170,1.10732,1.10747,1.25,1.82
2018.04.18 11:21:12.694,1.1073,1.10745,2.62,1.95
2018.04.18 11:21:13.304,1.1073,1.10745,2.44,2.32
2018.04.18 11:21:14.745,1.10731,1.10746,1.00,2.51
2018.04.18 11:21:15.679,1.10731,1.10746,1.25,1.76
2018.04.18 11:21:17.147,1.1073,1.10745,1.69,1.20
2018.04.18 11:21:17.691,1.10728,1.10745,2.25,2.51
2018.04.18 11:21:17.744,1.10727,1.10743,1.57,1.29
2018.04.18 11:21:18.265,1.10728,1.10744,1.69,1.76
2018.04.18 11:21:18.686,1.1073,1.10744,1.00,1.01
2018.04.18 11:21:19.134,1.10731,1.10745,1.00,1.20
2018.04.18 11:21:19.764,1.1073,1.10745,1.00,1.76
2018.04.18 11:21:20.265,1.1073,1.10746,1.69,1.25
2018.04.18 11:21:20.814,1.10731,1.10746,1.54,1.25
2018.04.18 11:21:22.505,1.10731,1.10746,1.10,1.44
2018.04.18 11:21:22.564,1.10734,1.10748,1.00,2.25
2018.04.18 11:21:22.670,1.10733,1.10749,1.95,1.10
2018.04.18 11:21:22.775,1.10736,1.1075,1.25,1.20
2018.04.18 11:21:23.322,1.10737,1.10752,1.69,1.76
2018.04.18 11:21:23.632,1.10739,1.10753,1.69,1.12
2018.04.18 11:21:23.684,1.10741,1.10753,1.25,1.00
2018.04.18 11:21:23.788,1.10741,1.10757,1.87,1.50
2018.04.18 11:21:24.057,1.10742,1.10757,1.69,1.69
2018.04.18 11:21:24.637,1.10742,1.10757,1.44,1.95
2018.04.18 11:21:25.167,1.10741,1.10757,1.44,1.32
2018.04.18 11:21:26.724,1.10742,1.10758,1.69,3.26
2018.04.18 11:21:27.238,1.10742,1.10757,1.25,1.32
2018.04.18 11:21:27.782,1.10742,1.10757,1.95,1.00
2018.04.18 11:21:28.288,1.10742,1.10757,1.76,1.25
2018.04.18 11:21:28.609,1.10738,1.10753,1.76,1.50
2018.04.18 11:21:29.739,1.10737,1.10752,1.25,1.20
2018.04.18 11:21:30.228,1.10739,1.10754,1.00,2.51
2018.04.18 11:21:30.910,1.10738,1.10752,1.25,1.25
2018.04.18 11:21:31.244,1.1074,1.10752,1.00,1.25
2018.04.18 11:21:31.869,1.10739,1.10753,1.00,1.26
2018.04.18 11:21:32.868,1.10738,1.10752,1.00,1.25
2018.04.18 11:21:33.394,1.10737,1.10754,1.69,4.01
2018.04.18 11:21:33.960,1.10737,1.10753,1.00,1.47
2018.04.18 11:21:34.300,1.10739,1.10754,1.50,1.12
2018.04.18 11:21:34.764,1.10739,1.10754,1.50,2.51
2018.04.18 11:21:34.919,1.10735,1.1075,1.69,1.69
2018.04.18 11:21:35.336,1.10734,1.1075,2.51,1.76
2018.04.18 11:21:35.756,1.10735,1.10751,1.69,1.69
2018.04.18 11:21:35.918,1.10738,1.10752,1.00,1.20
2018.04.18 11:21:35.970,1.10736,1.10752,2.70,1.12
2018.04.18 11:21:36.174,1.10735,1.10749,1.25,1.25
2018.04.18 11:21:37.074,1.10734,1.10749,1.19,1.32
2018.04.18 11:21:37.334,1.10733,1.10748,1.25,1.10
2018.04.18 11:21:39.110,1.10735,1.10751,1.25,2.14
2018.04.18 11:21:39.656,1.10736,1.1075,1.00,1.20
2018.04.18 11:21:41.345,1.10735,1.10751,1.25,1.51
2018.04.18 11:21:41.676,1.10738,1.10753,1.50,1.76
2018.04.18 11:21:41.732,1.1074,1.10753,1.25,1.01
2018.04.18 11:21:41.787,1.10743,1.10759,1.87,1.69
2018.04.18 11:21:41.915,1.10747,1.10762,1.50,1.51
2018.04.18 11:21:42.455,1.10746,1.1076,1.25,1.29
2018.04.18 11:21:42.808,1.10743,1.1076,1.31,3.07
2018.04.18 11:21:43.068,1.10742,1.10757,1.25,1.95
2018.04.18 11:21:43.276,1.10743,1.10756,1.19,1.00
2018.04.18 11:21:43.710,1.10739,1.10754,3.00,1.19
2018.04.18 11:21:43.764,1.10742,1.10755,1.25,1.00
2018.04.18 11:21:44.314,1.1074,1.10755,1.19,1.01
2018.04.18 11:21:44.796,1.10739,1.10755,2.44,1.51
2018.04.18 11:21:45.319,1.10739,1.10755,2.44,1.51
2018.04.18 11:21:45.852,1.1074,1.10755,1.19,1.95
2018.04.18 11:21:46.208,1.10739,1.10754,1.69,2.14
2018.04.18 11:21:46.820,1.10738,1.10752,1.19,1.10
2018.04.18 11:21:47.536,1.10738,1.10754,1.19,1.51
2018.04.18 11:21:48.052,1.1074,1.10754,1.19,1.01
2018.04.18 11:21:48.158,1.10739,1.10755,1.25,1.45
2018.04.18 11:21:48.679,1.10738,1.10753,1.69,1.51
2018.04.18 11:21:49.996,1.10738,1.10754,1.19,1.51
2018.04.18 11:21:50.525,1.1074,1.10755,1.00,1.20
2018.04.18 11:21:51.073,1.1074,1.10755,1.00,1.20
2018.04.18 11:21:51.476,1.10741,1.10755,1.19,1.10
2018.04.18 11:21:52.548,1.10741,1.10756,1.19,1.10
2018.04.18 11:21:53.545,1.10741,1.10756,3.94,1.19
2018.04.18 11:21:55.094,1.10742,1.10756,1.25,1.76
2018.04.18 11:21:55.865,1.10741,1.10756,4.69,1.76
2018.04.18 11:21:56.271,1.10744,1.10756,2.25,1.00
2018.04.18 11:21:56.909,1.10744,1.10758,1.50,1.19
2018.04.18 11:21:57.234,1.10745,1.10758,1.19,1.00
2018.04.18 11:21:57.900,1.10745,1.1076,1.19,1.95
2018.04.18 11:21:59.214,1.10745,1.1076,1.19,1.95
2018.04.18 11:21:59.517,1.1075,1.10765,2.44,1.39
2018.04.18 11:21:59.726,1.1075,1.10766,3.19,1.26
2018.04.18 11:21:59.987,1.10749,1.10763,1.19,1.19
2018.04.18 11:22:00.143,1.10747,1.10762,1.69,1.47
2018.04.18 11:22:01.389,1.10746,1.10761,1.25,1.26
2018.04.18 11:22:02.586,1.10744,1.1076,3.00,1.69
2018.04.18 11:22:02.691,1.10744,1.1076,2.25,1.01
2018.04.18 11:22:02.897,1.10743,1.1076,3.94,1.20
2018.04.18 11:22:03.467,1.10745,1.1076,1.00,1.95
2018.04.18 11:22:04.657,1.10745,1.1076,1.19,1.76
2018.04.18 11:22:04.812,1.10744,1.1076,1.57,1.76
2018.04.18 11:22:05.378,1.10743,1.10758,1.50,1.07
2018.04.18 11:22:06.184,1.10741,1.10758,3.94,1.95
2018.04.18 11:22:07.369,1.10742,1.10757,2.62,1.50
2018.04.18 11:22:08.075,1.10743,1.10757,1.00,1.00
2018.04.18 11:22:08.438,1.10743,1.10759,2.25,1.20
2018.04.18 11:22:08.543,1.10746,1.10761,2.44,2.32
2018.04.18 11:22:08.701,1.10747,1.10765,2.44,2.32
2018.04.18 11:22:09.304,1.10747,1.10762,2.44,1.10
2018.04.18 11:22:09.917,1.10747,1.10763,2.25,1.51
2018.04.18 11:22:10.139,1.10751,1.10766,1.25,1.45
2018.04.18 11:22:10.517,1.10748,1.10763,3.00,1.32
2018.04.18 11:22:10.570,1.10748,1.10763,1.69,1.32
2018.04.18 11:22:11.637,1.10747,1.10764,1.69,2.70
2018.04.18 11:22:12.139,1.10747,1.10763,2.25,1.20
2018.04.18 11:22:12.892,1.10747,1.10764,1.69,2.32
2018.04.18 11:22:13.108,1.10749,1.10764,1.87,1.10
2018.04.18 11:22:13.428,1.10746,1.1076,1.19,1.57
2018.04.18 11:22:13.481,1.10744,1.10759,1.44,1.29
2018.04.18 11:22:13.775,1.10742,1.10758,1.50,1.95
2018.04.18 11:22:14.310,1.10741,1.10756,1.25,1.00
2018.04.18 11:22:14.836,1.10742,1.10757,1.00,1.20
2018.04.18 11:22:15.429,1.10741,1.10756,1.25,1.07
2018.04.18 11:22:16.705,1.10741,1.10755,1.25,1.29
2018.04.18 11:22:17.081,1.10738,1.10751,2.44,1.19
2018.04.18 11:22:17.597,1.10736,1.10749,4.69,1.19
2018.04.18 11:22:18.100,1.10737,1.10749,1.19,1.19
2018.04.18 11:22:18.431,1.10737,1.10751,1.25,1.19
2018.04.18 11:22:18.587,1.10739,1.10753,3.94,1.29
